{"gold_per_floor":[112,112,112,126,144,144,171,191,191,42,42],"floor_reached":11,"playtime":439,"items_purged":["Strike_G"],"score":99,"play_id":"8d8eda65-f89c-4fd6-af91-f84b32af3605","local_time":"20190219171550","is_ascension_mode":true,"campfire_choices":[{"data":"Cloak And Dagger","floor":6,"key":"SMITH"}],"neow_cost":"NONE","seed_source_timestamp":1149677111832400,"circlet_count":0,"master_deck":["Defend_G","Defend_G","Defend_G","Defend_G","Defend_G","Strike_G","Strike_G","Strike_G","Survivor","Neutralize","Cloak And Dagger+1","Accuracy","PiercingWail","Dodge and Roll","Accuracy","Accuracy"],"relics":["Ring of the Snake","Unceasing Top","Shovel"],"potions_floor_usage":[],"damage_taken":[{"damage":10,"enemies":"Jaw Worm","floor":1,"turns":7},{"damage":0,"enemies":"2 Louse","floor":4,"turns":3},{"damage":7,"enemies":"Cultist","floor":5,"turns":6},{"damage":26,"enemies":"Gremlin Nob","floor":7,"turns":5},{"damage":0,"enemies":"Blue Slaver","floor":8,"turns":6},{"damage":26,"enemies":"Large Slime","floor":11,"turns":7}],"seed_played":"8006239844145025028","potions_obtained":[{"floor":4,"key":"Energy Potion"}],"is_trial":false,"path_per_floor":["M","?","?","M","M","R","E","M","T","$","M"],"character_chosen":"THE_SILENT","items_purchased":["Accuracy"],"campfire_rested":0,"item_purchase_floors":[10],"current_hp_per_floor":[60,60,53,53,46,46,20,20,20,20,0],"gold":42,"neow_bonus":"TEN_PERCENT_HP_BONUS","is_prod":false,"is_daily":false,"chose_seed":false,"campfire_upgraded":1,"win_rate":0,"timestamp":1550625350,"path_taken":["M","?","?","M","M","R","E","M","T","$","M"],"build_version":"2019-01-23","purchased_purges":1,"victory":false,"max_hp_per_floor":[77,77,77,77,77,77,77,77,77,77,77],"card_choices":[{"not_picked":["Bouncing Flask","Poisoned Stab"],"picked":"Cloak And Dagger","floor":1},{"not_picked":["Slice","Crippling Poison"],"picked":"Accuracy","floor":4},{"not_picked":["Deadly Poison","Concentrate"],"picked":"PiercingWail","floor":5},{"not_picked":["Heel Hook","Predator"],"picked":"Dodge and Roll","floor":7},{"not_picked":["Predator","Masterful Stab"],"picked":"Accuracy","floor":8}],"player_experience":739314,"relics_obtained":[{"floor":7,"key":"Unceasing Top"},{"floor":9,"key":"Shovel"}],"event_choices":[{"damage_healed":0,"gold_gain":0,"player_choice":"Ignored","damage_taken":0,"max_hp_gain":0,"max_hp_loss":0,"event_name":"Liars Game","floor":2,"gold_loss":0},{"cards_removed":["Strike_G"],"damage_healed":0,"gold_gain":0,"player_choice":"Card Removal","damage_taken":7,"max_hp_gain":0,"max_hp_loss":0,"event_name":"Golden Wing","floor":3,"gold_loss":0}],"is_beta":false,"boss_relics":[],"items_purged_floors":[10],"is_endless":false,"potions_floor_spawned":[4],"killed_by":"Large Slime","ascension_level":7}