{"gold_per_floor":[417,296,311,38,38,38,52,52,75,85,102,113,113,113,113,208,208,225,242,259,269,280,280,26,26,26,26,39,39,53,73,73,172,172,182,199,216,176,187,187,187,109,109,109,96,111,36,48,48,48],"floor_reached":50,"playtime":1687,"items_purged":["Defend_R","Defend_R","Defend_R"],"score":490,"play_id":"9778ece8-787d-4246-ad3e-fdaedf14b136","local_time":"20180920062450","is_ascension_mode":false,"campfire_choices":[{"data":"Clash","floor":6,"key":"SMITH"},{"data":"Clash","floor":8,"key":"SMITH"},{"data":"Perfected Strike","floor":13,"key":"SMITH"},{"data":"Perfected Strike","floor":15,"key":"SMITH"},{"data":"Clash","floor":23,"key":"SMITH"},{"data":"Clash","floor":25,"key":"SMITH"},{"data":"Clash","floor":32,"key":"SMITH"},{"floor":49,"key":"REST"}],"neow_cost":"PERCENT_DAMAGE","seed_source_timestamp":611163984329354,"circlet_count":0,"master_deck":["Strike_R+1","Strike_R","Strike_R","Strike_R","Strike_R","Defend_R+1","Clash+1","Twin Strike","Twin Strike","Sword Boomerang","Clash+1","Perfected Strike+1","Twin Strike","Perfected Strike+1","Bandage Up","Clash+1","Twin Strike","Pommel Strike","Seeing Red+1","Clash+1","Twin Strike+1","Twin Strike+1","Bandage Up","Clash+1","Pommel Strike","Twin Strike"],"relics":["Burning Blood","Old Coin","Membership Card","Darkstone Periapt","Lantern","Orrery","Self Forming Clay","Ornamental Fan","Sozu","Whetstone","Kunai","Bag of Marbles"],"potions_floor_usage":[21,21,28,28,30,31,35],"damage_taken":[{"damage":4,"enemies":"Cultist","floor":1,"turns":4},{"damage":2,"enemies":"Small Slimes","floor":3,"turns":3},{"damage":0,"enemies":"2 Louse","floor":7,"turns":2},{"damage":3,"enemies":"Lots of Slimes","floor":10,"turns":2},{"damage":3,"enemies":"Red Slaver","floor":11,"turns":2},{"damage":10,"enemies":"Looter","floor":12,"turns":2},{"damage":46,"enemies":"The Guardian","floor":16,"turns":6},{"damage":0,"enemies":"Spheric Guardian","floor":18,"turns":1},{"damage":10,"enemies":"Chosen","floor":19,"turns":2},{"damage":32,"enemies":"Snake Plant","floor":20,"turns":3},{"damage":10,"enemies":"3 Cultists","floor":21,"turns":4},{"damage":0,"enemies":"Sentry and Sphere","floor":22,"turns":2},{"damage":6,"enemies":"Cultist and Chosen","floor":28,"turns":3},{"damage":5,"enemies":"Snake Plant","floor":30,"turns":2},{"damage":15,"enemies":"Snecko","floor":31,"turns":3},{"damage":51,"enemies":"Collector","floor":33,"turns":8},{"damage":14,"enemies":"3 Darklings","floor":35,"turns":5},{"damage":0,"enemies":"Orb Walker","floor":36,"turns":1},{"damage":3,"enemies":"3 Darklings","floor":37,"turns":4},{"damage":23,"enemies":"Sphere and 2 Shapes","floor":39,"turns":4},{"damage":22,"enemies":"Transient","floor":46,"turns":5},{"damage":4,"enemies":"Spire Growth","floor":48,"turns":3},{"damage":85,"enemies":"Donu and Deca","floor":50,"turns":5}],"seed_played":"-7213580583167289969","potions_obtained":[{"floor":3,"key":"Ancient Potion"},{"floor":10,"key":"BloodPotion"},{"floor":11,"key":"Ancient Potion"},{"floor":12,"key":"BloodPotion"},{"floor":27,"key":"Block Potion"},{"floor":27,"key":"Strength Potion"},{"floor":27,"key":"Fire Potion"},{"floor":28,"key":"GamblersBrew"},{"floor":33,"key":"Block Potion"}],"is_trial":false,"path_per_floor":["M","$","M","$","T","R","M","R","T","M","M","M","R","?","R","B",null,"M","M","M","M","M","R","$","R","T","?","M","$","M","M","R","B",null,"M","M","M","?","M","?","?","$","T","?","$","M","$","M","R"],"character_chosen":"IRONCLAD","items_purchased":["Twin Strike","Membership Card","Sword Boomerang","Twin Strike","Self Forming Clay","Bandage Up","Whetstone","Twin Strike","Bag of Marbles"],"campfire_rested":1,"item_purchase_floors":[2,4,4,24,24,24,42,45,47],"current_hp_per_floor":[58,58,62,62,62,62,68,68,68,71,74,70,70,70,70,34,80,80,76,54,70,76,76,76,76,76,76,80,80,80,71,71,34,80,76,80,80,80,67,67,67,67,67,67,67,59,59,61,80,0],"gold":48,"neow_bonus":"ONE_RARE_RELIC","is_prod":false,"is_daily":false,"chose_seed":false,"campfire_upgraded":7,"win_rate":0,"timestamp":1537439090,"path_taken":["M","$","?","$","?","R","M","R","T","?","M","M","R","?","R","BOSS","M","M","M","M","M","R","$","R","T","?","M","$","M","M","R","BOSS","M","M","M","?","M","?","?","$","T","?","$","M","?","?","R","BOSS"],"build_version":"2018-09-06","purchased_purges":3,"victory":false,"max_hp_per_floor":[80,80,80,80,80,80,80,80,80,80,80,80,80,80,80,80,80,80,80,80,80,80,80,80,80,80,80,80,80,80,80,80,80,80,80,80,80,80,80,80,80,80,80,80,80,80,80,80,80,80],"card_choices":[{"not_picked":["True Grit","Disarm"],"picked":"Clash","floor":1},{"not_picked":["Rage","Shrug It Off"],"picked":"Twin Strike","floor":3},{"not_picked":["True Grit","Wild Strike"],"picked":"Clash","floor":7},{"not_picked":["Flex","True Grit"],"picked":"Perfected Strike","floor":10},{"not_picked":["Hemokinesis","Pummel"],"picked":"Twin Strike","floor":11},{"not_picked":["Ghostly Armor","Entrench","Havoc"],"picked":"SKIP","floor":12},{"not_picked":["Warcry","Iron Wave"],"picked":"Clash","floor":17},{"not_picked":["Anger","Sever Soul"],"picked":"Twin Strike","floor":17},{"not_picked":["Rupture","Body Slam"],"picked":"Pommel Strike","floor":17},{"not_picked":["Disarm+1","Thunderclap"],"picked":"Seeing Red","floor":18},{"not_picked":["True Grit+1","Shrug It Off+1"],"picked":"Clash","floor":19},{"not_picked":["Sword Boomerang","Warcry"],"picked":"Twin Strike","floor":20},{"not_picked":["Sword Boomerang","Cleave","Flame Barrier+1"],"picked":"SKIP","floor":21},{"not_picked":["Fire Breathing","Sword Boomerang+1","Burning Pact"],"picked":"SKIP","floor":22},{"not_picked":["Havoc","Burning Pact+1","Anger"],"picked":"SKIP","floor":28},{"not_picked":["Body Slam","Pummel+1","Iron Wave"],"picked":"SKIP","floor":30},{"not_picked":["Sever Soul+1","Reaper"],"picked":"Clash","floor":31},{"not_picked":["Warcry","Pummel+1","True Grit"],"picked":"SKIP","floor":35},{"not_picked":["Armaments","Havoc+1"],"picked":"Pommel Strike","floor":36},{"not_picked":["Armaments","Heavy Blade","Infernal Blade+1"],"picked":"SKIP","floor":37},{"not_picked":["Hemokinesis+1","Demon Form","Sentinel+1"],"picked":"SKIP","floor":39},{"not_picked":["Intimidate+1","Body Slam","Shrug It Off"],"picked":"SKIP","floor":46},{"not_picked":["Uppercut","Clash","Headbutt+1"],"picked":"SKIP","floor":48}],"player_experience":152010,"relics_obtained":[{"floor":5,"key":"Darkstone Periapt"},{"floor":9,"key":"Lantern"},{"floor":26,"key":"Ornamental Fan"},{"floor":43,"key":"Kunai"}],"event_choices":[{"event_name":"Match and Keep!","player_choice":"2 cards matched","floor":14,"damage_taken":0},{"event_name":"The Lab","player_choice":"Got Potions","floor":27,"damage_taken":0},{"event_name":"Designer","player_choice":"Upgrade 2 Random Cards","floor":38,"damage_taken":0},{"event_name":"Accursed Blacksmith","player_choice":"Forge","floor":40,"damage_taken":0},{"event_name":"Purifier","player_choice":"One Purge","floor":41,"damage_taken":0},{"event_name":"Mysterious Sphere","player_choice":"Ignore","floor":44,"damage_taken":0}],"is_beta":false,"boss_relics":[{"not_picked":["Lizard Tail","Tiny House"],"picked":"Orrery"},{"not_picked":["Coffee Dripper","Black Star"],"picked":"Sozu"}],"items_purged_floors":[2,4,24],"is_endless":false,"potions_floor_spawned":[3,10,11,12,28,33,36,48],"killed_by":"Donu and Deca","ascension_level":0}