{"path_per_floor":["M","?","?","$","M","R","M","R","T","M","M","?","M","M","R","B",null,"M","M","M","$","?","R","M","$","T","M","?","M","$","M","R","B",null,"M","?","$","?","M"],"character_chosen":"IRONCLAD","items_purchased":["Thread and Needle","Bag of Marbles"],"gold_per_floor":[114,114,114,114,127,127,139,139,139,157,173,173,186,201,201,302,302,314,330,346,36,36,36,47,47,71,90,90,103,103,115,115,220,220,230,230,82,82,99,99],"floor_reached":40,"campfire_rested":2,"playtime":2283,"current_hp_per_floor":[80,80,68,68,70,70,76,76,76,72,71,71,77,79,79,29,80,80,80,41,41,41,65,64,64,64,62,62,60,60,66,83,16,83,37,37,37,37,17,0],"items_purged":[],"gold":99,"score":382,"play_id":"bdb67646-759d-43e0-9ab0-e166967f021e","local_time":"20180426203121","is_prod":false,"is_daily":false,"chose_seed":false,"is_ascension_mode":false,"campfire_upgraded":3,"timestamp":1524738681,"path_taken":["M","?","?","$","M","R","M","R","T","M","M","?","?","M","R","BOSS","M","M","M","$","?","R","M","$","T","?","?","M","?","?","R","BOSS","M","?","?","?","M","E"],"build_version":"2018-04-19","seed_source_timestamp":164128434734385,"purchased_purges":0,"victory":false,"master_deck":["Strike_R+1","Strike_R+1","Strike_R+1","Strike_R+1","Strike_R+1","Defend_R+1","Defend_R+1","Defend_R+1","Defend_R+1","Bash+1","Offering","Anger+1","Intimidate","Seeing Red+1","Whirlwind","Flame Barrier","Fire Breathing","Feed","Inflame","Twin Strike+1","Armaments+1","Blood for Blood","Anger","Spot Weakness+1","Combust","Limit Break","Parasite","Writhe","Clumsy","Flame Barrier","Panacea","Barricade"],"max_hp_per_floor":[80,80,80,80,80,80,80,80,80,80,80,80,80,80,80,80,80,80,80,80,80,80,80,80,80,80,80,80,83,83,83,83,83,83,83,83,83,83,83,83],"relics":["Burning Blood","Gambling Chip","Prayer Wheel","Sozu","Thread and Needle","Pen Nib","Calling Bell","Ornamental Fan","Oddly Smooth Stone","Shovel","Bag of Marbles"],"card_choices":[{"not_picked":["Flex","Wild Strike"],"picked":"Sentinel","floor":1},{"not_picked":["Sword Boomerang","Clothesline"],"picked":"Anger","floor":5},{"not_picked":["Twin Strike","True Grit"],"picked":"Intimidate","floor":7},{"not_picked":["Twin Strike","Shrug It Off"],"picked":"Seeing Red","floor":10},{"not_picked":["Headbutt","Warcry"],"picked":"Whirlwind","floor":11},{"not_picked":["Wild Strike","Berserk"],"picked":"Flame Barrier","floor":13},{"not_picked":["Havoc","Second Wind"],"picked":"Fire Breathing","floor":14},{"not_picked":["Juggernaut","Bludgeon"],"picked":"Feed","floor":16},{"not_picked":["Metallicize","Power Through"],"picked":"Inflame","floor":18},{"not_picked":["Sever Soul","Wild Strike"],"picked":"Twin Strike","floor":19},{"not_picked":["Clash","Headbutt"],"picked":"Sword Boomerang","floor":20},{"not_picked":["Warcry","True Grit"],"picked":"Armaments","floor":24},{"not_picked":["Shockwave","Pommel Strike"],"picked":"Blood for Blood","floor":26},{"not_picked":["Body Slam","Clash"],"picked":"Anger","floor":27},{"not_picked":["Entrench","Carnage"],"picked":"Spot Weakness","floor":29},{"not_picked":["Sentinel","Sword Boomerang"],"picked":"Combust","floor":31},{"not_picked":["Barricade","Feed"],"picked":"Limit Break","floor":33},{"not_picked":["Twin Strike","Armaments"],"picked":"Flame Barrier","floor":35},{"not_picked":["Deep Breath","Good Instincts"],"picked":"Panacea","floor":38},{"not_picked":["Havoc","Battle Trance"],"picked":"Barricade","floor":39}],"player_experience":135824,"potions_floor_usage":[7,16,16,16],"damage_taken":[{"damage":6,"enemies":"Small Slimes","floor":1,"turns":3},{"damage":4,"enemies":"Cultist","floor":5,"turns":3},{"damage":0,"enemies":"2 Louse","floor":7,"turns":2},{"damage":10,"enemies":"2 Fungi Beasts","floor":10,"turns":4},{"damage":7,"enemies":"Exordium Wildlife","floor":11,"turns":4},{"damage":0,"enemies":"3 Louse","floor":13,"turns":1},{"damage":4,"enemies":"2 Fungi Beasts","floor":14,"turns":4},{"damage":69,"enemies":"Hexaghost","floor":16,"turns":10},{"damage":4,"enemies":"3 Byrds","floor":18,"turns":4},{"damage":4,"enemies":"Chosen","floor":19,"turns":3},{"damage":45,"enemies":"Centurion and Healer","floor":20,"turns":10},{"damage":7,"enemies":"3 Cultists","floor":24,"turns":3},{"damage":8,"enemies":"Snake Plant","floor":27,"turns":4},{"damage":11,"enemies":"Centurion and Healer","floor":29,"turns":6},{"damage":0,"enemies":"3 Cultists","floor":31,"turns":4},{"damage":73,"enemies":"Champ","floor":33,"turns":10},{"damage":52,"enemies":"3 Shapes","floor":35,"turns":5},{"damage":26,"enemies":"3 Darklings","floor":39,"turns":8},{"damage":29,"enemies":"2 Orb Walkers","floor":40,"turns":3}],"event_choices":[{"event_name":"The Lab","player_choice":"Got Potions","floor":2,"damage_taken":0},{"event_name":"Scrap Ooze","player_choice":"success","floor":3,"damage_taken":12},{"event_name":"Living Wall","player_choice":"Grow","floor":12,"damage_taken":0},{"event_name":"Back to Basics","player_choice":"Simplicity","floor":22,"damage_taken":0},{"event_name":"Purifier","player_choice":"One Purge","floor":28,"damage_taken":0},{"event_name":"SensoryStone","player_choice":"Memory 1","floor":38,"damage_taken":0}],"boss_relics":[{"not_picked":["Ectoplasm","Cursed Key"],"picked":"Sozu"},{"not_picked":["Lizard Tail","Runic Pyramid"],"picked":"Calling Bell"}],"potions_floor_spawned":[1,5,11,18,27,29,31],"seed_played":"-7499140978808374531","killed_by":"2 Orb Walkers","ascension_level":0,"is_trial":false}