{"gold_per_floor":[214,214,228,228,228,256,256,77,103,52,64,3,19,46,46,120,120,135,145,145,1,13,13,13,13,95,114,129,29,49,61,61,138,188,199,199,210,226,226],"floor_reached":39,"playtime":2591,"items_purged":["Strike_B","Strike_B"],"score":753,"play_id":"6e4fddf2-d3b2-4d47-943e-f14fa68c4472","local_time":"20180922224557","is_ascension_mode":true,"campfire_choices":[{"data":"Darkness","floor":7,"key":"SMITH"},{"data":"Hologram","floor":15,"key":"SMITH"},{"floor":24,"key":"REST"},{"floor":32,"key":"REST"}],"neow_cost":"NONE","seed_source_timestamp":705599413822359,"circlet_count":0,"master_deck":["Strike_B+1","Strike_B+1","Defend_B","Defend_B","Defend_B","Defend_B","Zap+1","Dualcast","AscendersBane","Conserve Battery","Cold Snap","Darkness+1","Loop","Go for the Eyes","Consume","Redo+1","Hologram+1","Machine Learning","Cold Snap+1","Redo","Reboot","Turbo+1","Reboot","White Noise","Conserve Battery","Darkness+1"],"relics":["Cracked Core","FossilizedHelix","MawBank","Nunchaku","Mango","Bottled Lightning","Eternal Feather","Regal Pillow","Letter Opener","Molten Egg 2","Tiny House","Du-Vu Doll"],"potions_floor_usage":[18,20,33,38],"damage_taken":[{"damage":0,"enemies":"Small Slimes","floor":1,"turns":3},{"damage":4,"enemies":"Jaw Worm","floor":3,"turns":4},{"damage":9,"enemies":"Lagavulin","floor":6,"turns":7},{"damage":0,"enemies":"2 Louse","floor":13,"turns":2},{"damage":26,"enemies":"3 Sentries","floor":14,"turns":8},{"damage":0,"enemies":"The Guardian","floor":16,"turns":6},{"damage":9,"enemies":"3 Byrds","floor":18,"turns":5},{"damage":0,"enemies":"Chosen","floor":19,"turns":4},{"damage":21,"enemies":"Colosseum Slavers","floor":20,"turns":7},{"damage":14,"enemies":"Shelled Parasite and Fungi","floor":22,"turns":5},{"damage":8,"enemies":"Snecko","floor":27,"turns":4},{"damage":10,"enemies":"Chosen and Byrds","floor":28,"turns":5},{"damage":37,"enemies":"Centurion and Healer","floor":30,"turns":5},{"damage":13,"enemies":"3 Cultists","floor":31,"turns":6},{"damage":87,"enemies":"Collector","floor":33,"turns":12},{"damage":0,"enemies":"3 Shapes","floor":35,"turns":4},{"damage":0,"enemies":"Mind Bloom Boss Battle","floor":36,"turns":6},{"damage":10,"enemies":"Orb Walker","floor":37,"turns":5},{"damage":41,"enemies":"Reptomancer","floor":38,"turns":4},{"damage":27,"enemies":"3 Darklings","floor":39,"turns":2}],"seed_played":"2188162335114909451","potions_obtained":[{"floor":6,"key":"SpeedPotion"},{"floor":14,"key":"Explosive Potion"},{"floor":19,"key":"Swift Potion"},{"floor":22,"key":"FearPotion"},{"floor":31,"key":"Regen Potion"},{"floor":33,"key":"GamblersBrew"}],"is_trial":false,"path_per_floor":["M","?","M","?","?","E","R","$","T","?","T","$","M","E","R","B",null,"M","M","?","$","M","?","R","?","T","M","M","$","M","M","R","B",null,"M","?","M","M"],"character_chosen":"DEFECT","items_purchased":["Loop","Go for the Eyes","Consume","Regal Pillow"],"campfire_rested":2,"item_purchase_floors":[8,8,12,21],"current_hp_per_floor":[68,68,64,49,74,65,65,65,65,65,79,79,79,53,53,53,80,71,71,50,50,36,36,89,89,89,81,71,71,34,21,74,2,72,72,72,62,21,0],"gold":226,"neow_bonus":"HUNDRED_GOLD","is_prod":false,"is_daily":false,"chose_seed":false,"campfire_upgraded":2,"win_rate":0,"timestamp":1537670757,"path_taken":["M","?","M","?","?","E","R","$","T","?","?","?","M","E","R","BOSS","M","M","?","$","M","?","R","?","T","M","M","?","?","M","R","BOSS","M","?","M","M","?"],"build_version":"2018-09-20","purchased_purges":2,"victory":false,"max_hp_per_floor":[75,75,75,75,75,75,75,75,75,75,89,89,89,89,89,89,89,89,89,89,89,89,89,89,89,89,89,89,89,89,89,89,89,94,94,94,94,94,94],"card_choices":[{"not_picked":["Rebound","Steam"],"picked":"Conserve Battery","floor":1},{"not_picked":["Chill","Stack"],"picked":"Cold Snap","floor":3},{"not_picked":["Rip and Tear","Amplify"],"picked":"Darkness","floor":6},{"not_picked":["Go for the Eyes","Coolheaded"],"picked":"Redo","floor":13},{"not_picked":["Meteor Strike","Chill"],"picked":"Hologram","floor":14},{"not_picked":["Thunder Strike","Hyperbeam"],"picked":"Machine Learning","floor":16},{"not_picked":["Hologram","Chaos"],"picked":"Cold Snap+1","floor":18},{"not_picked":["Streamline","Hologram"],"picked":"Redo","floor":19},{"not_picked":["Melter","Sweeping Beam","Redo"],"picked":"SKIP","floor":22},{"not_picked":["Gash+1","Go for the Eyes+1"],"picked":"Reboot","floor":27},{"not_picked":["Gash+1","Steam","Ball Lightning+1"],"picked":"SKIP","floor":28},{"not_picked":["Aggregate","Reprogram","Force Field"],"picked":"SKIP","floor":30},{"not_picked":["Cold Snap+1","Gash+1"],"picked":"Turbo+1","floor":31},{"not_picked":["Meteor Strike+1","Thunder Strike+1"],"picked":"Reboot","floor":33},{"not_picked":["Beam Cell+1","Ball Lightning+1"],"picked":"White Noise","floor":34},{"not_picked":["Cold Snap+1","Ball Lightning+1","Gash+1"],"picked":"SKIP","floor":35},{"not_picked":["Sunder+1","Meteor Strike+1"],"picked":"Conserve Battery","floor":36},{"not_picked":["Steam Power+1","Auto Shields"],"picked":"Darkness+1","floor":37},{"not_picked":["Ball Lightning+1","Glacier","Coolheaded+1"],"picked":"SKIP","floor":38}],"player_experience":242372,"relics_obtained":[{"floor":6,"key":"FossilizedHelix"},{"floor":9,"key":"MawBank"},{"floor":11,"key":"Mango"},{"floor":14,"key":"Bottled Lightning"},{"floor":26,"key":"Molten Egg 2"},{"floor":36,"key":"Du-Vu Doll"}],"event_choices":[{"event_name":"Living Wall","player_choice":"Grow","floor":2,"damage_taken":0},{"event_name":"Shining Light","player_choice":"Entered Light","floor":4,"damage_taken":0},{"event_name":"Big Fish","player_choice":"Banana","floor":5,"damage_taken":0},{"event_name":"WeMeetAgain","player_choice":"Gold","floor":10,"damage_taken":0},{"event_name":"Colosseum","player_choice":"Fight","floor":20,"damage_taken":0},{"event_name":"Colosseum","player_choice":"Fled From Nobs","floor":20,"damage_taken":0},{"event_name":"The Mausoleum","player_choice":"Yes","floor":23,"damage_taken":0},{"event_name":"Vampires","player_choice":"Ignored","floor":25,"damage_taken":0},{"event_name":"MindBloom","player_choice":"Fight","floor":36,"damage_taken":0}],"is_beta":false,"boss_relics":[{"not_picked":["Empty Cage","Black Star"],"picked":"Eternal Feather"},{"not_picked":["Fusion Hammer","Snecko Eye"],"picked":"Tiny House"}],"items_purged_floors":[8,29],"is_endless":false,"potions_floor_spawned":[6,14,16,19,20,22,31,33,35],"killed_by":"3 Darklings","ascension_level":13}