{"gold_per_floor":[112,112,132,151,169,230,241,273,273,307,482,128,128,155,155,155],"floor_reached":16,"playtime":721,"items_purged":["Strike_R"],"score":189,"play_id":"31d2c805-4372-481d-8b83-e0391501cca3","local_time":"20190202223145","is_ascension_mode":true,"campfire_choices":[{"data":"True Grit","floor":13,"key":"SMITH"},{"data":"Armaments","floor":15,"key":"SMITH"}],"neow_cost":"PERCENT_DAMAGE","seed_source_timestamp":1670521047261,"circlet_count":0,"master_deck":["Strike_R","Strike_R","Strike_R","Defend_R","Defend_R","Defend_R","Defend_R","Bash","Immolate","Iron Wave","Clash","Seeing Red","Armaments+1","Demon Form","Thunderclap","Limit Break","Flame Barrier","Feel No Pain","Warcry","Disarm","True Grit+1","Ghostly Armor"],"special_seed":0,"relics":["Burning Blood","Tiny Chest","Omamori","The Courier","Bronze Scales","Happy Flower","Shuriken"],"potions_floor_usage":[16],"damage_taken":[{"damage":0.0,"enemies":"2 Louse","floor":1.0,"turns":1.0},{"damage":1.0,"enemies":"Cultist","floor":3.0,"turns":3.0},{"damage":2.0,"enemies":"Jaw Worm","floor":4.0,"turns":3.0},{"damage":0.0,"enemies":"2 Fungi Beasts","floor":5.0,"turns":3.0},{"damage":10.0,"enemies":"3 Sentries","floor":6.0,"turns":6.0},{"damage":13.0,"enemies":"Large Slime","floor":7.0,"turns":4.0},{"damage":11.0,"enemies":"Gremlin Nob","floor":8.0,"turns":3.0},{"damage":17.0,"enemies":"3 Sentries","floor":10.0,"turns":7.0},{"damage":26,"enemies":"Lagavulin","floor":14,"turns":6},{"damage":26,"enemies":"The Guardian","floor":16,"turns":11}],"seed_played":"-4481801117004462892","potions_obtained":[{"floor":1.0,"key":"Explosive Potion"},{"floor":3.0,"key":"Swift Potion"},{"floor":6.0,"key":"EssenceOfSteel"},{"floor":7.0,"key":"Strength Potion"},{"floor":10.0,"key":"Block Potion"}],"is_trial":false,"path_per_floor":["M","?","M","M","M","E","M","E","T","E","?","$","R","E","R","B"],"character_chosen":"IRONCLAD","items_purchased":["Feel No Pain","Warcry","Disarm","True Grit","Happy Flower"],"campfire_rested":0,"item_purchase_floors":[12,12,12,12,12],"current_hp_per_floor":[57,57,62,66,72,68,61,56,56,45,45,45,45,25,25,0],"gold":155,"neow_bonus":"THREE_RARE_CARDS","is_prod":false,"is_daily":false,"chose_seed":false,"campfire_upgraded":2,"win_rate":0,"timestamp":1549164705,"path_taken":["M","?","M","M","M","E","?","E","T","E","?","$","R","E","R","BOSS"],"build_version":"2019-01-23","purchased_purges":1,"victory":false,"max_hp_per_floor":[80,80,80,80,80,80,80,80,80,80,80,80,80,80,80,80],"card_choices":[{"not_picked":["Dark Embrace","Offering"],"picked":"Immolate","floor":0.0},{"not_picked":["Dual Wield","Anger"],"picked":"Iron Wave","floor":1.0},{"not_picked":["Blood for Blood","Iron Wave"],"picked":"Clash","floor":3.0},{"not_picked":["Clash","Warcry"],"picked":"Seeing Red","floor":4.0},{"not_picked":["Perfected Strike","Headbutt"],"picked":"Armaments","floor":5.0},{"not_picked":["Cleave","Pommel Strike"],"picked":"Demon Form","floor":6.0},{"not_picked":["Twin Strike","Searing Blow"],"picked":"Thunderclap","floor":7.0},{"not_picked":["Disarm","Shockwave"],"picked":"Limit Break","floor":8.0},{"not_picked":["Immolate","Perfected Strike"],"picked":"Flame Barrier","floor":10.0},{"not_picked":["Entrench","Feel No Pain"],"picked":"Ghostly Armor","floor":14}],"player_experience":314399,"relics_obtained":[{"floor":6.0,"key":"Tiny Chest"},{"floor":8.0,"key":"Omamori"},{"floor":9.0,"key":"The Courier"},{"floor":10.0,"key":"Bronze Scales"},{"floor":14,"key":"Shuriken"}],"event_choices":[{"cards_removed":["Strike_R"],"damage_healed":0.0,"max_hp_gain":0.0,"max_hp_loss":0.0,"gold_gain":0.0,"event_name":"Purifier","player_choice":"Purged","floor":2.0,"gold_loss":0.0,"damage_taken":0.0},{"damage_healed":0.0,"max_hp_gain":0.0,"max_hp_loss":0.0,"gold_gain":175.0,"event_name":"Liars Game","player_choice":"AGREE","floor":11.0,"gold_loss":0.0,"damage_taken":0.0,"cards_obtained":["Doubt"]}],"is_beta":false,"boss_relics":[],"items_purged_floors":[12],"is_endless":false,"potions_floor_spawned":[1,3,6,7,10],"killed_by":"The Guardian","ascension_level":9}