{"gold_per_floor":[114,114,114,114,127,127,77,77,77,40,40,53,53,68,68,187,187,202,225,225,225,27,27,27],"floor_reached":24,"playtime":973,"items_purged":[],"score":237,"play_id":"d4d1d83f-e16e-4e65-9a9f-f0bce996ef80","local_time":"20181110121328","is_ascension_mode":true,"campfire_choices":[{"data":"Armaments","floor":6,"key":"SMITH"},{"data":"Bash","floor":8,"key":"SMITH"},{"data":"Metallicize","floor":11,"key":"SMITH"},{"data":"Shrug It Off","floor":15,"key":"SMITH"},{"data":"Fiend Fire","floor":23,"key":"SMITH"}],"neow_cost":"NONE","seed_source_timestamp":525738560070334,"circlet_count":0,"master_deck":["Strike_R","Strike_R+1","Strike_R","Defend_R","Defend_R","Defend_R","Defend_R","Bash+1","Rampage+1","Corruption","Armaments+1","Metallicize+1","Fiend Fire+1","Shrug It Off+1","Brutality","Headbutt","True Grit+1"],"relics":["Burning Blood","Golden Idol","Kunai","Coffee Dripper","Prayer Wheel","Toy Ornithopter"],"potions_floor_usage":[14,19,19,20,24],"damage_taken":[{"damage":0,"enemies":"Small Slimes","floor":1,"turns":3},{"damage":11,"enemies":"2 Louse","floor":5,"turns":4},{"damage":2,"enemies":"Cultist","floor":12,"turns":4},{"damage":5,"enemies":"Exordium Thugs","floor":14,"turns":6},{"damage":16,"enemies":"The Guardian","floor":16,"turns":10},{"damage":12,"enemies":"Spheric Guardian","floor":18,"turns":5},{"damage":22,"enemies":"3 Byrds","floor":19,"turns":4},{"damage":28,"enemies":"Colosseum Slavers","floor":20,"turns":6},{"damage":31,"enemies":"Slavers","floor":24,"turns":4}],"seed_played":"6134743974479851033","potions_obtained":[{"floor":5,"key":"Weak Potion"},{"floor":12,"key":"Fire Potion"},{"floor":16,"key":"SkillPotion"},{"floor":18,"key":"LiquidBronze"},{"floor":19,"key":"Block Potion"}],"is_trial":false,"path_per_floor":["M","?","?","?","M","R","?","R","T","$","R","M","$","M","R","B",null,"M","M","?","T","$","R","E"],"character_chosen":"IRONCLAD","items_purchased":["Metallicize","Toy Ornithopter"],"campfire_rested":0,"item_purchase_floors":[10,22],"current_hp_per_floor":[78,62,62,42,37,37,37,37,37,37,37,41,41,42,42,32,68,62,46,24,24,24,24,0],"gold":27,"neow_bonus":"THREE_CARDS","is_prod":false,"is_daily":false,"chose_seed":false,"campfire_upgraded":5,"win_rate":0,"timestamp":1541870008,"path_taken":["M","?","?","?","M","R","?","R","T","$","R","M","?","M","R","BOSS","M","M","?","?","$","R","E"],"build_version":"2018-11-08","purchased_purges":0,"victory":false,"max_hp_per_floor":[80,80,80,80,80,80,80,80,80,80,80,80,80,80,80,80,80,80,80,80,80,80,80,80],"card_choices":[{"not_picked":["Rupture","Armaments"],"picked":"Rampage","floor":0},{"not_picked":["Clothesline","Perfected Strike"],"picked":"Corruption","floor":1},{"not_picked":["True Grit","Anger"],"picked":"Armaments","floor":5},{"not_picked":["Thunderclap","Fiend Fire","Armaments"],"picked":"SKIP","floor":12},{"not_picked":["Thunderclap","Armaments"],"picked":"Fiend Fire","floor":12},{"not_picked":["True Grit","Body Slam"],"picked":"Shrug It Off","floor":14},{"not_picked":["Exhume","Immolate"],"picked":"Brutality","floor":16},{"not_picked":["Thunderclap","Clothesline"],"picked":"Headbutt","floor":18},{"not_picked":["Perfected Strike","Pommel Strike+1"],"picked":"True Grit+1","floor":19}],"player_experience":342205,"relics_obtained":[{"floor":9,"key":"Kunai"},{"floor":21,"key":"Prayer Wheel"}],"event_choices":[{"damage_healed":0,"gold_gain":0,"player_choice":"Entered Light","damage_taken":16,"max_hp_gain":0,"max_hp_loss":0,"event_name":"Shining Light","floor":2,"gold_loss":0,"cards_upgraded":["Strike_R","Rampage"]},{"cards_removed":["Strike_R"],"damage_healed":0,"gold_gain":0,"player_choice":"Forget","damage_taken":0,"max_hp_gain":0,"max_hp_loss":0,"event_name":"Living Wall","floor":3,"gold_loss":0},{"damage_healed":0,"gold_gain":0,"player_choice":"Take Damage","damage_taken":20,"relics_obtained":["Golden Idol"],"max_hp_gain":0,"max_hp_loss":0,"event_name":"Golden Idol","floor":4,"gold_loss":0},{"cards_removed":["Strike_R"],"damage_healed":0,"gold_gain":0,"player_choice":"Card Removal","damage_taken":0,"max_hp_gain":0,"max_hp_loss":0,"event_name":"The Cleric","floor":7,"gold_loss":50},{"damage_healed":0,"gold_gain":0,"player_choice":"Fight","damage_taken":0,"max_hp_gain":0,"max_hp_loss":0,"event_name":"Colosseum","floor":20,"gold_loss":0},{"damage_healed":0,"gold_gain":0,"player_choice":"Fled From Nobs","damage_taken":0,"max_hp_gain":0,"max_hp_loss":0,"event_name":"Colosseum","floor":20,"gold_loss":0}],"is_beta":true,"boss_relics":[{"not_picked":["White Beast Statue","Orrery"],"picked":"Coffee Dripper"}],"items_purged_floors":[],"is_endless":false,"potions_floor_spawned":[5,12,16,18,19],"killed_by":"Slavers","ascension_level":6}