{"gold_per_floor":[112,112,212,227,227,227,247,197,197,213,247,247,267,37,37,139,139,151,27,27,42,55,89,51,51],"floor_reached":25,"playtime":1040,"items_purged":[],"score":332,"play_id":"d278a7fd-d169-4522-b183-2ce0e522e930","local_time":"20181016232300","is_ascension_mode":true,"campfire_choices":[{"data":"Zap","floor":6,"key":"SMITH"},{"data":"Dualcast","floor":12,"key":"SMITH"},{"data":"Cold Snap","floor":15,"key":"SMITH"}],"neow_cost":"NONE","seed_source_timestamp":187690695196338,"circlet_count":0,"master_deck":["Zap+1","Dualcast+1","Ball Lightning","Loop+1","Cold Snap+1","Ball Lightning","Blizzard","Gash","Doom and Gloom","Echo Form","Sweeping Beam","Stack","Darkness","Sweeping Beam","Stack","Redo","Compile Driver","Gash","Defragment","Redo","Stack","Leap","Loop","Gash+1","Chaos"],"relics":["Philosopher\u0027s Stone","Bag of Preparation","Whetstone","Strawberry","Boot","Pandora\u0027s Box","Vajra"],"potions_floor_usage":[1,11,16,22],"damage_taken":[{"damage":3,"enemies":"Cultist","floor":1,"turns":3},{"damage":7,"enemies":"Small Slimes","floor":4,"turns":3},{"damage":2,"enemies":"2 Louse","floor":7,"turns":3},{"damage":21,"enemies":"Gremlin Gang","floor":10,"turns":3},{"damage":17,"enemies":"3 Sentries","floor":11,"turns":5},{"damage":4,"enemies":"Looter","floor":13,"turns":2},{"damage":18,"enemies":"The Guardian","floor":16,"turns":9},{"damage":40,"enemies":"2 Thieves","floor":18,"turns":4},{"damage":54,"enemies":"3 Byrds","floor":21,"turns":4},{"damage":0,"enemies":"Snecko","floor":22,"turns":4},{"damage":0,"enemies":"Gremlin Leader","floor":23,"turns":6},{"damage":5,"enemies":"Shelled Parasite and Fungi","floor":25,"turns":1}],"seed_played":"-2595200096931700486","potions_obtained":[{"floor":1,"key":"Fruit Juice"},{"floor":4,"key":"Block Potion"},{"floor":7,"key":"SteroidPotion"},{"floor":21,"key":"PowerPotion"}],"is_trial":false,"path_per_floor":["M","?","?","M","?","R","M","?","T","M","E","R","M","$","R","B",null,"M","$","?","M","M","E","$"],"character_chosen":"DEFECT","items_purchased":["Doom and Gloom","Boot","Defragment","Redo","Stack","Chaos"],"campfire_rested":0,"item_purchase_floors":[14,14,19,19,19,24],"current_hp_per_floor":[70,63,63,56,56,56,54,54,54,33,23,23,19,19,19,1,66,26,26,55,1,1,1,1,0],"gold":51,"neow_bonus":"BOSS_RELIC","is_prod":false,"is_daily":false,"chose_seed":false,"campfire_upgraded":3,"win_rate":0,"timestamp":1539757380,"path_taken":["M","?","?","?","?","R","M","?","T","M","E","R","M","?","R","BOSS","M","?","?","M","M","E","$","?"],"build_version":"2018-10-11","purchased_purges":0,"victory":false,"max_hp_per_floor":[80,80,80,80,80,80,80,80,80,80,87,87,87,87,87,87,87,87,87,87,87,87,87,87,87],"card_choices":[{"not_picked":["Double Energy","Barrage"],"picked":"Ball Lightning","floor":1},{"not_picked":["Genetic Algorithm","Aggregate"],"picked":"Loop","floor":4},{"not_picked":["Blizzard","Melter"],"picked":"Cold Snap","floor":7},{"not_picked":["Streamline","Steam Power"],"picked":"Ball Lightning","floor":10},{"not_picked":["Streamline","Hologram"],"picked":"Blizzard","floor":11},{"not_picked":["Steam","Streamline"],"picked":"Gash","floor":13},{"not_picked":["Hyperbeam","Multi-Cast"],"picked":"Echo Form","floor":16},{"not_picked":["FTL","Coolheaded"],"picked":"Gash","floor":18},{"not_picked":["Hologram+1","Steam+1"],"picked":"Leap","floor":21},{"not_picked":["BootSequence","Steam+1"],"picked":"Loop","floor":22},{"not_picked":["Consume","Redo+1"],"picked":"Gash+1","floor":23}],"player_experience":283813,"relics_obtained":[{"floor":9,"key":"Whetstone"},{"floor":11,"key":"Strawberry"},{"floor":23,"key":"Vajra"}],"event_choices":[{"event_name":"Scrap Ooze","player_choice":"success","floor":2,"damage_taken":7},{"event_name":"Golden Shrine","player_choice":"Pray","floor":3,"damage_taken":0},{"event_name":"Living Wall","player_choice":"Grow","floor":5,"damage_taken":0},{"event_name":"The Cleric","player_choice":"Card Removal","floor":8,"damage_taken":0},{"event_name":"The Library","player_choice":"Heal","floor":20,"damage_taken":0}],"is_beta":false,"boss_relics":[{"not_picked":["Tiny House","Fusion Hammer"],"picked":"Pandora\u0027s Box"}],"items_purged_floors":[],"is_endless":false,"potions_floor_spawned":[1,4,7,21],"killed_by":"Shelled Parasite and Fungi","ascension_level":7}