{"path_per_floor":["M","M","M","$","?","E","M","R","T","R","M","$","M","E","R","B",null,"M","M","?","?","M","R","M","$","T","R","?","M","T","M","R","B",null,"M","M","$","M","M","R","M","M","T","M","$","?","T","M","R","B"],"character_chosen":"IRONCLAD","items_purchased":["Orichalcum","Flex","Apotheosis","Sever Soul","Pen Nib"],"gold_per_floor":[213,229,246,22,22,53,68,68,68,68,78,56,72,106,106,205,205,216,234,234,414,428,428,446,65,65,65,65,80,80,99,99,204,204,216,227,84,102,115,115,125,138,138,153,28,28,55,66,66,66],"floor_reached":51,"campfire_rested":3,"playtime":3178,"current_hp_per_floor":[80,80,63,63,63,38,44,44,44,44,46,46,33,32,56,17,80,80,66,66,42,31,31,15,15,15,39,39,26,26,36,60,80,80,80,80,80,37,47,47,64,59,59,80,80,80,80,79,79,23],"items_purged":["Strike_R","Regret","Strike_R"],"gold":66,"play_id":"bdcac204-210c-438c-b8ab-7ce9b867b18a","is_prod":false,"is_daily":false,"is_ascension_mode":true,"campfire_upgraded":5,"path_taken":["M","M","M","$","?","E","M","R","T","R","M","$","M","E","R","BOSS","M","M","?","?","?","R","M","$","T","R","?","M","?","M","R","BOSS","M","M","$","M","?","R","M","M","T","M","$","?","?","M","R","BOSS"],"build_version":"2018-02-01-PROD3","purchased_purges":4,"victory":true,"master_deck":["Strike_R","Strike_R","Strike_R","Defend_R","Defend_R","Defend_R","Defend_R","Bash","Corruption+1","Heavy Blade","Inflame+1","Feel No Pain","Spot Weakness","Flex","Clash","Whirlwind","Offering+1","Flex+1","Clash","Metallicize+1","Apotheosis+1","Sever Soul","Reaper","Shockwave","Infernal Blade","Exhume","Sentinel+1"],"max_hp_per_floor":[80,80,80,80,80,80,80,80,80,80,80,80,80,80,80,80,80,80,80,80,80,80,80,80,80,80,80,80,80,80,80,80,80,80,80,80,80,80,80,80,80,80,80,80,80,80,80,80,80,80],"relics":["Burning Blood","Orichalcum","Thread and Needle","Blood Vial","Oddly Smooth Stone","Unceasing Top","Question Card","Charon\u0027s Ashes","Bird Faced Urn","Pen Nib","Champion Belt","Ancient Tea Set"],"card_choices":[{"not_picked":["Combust","Sword Boomerang"],"picked":"Corruption"},{"not_picked":["Fiend Fire","Intimidate"],"picked":"Heavy Blade"},{"not_picked":["Rampage","Clash"],"picked":"Inflame"},{"not_picked":["Perfected Strike","True Grit"],"picked":"Feel No Pain"},{"not_picked":["Sever Soul","Body Slam"],"picked":"Spot Weakness"},{"not_picked":["Iron Wave","Intimidate"],"picked":"Clash"},{"not_picked":["Rage","Combust"],"picked":"Whirlwind"},{"not_picked":["Juggernaut","Berserk"],"picked":"Offering"},{"not_picked":["Combust","Clothesline","Dual Wield"],"picked":"Flex"},{"not_picked":["Clothesline","Cleave","Feel No Pain"],"picked":"Clash"},{"not_picked":["Power Through","Headbutt","Iron Wave"],"picked":"Metallicize"},{"not_picked":["Flame Barrier","Heavy Blade","True Grit"],"picked":"Shockwave"},{"not_picked":["Thunderclap","Heavy Blade","Body Slam"],"picked":"Infernal Blade"},{"not_picked":["Barricade","Feed","Reaper"],"picked":"Exhume"},{"not_picked":["Wild Strike","Rupture","Clash"],"picked":"Sentinel"}],"player_experience":101128,"potions_floor_usage":[2,14,19,22,33,33,48,50],"damage_taken":[{"damage":1,"enemies":"2 Louse","floor":1,"turns":2},{"damage":6,"enemies":"Blue Slaver","floor":2,"turns":3},{"damage":23,"enemies":"Jaw Worm","floor":3,"turns":4},{"damage":31,"enemies":"Gremlin Nob","floor":6,"turns":6},{"damage":2,"enemies":"Looter","floor":7,"turns":3},{"damage":6,"enemies":"Red Slaver","floor":11,"turns":2},{"damage":21,"enemies":"Gremlin Gang","floor":13,"turns":5},{"damage":9,"enemies":"Lagavulin","floor":14,"turns":6},{"damage":47,"enemies":"Hexaghost","floor":16,"turns":9},{"damage":5,"enemies":"Spheric Guardian","floor":18,"turns":3},{"damage":20,"enemies":"3 Byrds","floor":19,"turns":3},{"damage":19,"enemies":"Slaver and Parasite","floor":22,"turns":5},{"damage":24,"enemies":"3 Cultists","floor":24,"turns":5},{"damage":21,"enemies":"Snake Plant","floor":29,"turns":3},{"damage":9,"enemies":"Snecko","floor":31,"turns":6},{"damage":7,"enemies":"Collector","floor":33,"turns":5},{"damage":9,"enemies":"Orb Walker","floor":35,"turns":5},{"damage":47,"enemies":"3 Darklings","floor":36,"turns":3},{"damage":49,"enemies":"4 Shapes","floor":38,"turns":3},{"damage":4,"enemies":"Maw","floor":39,"turns":4},{"damage":19,"enemies":"3 Darklings","floor":41,"turns":2},{"damage":25,"enemies":"Sphere and 2 Shapes","floor":42,"turns":4},{"damage":4,"enemies":"Maw","floor":44,"turns":5},{"damage":11,"enemies":"3 Darklings","floor":48,"turns":5},{"damage":65,"enemies":"Donu and Deca","floor":50,"turns":9}],"event_choices":[{"event_name":"Big Fish","player_choice":"Box","floor":5,"damage_taken":0},{"event_name":"N\u0027loth","player_choice":"Ignored","floor":20,"damage_taken":0},{"event_name":"Knowing Skull","player_choice":"GOLD GOLD ","floor":21,"damage_taken":0},{"event_name":"The Library","player_choice":"Read","floor":28,"damage_taken":0},{"event_name":"Match and Keep!","player_choice":"0 cards matched","floor":46,"damage_taken":0}],"boss_relics":[{"not_picked":["Snecko Eye","Runic Pyramid"],"picked":"Question Card"},{"not_picked":["Velvet Choker","Runic Dome","Philosopher\u0027s Stone"]}],"potions_floor_spawned":[1,2,6,16,18,24,31,36,41,44],"seed_played":"6187807609202775576","ascension_level":2,"is_trial":false}