{"gold_per_floor":[115,115,115,28,28,28,49,49,73,109,109,147,147,147,147,147],"floor_reached":16,"playtime":325,"items_purged":[],"score":206,"play_id":"003d287d-a7d2-494b-bf86-a7c2615bbdd3","local_time":"20190301173113","is_ascension_mode":true,"campfire_choices":[{"data":"Infinite Blades","floor":6,"key":"SMITH"},{"data":"Quick Slash","floor":8,"key":"SMITH"},{"data":"Infinite Blades","floor":11,"key":"SMITH"},{"data":"Deflect","floor":13,"key":"SMITH"},{"floor":15,"key":"REST"}],"neow_cost":"NONE","seed_source_timestamp":424374747020292,"circlet_count":0,"master_deck":["AscendersBane","Defend_G","Defend_G","Defend_G","Defend_G","Defend_G","Strike_G","Strike_G","Strike_G","Strike_G","Strike_G","Survivor","Neutralize+1","Quick Slash+1","Infinite Blades+1","Deflect+1","Infinite Blades+1"],"relics":["Ring of the Snake","NeowsBlessing","Golden Idol","Pen Nib","Juzu Bracelet","Bronze Scales","Bottled Lightning"],"potions_floor_usage":[12,16,16],"damage_taken":[{"damage":0,"enemies":"2 Louse","floor":1,"turns":1},{"damage":0,"enemies":"Small Slimes","floor":7,"turns":1},{"damage":0,"enemies":"3 Sentries","floor":10,"turns":1},{"damage":14,"enemies":"Gremlin Nob","floor":12,"turns":3},{"damage":41,"enemies":"Slime Boss","floor":16,"turns":5}],"seed_played":"7709258501955568824","potions_obtained":[{"floor":1,"key":"Swift Potion"},{"floor":7,"key":"SpeedPotion"},{"floor":12,"key":"Poison Potion"}],"is_trial":false,"path_per_floor":["M","?","?","$","?","R","M","R","T","E","R","E","R","?","R","B"],"character_chosen":"THE_SILENT","items_purchased":["Infinite Blades","Deflect"],"campfire_rested":1,"item_purchase_floors":[4,4],"current_hp_per_floor":[63,46,46,46,34,34,34,34,34,34,34,20,20,20,41,0],"gold":147,"neow_bonus":"THREE_ENEMY_KILL","is_prod":false,"is_daily":false,"chose_seed":false,"campfire_upgraded":4,"win_rate":0,"timestamp":1551421873,"path_taken":["M","?","?","$","?","R","M","R","T","E","R","E","R","?","R","BOSS"],"build_version":"2019-01-23","purchased_purges":0,"victory":false,"max_hp_per_floor":[70,70,70,70,70,70,70,70,70,70,70,70,70,70,70,70],"card_choices":[{"not_picked":["Sucker Punch","Crippling Poison"],"picked":"Quick Slash","floor":1},{"not_picked":["Bane","Leg Sweep","Deadly Poison"],"picked":"SKIP","floor":7},{"not_picked":["Crippling Poison","Blade Dance"],"picked":"Infinite Blades","floor":10},{"not_picked":["Distraction","Poisoned Stab","Dagger Throw"],"picked":"SKIP","floor":12}],"player_experience":737580,"relics_obtained":[{"floor":9,"key":"Juzu Bracelet"},{"floor":10,"key":"Bronze Scales"},{"floor":12,"key":"Bottled Lightning"}],"event_choices":[{"damage_healed":0,"gold_gain":0,"player_choice":"Take Damage","damage_taken":17,"relics_obtained":["Golden Idol"],"max_hp_gain":0,"max_hp_loss":0,"event_name":"Golden Idol","floor":2,"gold_loss":0},{"damage_healed":0,"gold_gain":0,"player_choice":"Grow","damage_taken":0,"max_hp_gain":0,"max_hp_loss":0,"event_name":"Living Wall","floor":3,"gold_loss":0,"cards_upgraded":["Neutralize"]},{"damage_healed":0,"gold_gain":0,"player_choice":"Success","damage_taken":12,"relics_obtained":["Pen Nib"],"max_hp_gain":0,"max_hp_loss":0,"event_name":"Scrap Ooze","floor":5,"gold_loss":0},{"damage_healed":0,"gold_gain":0,"player_choice":"Ignored","damage_taken":0,"max_hp_gain":0,"max_hp_loss":0,"event_name":"Shining Light","floor":14,"gold_loss":0}],"is_beta":false,"boss_relics":[],"items_purged_floors":[],"is_endless":false,"potions_floor_spawned":[1,7,12],"killed_by":"Slime Boss","ascension_level":12}