{"gold_per_floor":[115,36,49,60,75,106,106,137,137,149,25,25,25,25,25,125,125,135,145,9,27,47,47,81,81,81,6,35,52,52,151,151,246,246,260,260,260,275,295,295,295,330,354,354,371,389,401,415,415,415,415,415,101,101],"floor_reached":54,"playtime":3972,"items_purged":["Strike_G","Writhe"],"score":769,"play_id":"1848e3e4-3570-45bc-8cde-d2f84def3705","local_time":"20190104111315","is_ascension_mode":false,"campfire_choices":[{"data":"Terror","floor":7.0,"key":"SMITH"},{"data":"Neutralize","floor":15.0,"key":"SMITH"},{"floor":23.0,"key":"REST"},{"data":"Leg Sweep","floor":25.0,"key":"SMITH"},{"data":"Noxious Fumes","floor":32.0,"key":"SMITH"},{"floor":40.0,"key":"RECALL"},{"data":"Envenom","floor":44.0,"key":"SMITH"},{"data":"Night Terror","floor":49.0,"key":"SMITH"},{"data":"Blur","floor":52,"key":"SMITH"}],"neow_cost":"NONE","seed_source_timestamp":860889073806835,"circlet_count":0,"master_deck":["Defend_G","Defend_G","Defend_G","Defend_G","Strike_G","Strike_G","Strike_G","Survivor","Neutralize+1","Terror+1","Noxious Fumes+1","Masterful Stab","Leg Sweep+1","Sucker Punch","Flying Knee","Corpse Explosion","Writhe","Clumsy","Dagger Throw+1","Bouncing Flask","Backstab","Masterful Stab","Backflip+1","Dagger Spray+1","After Image","Blur+1","Catalyst+1","Envenom+1","Night Terror+1"],"special_seed":0,"relics":["Ring of the Snake","NeowsBlessing","Mango","Bird Faced Urn","Gambling Chip","Ice Cream","Calling Bell","Orichalcum","Mummified Hand","Pocketwatch","Oddly Smooth Stone","Gremlin Horn","Happy Flower","Black Star","FossilizedHelix","Du-Vu Doll","Omamori","Ginger"],"potions_floor_usage":[50],"damage_taken":[{"damage":0.0,"enemies":"Cultist","floor":1.0,"turns":1.0},{"damage":0.0,"enemies":"Small Slimes","floor":3.0,"turns":1.0},{"damage":0.0,"enemies":"2 Louse","floor":4.0,"turns":1.0},{"damage":4.0,"enemies":"Blue Slaver","floor":5.0,"turns":4.0},{"damage":1.0,"enemies":"Lagavulin","floor":6.0,"turns":5.0},{"damage":13.0,"enemies":"Gremlin Nob","floor":8.0,"turns":4.0},{"damage":0.0,"enemies":"Exordium Wildlife","floor":10.0,"turns":3.0},{"damage":13.0,"enemies":"The Guardian","floor":16.0,"turns":14.0},{"damage":5.0,"enemies":"3 Byrds","floor":18.0,"turns":3.0},{"damage":0.0,"enemies":"Chosen","floor":19.0,"turns":5.0},{"damage":13.0,"enemies":"Shelled Parasite and Fungi","floor":21.0,"turns":8.0},{"damage":10.0,"enemies":"Cultist and Chosen","floor":22.0,"turns":6.0},{"damage":7.0,"enemies":"Gremlin Leader","floor":24.0,"turns":5.0},{"damage":0.0,"enemies":"Slavers","floor":28.0,"turns":2.0},{"damage":0.0,"enemies":"Centurion and Healer","floor":29.0,"turns":4.0},{"damage":36.0,"enemies":"Collector","floor":33.0,"turns":8.0},{"damage":3.0,"enemies":"Orb Walker","floor":35.0,"turns":3.0},{"damage":4.0,"enemies":"3 Shapes","floor":38.0,"turns":3.0},{"damage":0.0,"enemies":"Writhing Mass","floor":39.0,"turns":9.0},{"damage":0.0,"enemies":"Nemesis","floor":42.0,"turns":7.0},{"damage":10.0,"enemies":"Sphere and 2 Shapes","floor":45.0,"turns":5.0},{"damage":0.0,"enemies":"Maw","floor":46.0,"turns":6.0},{"damage":0.0,"enemies":"Transient","floor":47.0,"turns":5.0},{"damage":12.0,"enemies":"Sphere and 2 Shapes","floor":48.0,"turns":4.0},{"damage":54,"enemies":"Donu and Deca","floor":50,"turns":7},{"damage":88,"enemies":"Shield and Spear","floor":54,"turns":6}],"seed_played":"7188742753436484145","potions_obtained":[{"floor":3.0,"key":"SkillPotion"},{"floor":4.0,"key":"EssenceOfSteel"},{"floor":5.0,"key":"Ancient Potion"},{"floor":6.0,"key":"FearPotion"},{"floor":16.0,"key":"Fire Potion"},{"floor":18.0,"key":"Block Potion"},{"floor":22.0,"key":"Explosive Potion"},{"floor":24.0,"key":"PowerPotion"},{"floor":33.0,"key":"Weak Potion"},{"floor":38.0,"key":"Dexterity Potion"},{"floor":39.0,"key":"Weak Potion"},{"floor":48.0,"key":"LiquidBronze"}],"is_trial":false,"path_per_floor":["M","$","M","M","M","E","R","E","T","M","$","?","?","?","R","B",null,"M","M","$","M","M","R","E","R","T","?","E","M","?","?","R","B",null,"M","?","?","M","M","R","T","E","T","R","M","M","M","M","R","B",null,"R","$","E"],"character_chosen":"THE_SILENT","items_purchased":["Noxious Fumes","Flying Knee","Bouncing Flask","Ginger"],"campfire_rested":1,"item_purchase_floors":[2,11,20,53],"current_hp_per_floor":[70,70,70,70,66,79,79,66,66,66,66,66,66,66,66,55,84,79,81,81,70,60,84,77,77,77,77,79,81,81,81,81,47,84,81,81,81,79,83,83,83,84,84,84,74,80,84,72,72,22,84,84,84,0],"gold":101,"neow_bonus":"THREE_ENEMY_KILL","is_prod":false,"is_daily":false,"chose_seed":false,"campfire_upgraded":7,"win_rate":0,"timestamp":1546618395,"path_taken":["M","$","M","M","M","E","R","E","T","M","$","?","?","?","R","BOSS","M","M","$","M","M","R","E","R","T","?","E","M","?","?","R","BOSS","M","?","?","M","M","R","?","E","T","R","M","M","M","M","R","BOSS","R","$","E"],"build_version":"2019-01-03v3","purchased_purges":2,"victory":false,"max_hp_per_floor":[70,70,70,70,70,84,84,84,84,84,84,84,84,84,84,84,84,84,84,84,84,84,84,84,84,84,84,84,84,84,84,84,84,84,84,84,84,84,84,84,84,84,84,84,84,84,84,84,84,84,84,84,84,84],"card_choices":[{"not_picked":["Slice","Caltrops"],"picked":"Terror","floor":1.0},{"not_picked":["Eviscerate","Riddle With Holes"],"picked":"Masterful Stab","floor":3.0},{"not_picked":["Expertise","Distraction"],"picked":"Leg Sweep","floor":4.0},{"not_picked":["Concentrate","Prepared","Well Laid Plans"],"picked":"SKIP","floor":5.0},{"not_picked":["Sucker Punch","Glass Knife","Accuracy"],"picked":"SKIP","floor":6.0},{"not_picked":["Eviscerate","Predator","Escape Plan"],"picked":"SKIP","floor":8.0},{"not_picked":["Well Laid Plans","Heel Hook"],"picked":"Sucker Punch","floor":10.0},{"not_picked":["Glass Knife","Unload"],"picked":"Corpse Explosion","floor":16.0},{"not_picked":["Cloak And Dagger+1","Acrobatics+1","Dagger Spray"],"picked":"SKIP","floor":18.0},{"not_picked":["Heel Hook","Calculated Gamble"],"picked":"Dagger Throw+1","floor":19.0},{"not_picked":["Sucker Punch+1","Quick Slash","Deflect"],"picked":"SKIP","floor":21.0},{"not_picked":["Cloak And Dagger","Flying Knee"],"picked":"Backstab","floor":22.0},{"not_picked":["Deflect","Distraction"],"picked":"Masterful Stab","floor":24.0},{"not_picked":["Outmaneuver","Slice"],"picked":"Backflip+1","floor":28.0},{"not_picked":["Prepared","Unload"],"picked":"Dagger Spray+1","floor":29.0},{"not_picked":["Unload","Phantasmal Killer"],"picked":"After Image","floor":33.0},{"not_picked":["Outmaneuver","Sucker Punch+1","Flying Knee+1"],"picked":"SKIP","floor":35.0},{"not_picked":["Sucker Punch+1","Backstab"],"picked":"Blur","floor":38.0},{"not_picked":["Quick Slash","Leg Sweep"],"picked":"Catalyst+1","floor":39.0},{"not_picked":["Tactician","Dodge and Roll"],"picked":"Envenom","floor":42.0},{"not_picked":["Flying Knee","Expertise+1","Bane"],"picked":"SKIP","floor":45.0},{"not_picked":["Dagger Throw+1","Predator+1","Sucker Punch+1"],"picked":"SKIP","floor":46.0},{"not_picked":["Underhanded Strike","Crippling Poison+1","Sucker Punch"],"picked":"SKIP","floor":47.0},{"not_picked":["Dagger Spray","Heel Hook"],"picked":"Night Terror","floor":48.0}],"player_experience":419666,"relics_obtained":[{"floor":6.0,"key":"Mango"},{"floor":8.0,"key":"Bird Faced Urn"},{"floor":9.0,"key":"Gambling Chip"},{"floor":17.0,"key":"Orichalcum"},{"floor":17.0,"key":"Mummified Hand"},{"floor":17.0,"key":"Pocketwatch"},{"floor":24.0,"key":"Oddly Smooth Stone"},{"floor":26.0,"key":"Gremlin Horn"},{"floor":28.0,"key":"Happy Flower"},{"floor":42.0,"key":"FossilizedHelix"},{"floor":42.0,"key":"Du-Vu Doll"},{"floor":43.0,"key":"Omamori"}],"event_choices":[{"damage_healed":0.0,"max_hp_gain":0.0,"max_hp_loss":0.0,"gold_gain":0.0,"event_name":"The Cleric","player_choice":"Leave","floor":12.0,"gold_loss":0.0,"damage_taken":0.0},{"damage_healed":0.0,"max_hp_gain":0.0,"max_hp_loss":0.0,"gold_gain":0.0,"event_name":"Liars Game","player_choice":"Ignored","floor":13.0,"gold_loss":0.0,"damage_taken":0.0},{"damage_healed":0.0,"max_hp_gain":0.0,"max_hp_loss":0.0,"gold_gain":0.0,"event_name":"Dead Adventurer","player_choice":"Searched \u00271\u0027 times","floor":14.0,"gold_loss":0.0,"damage_taken":0.0,"relics_obtained":["Ice Cream"]},{"cards_removed":["Strike_G"],"damage_healed":0.0,"max_hp_gain":0.0,"max_hp_loss":0.0,"gold_gain":0.0,"event_name":"Beggar","player_choice":"Gave Gold","floor":27.0,"gold_loss":75.0,"damage_taken":0.0},{"damage_healed":0.0,"max_hp_gain":0.0,"max_hp_loss":0.0,"gold_gain":0.0,"event_name":"Vampires","player_choice":"Ignored","floor":30.0,"gold_loss":0.0,"damage_taken":0.0},{"damage_healed":0.0,"max_hp_gain":0.0,"max_hp_loss":0.0,"gold_gain":99.0,"event_name":"Nest","player_choice":"Stole From Cult","floor":31.0,"gold_loss":0.0,"damage_taken":0.0},{"damage_healed":0.0,"max_hp_gain":0.0,"max_hp_loss":0.0,"gold_gain":0.0,"event_name":"SensoryStone","player_choice":"Memory 1","floor":36.0,"gold_loss":0.0,"damage_taken":0.0},{"cards_removed":["Defend_G"],"damage_healed":0.0,"max_hp_gain":0.0,"max_hp_loss":0.0,"gold_gain":0.0,"event_name":"Falling","player_choice":"Removed Skill","floor":37.0,"gold_loss":0.0,"damage_taken":0.0}],"is_beta":false,"boss_relics":[{"not_picked":["Busted Crown","Ectoplasm"],"picked":"Calling Bell"},{"not_picked":["Philosopher\u0027s Stone","Tiny House"],"picked":"Black Star"}],"items_purged_floors":[11,20],"is_endless":false,"potions_floor_spawned":[3,4,5,6,16,18,22,24,33,38,39,48],"killed_by":"Shield and Spear","ascension_level":0}