{"path_per_floor":["M","?","M","$","M","E","M","R","T","M","R","E","M","E","R","B",null,"M","?","?","M","?","R","$","R","T","R","E","$","E","M","R","B",null,"M","M","?","M","$","E","?","R","T","R","M","M","M","M","R","B"],"character_chosen":"IRONCLAD","items_purchased":["Sword Boomerang","Disarm","Regal Pillow","Corruption","Red Skull"],"gold_per_floor":[116,116,130,85,102,131,143,143,166,178,178,204,221,251,251,348,348,359,539,539,552,552,552,264,264,264,264,291,116,148,162,162,261,261,271,289,289,306,9,38,0,0,23,23,42,60,74,92,92,92],"floor_reached":51,"campfire_rested":2,"playtime":3340,"current_hp_per_floor":[72,72,72,72,72,43,33,33,33,28,28,31,29,31,31,11,57,52,28,28,24,24,45,45,45,45,45,36,36,23,29,65,65,70,72,67,67,72,72,72,72,72,72,72,72,75,75,75,75,75],"items_purged":["Strike_R","Strike_R"],"gold":92,"score":1130,"play_id":"1b03b9d8-becd-4854-91da-cb4613a1946e","local_time":"20180419183728","is_prod":false,"is_daily":false,"chose_seed":false,"is_ascension_mode":true,"campfire_upgraded":8,"timestamp":1524155848,"path_taken":["M","?","?","$","?","E","M","R","T","M","R","E","M","E","R","BOSS","M","?","?","M","?","R","$","R","T","R","E","$","E","M","R","BOSS","M","M","?","M","$","E","?","R","T","R","M","?","M","M","R","BOSS"],"build_version":"2018-04-12","seed_source_timestamp":0,"purchased_purges":2,"victory":true,"master_deck":["Strike_R","Strike_R","Strike_R","Defend_R","Defend_R","Defend_R","Defend_R","Bash+1","Whirlwind+1","Twin Strike","Sword Boomerang+1","Wild Strike","Inflame+1","Iron Wave+1","Dual Wield","Shrug It Off+1","Limit Break+1","Ghostly Armor","Disarm+1","Flame Barrier","Corruption+1","Sentinel+1","Exhume","Disarm","Sentinel+1","Apotheosis","Ghostly Armor","True Grit+1","Exhume","Intimidate"],"max_hp_per_floor":[72,72,72,72,72,72,72,72,72,72,72,72,72,72,72,72,72,72,72,72,72,72,72,72,72,72,72,72,72,72,72,72,72,72,72,72,72,72,72,72,72,72,72,72,72,75,75,75,75,75],"relics":["Burning Blood","Sundial","Omamori","Art of War","Pen Nib","Lantern","Snecko Eye","Regal Pillow","Dead Branch","Oddly Smooth Stone","Dodecahedron","Cursed Key","Red Skull","Blue Candle","Red Mask","Blood Vial"],"card_choices":[{"not_picked":["True Grit","Fire Breathing"],"picked":"Whirlwind","floor":1.0},{"not_picked":["Headbutt","Shrug It Off"],"picked":"Twin Strike","floor":3.0},{"not_picked":["Shrug It Off","Armaments"],"picked":"Wild Strike","floor":5.0},{"not_picked":["Dropkick","Battle Trance"],"picked":"Inflame","floor":6.0},{"not_picked":["Twin Strike","Power Through"],"picked":"Iron Wave","floor":10.0},{"not_picked":["Corruption","Headbutt"],"picked":"Dual Wield","floor":12.0},{"not_picked":["Cleave","Searing Blow"],"picked":"Shrug It Off","floor":14.0},{"not_picked":["Dark Embrace","Barricade"],"picked":"Limit Break","floor":16.0},{"not_picked":["Havoc","Cleave"],"picked":"Ghostly Armor","floor":18.0},{"not_picked":["Entrench","Whirlwind"],"picked":"Flame Barrier","floor":28.0},{"not_picked":["Iron Wave","Dropkick"],"picked":"Sentinel","floor":30.0},{"not_picked":["Berserk","Immolate"],"picked":"Exhume","floor":33.0},{"not_picked":["Dual Wield","Warcry"],"picked":"Disarm","floor":35.0},{"not_picked":["Dropkick","Iron Wave"],"picked":"Sentinel","floor":36.0},{"not_picked":["Bandage Up","Sadistic Nature"],"picked":"Apotheosis","floor":37.0},{"not_picked":["Havoc","Headbutt"],"picked":"Ghostly Armor","floor":40},{"not_picked":["Havoc","Clash"],"picked":"True Grit","floor":46},{"not_picked":["Anger","Clash"],"picked":"Exhume","floor":47},{"not_picked":["Thunderclap","Sever Soul"],"picked":"Intimidate","floor":48}],"player_experience":360605,"potions_floor_usage":[50,50],"damage_taken":[{"damage":0.0,"enemies":"Small Slimes","floor":1.0,"turns":4.0},{"damage":6.0,"enemies":"Cultist","floor":3.0,"turns":3.0},{"damage":0.0,"enemies":"2 Louse","floor":5.0,"turns":2.0},{"damage":35.0,"enemies":"Lagavulin","floor":6.0,"turns":5.0},{"damage":16.0,"enemies":"Exordium Thugs","floor":7.0,"turns":5.0},{"damage":11.0,"enemies":"Exordium Wildlife","floor":10.0,"turns":4.0},{"damage":3.0,"enemies":"Gremlin Nob","floor":12.0,"turns":3.0},{"damage":8.0,"enemies":"Large Slime","floor":13.0,"turns":4.0},{"damage":4.0,"enemies":"3 Sentries","floor":14.0,"turns":2.0},{"damage":26.0,"enemies":"Slime Boss","floor":16.0,"turns":9.0},{"damage":11.0,"enemies":"2 Thieves","floor":18.0,"turns":2.0},{"damage":10.0,"enemies":"Chosen","floor":21.0,"turns":4.0},{"damage":15.0,"enemies":"Slavers","floor":28.0,"turns":3.0},{"damage":19.0,"enemies":"Gremlin Leader","floor":30.0,"turns":7.0},{"damage":0.0,"enemies":"Snake Plant","floor":31.0,"turns":3.0},{"damage":6.0,"enemies":"Champ","floor":33.0,"turns":7.0},{"damage":2.0,"enemies":"Orb Walker","floor":35.0,"turns":4.0},{"damage":11.0,"enemies":"3 Darklings","floor":36.0,"turns":3.0},{"damage":0.0,"enemies":"4 Shapes","floor":38.0,"turns":3.0},{"damage":0,"enemies":"Nemesis","floor":40,"turns":3},{"damage":0,"enemies":"3 Darklings","floor":45,"turns":3},{"damage":0,"enemies":"4 Shapes","floor":46,"turns":3},{"damage":0,"enemies":"Sphere and 2 Shapes","floor":47,"turns":3},{"damage":6,"enemies":"Maw","floor":48,"turns":5},{"damage":0,"enemies":"Awakened One","floor":50,"turns":3}],"event_choices":[{"event_name":"Upgrade Shrine","player_choice":"Upgraded","floor":2.0,"damage_taken":0.0},{"event_name":"Knowing Skull","player_choice":"GOLD GOLD ","floor":19.0,"damage_taken":0.0},{"event_name":"Ghosts","player_choice":"Ignored","floor":20.0,"damage_taken":0.0},{"event_name":"Addict","player_choice":"Ignored","floor":22.0,"damage_taken":0.0},{"event_name":"SensoryStone","player_choice":"Memory 1","floor":37.0,"damage_taken":0.0},{"event_name":"Tomb of Lord Red Mask","player_choice":"Paid","floor":41,"damage_taken":0}],"boss_relics":[],"potions_floor_spawned":[1,5,6,14,16,28,31,33,45,46,48],"seed_played":"-4270787759017464942","ascension_level":9,"is_trial":false}