{"path_per_floor":["M","$","?","?","M","R","E","?","T","E","R","?","R","M","R","B",null,"M","M","$","M"],"character_chosen":"THE_SILENT","items_purchased":["Pen Nib"],"gold_per_floor":[118,118,118,118,128,128,156,156,156,181,181,181,181,202,202,328,328,347,272,45,68],"floor_reached":22,"campfire_rested":2,"playtime":1709,"current_hp_per_floor":[70,70,63,63,63,63,23,23,23,13,34,34,34,34,55,37,70,62,44,44,18],"items_purged":["Injury"],"gold":68,"play_id":"22df37c8-dc57-4452-9bd8-f2b8bcb866bb","is_prod":false,"is_daily":false,"is_ascension_mode":false,"campfire_upgraded":2,"path_taken":["M","?","?","?","M","R","E","?","T","E","R","?","R","M","R","BOSS","M","M","$","M","M"],"build_version":"2018-01-25-PROD3","purchased_purges":1,"victory":false,"master_deck":["Defend_G","Defend_G","Defend_G","Defend_G","Defend_G","Strike_G","Strike_G","Strike_G","Survivor","Neutralize","Dagger Throw","Skewer+1","Tools of the Trade","Bouncing Flask+1","Noxious Fumes","After Image","Bouncing Flask","Catalyst","Flying Knee"],"max_hp_per_floor":[70,70,70,70,70,70,70,70,70,70,70,70,70,70,70,70,70,70,70,70,70],"relics":["Ring of the Snake","Juzu Bracelet","Prayer Wheel","Kunai","Golden Idol","Runic Pyramid","Pen Nib"],"card_choices":[{"not_picked":["Poisoned Stab","Crippling Poison"],"picked":"Skewer"},{"not_picked":["Bane","Masterful Stab"],"picked":"Tools of the Trade"},{"not_picked":["Reflex","Malaise"],"picked":"Bouncing Flask"},{"not_picked":["Well Laid Plans","Outmaneuver"],"picked":"Noxious Fumes"},{"not_picked":["Night Terror","Tools of the Trade"],"picked":"After Image"},{"not_picked":["Outmaneuver","Bane"],"picked":"Bouncing Flask"},{"not_picked":["Leg Sweep","Dagger Throw"],"picked":"Catalyst"},{"not_picked":["Dodge and Roll","Dagger Throw"],"picked":"Flying Knee"}],"player_experience":45223,"potions_floor_usage":[10,19],"damage_taken":[{"damage":0,"enemies":"Blue Slaver","floor":1,"turns":7},{"damage":0,"enemies":"Jaw Worm","floor":5,"turns":4},{"damage":40,"enemies":"Lagavulin","floor":7,"turns":11},{"damage":22,"enemies":"Gremlin Nob","floor":10,"turns":5},{"damage":0,"enemies":"Small Slimes","floor":14,"turns":3},{"damage":18,"enemies":"Hexaghost","floor":16,"turns":9},{"damage":8,"enemies":"Spheric Guardian","floor":18,"turns":4},{"damage":18,"enemies":"2 Thieves","floor":19,"turns":5},{"damage":26,"enemies":"Snake Plant","floor":21,"turns":3},{"damage":21,"enemies":"3 Cultists","floor":22,"turns":3}],"event_choices":[{"event_name":"Golden Wing","player_choice":"Card Removal","floor":3,"damage_taken":0},{"event_name":"The Cleric","player_choice":"Leave","floor":4,"damage_taken":0},{"event_name":"Shining Light","player_choice":"Ignored","floor":8,"damage_taken":0},{"event_name":"Golden Idol","player_choice":"Take Wound","floor":12,"damage_taken":0}],"boss_relics":[{"not_picked":["Sozu","Eternal Feather"],"picked":"Runic Pyramid"}],"potions_floor_spawned":[7,10,16],"seed_played":"255937406083955799","killed_by":"3 Cultists","ascension_level":0,"is_trial":false}