{"gold_per_floor":[119,129,147,159,58,92,92,119,119,119,119,42,69,81,81,155,155,175,70,86,11,29,29,58,58,137,137,156,156,188,198,198,198],"floor_reached":33,"playtime":1268,"items_purged":["Strike_B"],"score":635,"play_id":"635ba2af-f4b5-41e0-b0e8-f46a8cc5b711","local_time":"20190302103531","is_ascension_mode":true,"campfire_choices":[{"data":"Zap","floor":7.0,"key":"SMITH"},{"data":"Sweeping Beam","floor":10.0,"key":"SMITH"},{"data":"Defragment","floor":15.0,"key":"SMITH"},{"data":"Hologram","floor":23,"key":"SMITH"},{"data":"Dualcast","floor":25,"key":"SMITH"},{"data":"Static Discharge","floor":27,"key":"SMITH"},{"data":"Biased Cognition","floor":32,"key":"SMITH"}],"neow_cost":"NONE","seed_source_timestamp":93668107551366,"circlet_count":0,"master_deck":["AscendersBane","Defend_B","Defend_B","Defend_B","Defend_B","Zap+1","Dualcast+1","Doom and Gloom","Ball Lightning","Sweeping Beam+1","Cold Snap","Glacier","Ball Lightning","BootSequence","Conserve Battery","Defragment+1","Lockon","Chill","Biased Cognition+1","Doom and Gloom+1","Bandage Up","Ball Lightning","Hologram+1","Static Discharge+1","Bite","Bite","Bite","Bite","Bite","Creative AI"],"special_seed":0,"relics":["Cracked Core","Dream Catcher","Letter Opener","Singing Bowl","Coffee Dripper","Question Card","Tiny Chest","Kunai"],"potions_floor_usage":[24,30,30],"damage_taken":[{"damage":2.0,"enemies":"Jaw Worm","floor":1.0,"turns":3.0},{"damage":1.0,"enemies":"Cultist","floor":2.0,"turns":3.0},{"damage":5.0,"enemies":"Small Slimes","floor":3.0,"turns":2.0},{"damage":17.0,"enemies":"3 Louse","floor":4.0,"turns":2.0},{"damage":8.0,"enemies":"3 Sentries","floor":6.0,"turns":6.0},{"damage":29.0,"enemies":"Gremlin Nob","floor":8.0,"turns":4.0},{"damage":17.0,"enemies":"3 Sentries","floor":13.0,"turns":4.0},{"damage":0.0,"enemies":"Large Slime","floor":14.0,"turns":4.0},{"damage":4.0,"enemies":"Hexaghost","floor":16.0,"turns":9.0},{"damage":0.0,"enemies":"Chosen","floor":18.0,"turns":3.0},{"damage":0.0,"enemies":"2 Thieves","floor":20.0,"turns":3.0},{"damage":0,"enemies":"Chosen and Byrds","floor":22,"turns":4},{"damage":24,"enemies":"Slavers","floor":24,"turns":4},{"damage":10,"enemies":"Snecko","floor":28,"turns":3},{"damage":9,"enemies":"Gremlin Leader","floor":30,"turns":6},{"damage":4,"enemies":"Centurion and Healer","floor":31,"turns":5},{"damage":87,"enemies":"Champ","floor":33,"turns":8}],"seed_played":"6889530885173862808","potions_obtained":[{"floor":3.0,"key":"AttackPotion"},{"floor":6.0,"key":"Regen Potion"},{"floor":13.0,"key":"AttackPotion"},{"floor":14.0,"key":"Regen Potion"},{"floor":18.0,"key":"Explosive Potion"},{"floor":22,"key":"SpeedPotion"},{"floor":24,"key":"Weak Potion"}],"is_trial":false,"path_per_floor":["M","M","M","M","$","E","R","E","T","R","?","$","E","M","R","B",null,"M","$","M","$","M","R","E","R","T","R","M","?","E","M","R","B"],"character_chosen":"DEFECT","items_purchased":["Glacier","Ball Lightning","Defragment","Bandage Up"],"campfire_rested":0,"item_purchase_floors":[5,5,12,19],"current_hp_per_floor":[69,68,63,46,46,38,38,9,9,9,9,9,6,8,8,21,64,66,66,68,68,74,74,56,56,56,56,54,54,61,65,65,0],"gold":198,"neow_bonus":"TEN_PERCENT_HP_BONUS","is_prod":false,"is_daily":false,"chose_seed":false,"campfire_upgraded":7,"win_rate":0,"timestamp":1551540931,"path_taken":["M","M","M","M","$","E","R","E","T","R","?","$","E","M","R","BOSS","M","?","?","$","M","R","E","R","T","R","M","?","E","M","R","BOSS"],"build_version":"2019-01-23","purchased_purges":1,"victory":false,"max_hp_per_floor":[78,78,78,78,78,78,78,78,78,78,78,78,78,78,78,78,78,78,78,78,78,78,78,78,78,78,78,80,80,82,82,82,82],"card_choices":[{"not_picked":["Turbo","Hologram"],"picked":"Doom and Gloom","floor":1.0},{"not_picked":["Cold Snap","Heatsinks"],"picked":"Ball Lightning","floor":2.0},{"not_picked":["Go for the Eyes","Cold Snap"],"picked":"Sweeping Beam","floor":3.0},{"not_picked":["Stack","Barrage"],"picked":"Cold Snap","floor":4.0},{"not_picked":["Fusion","Amplify"],"picked":"BootSequence","floor":6.0},{"not_picked":["Skim","Steam Power"],"picked":"Conserve Battery","floor":8.0},{"not_picked":["Gash","Darkness"],"picked":"Lockon","floor":13.0},{"not_picked":["Glacier","Skim"],"picked":"Chill","floor":14.0},{"not_picked":["Echo Form","All For One"],"picked":"Biased Cognition","floor":16.0},{"not_picked":["Sweeping Beam","Rebound"],"picked":"Doom and Gloom+1","floor":18.0},{"not_picked":["Turbo","Heatsinks"],"picked":"Ball Lightning","floor":20.0},{"not_picked":["Scrape","Force Field"],"picked":"Hologram","floor":22},{"not_picked":["Conserve Battery","Turbo"],"picked":"Static Discharge","floor":24},{"not_picked":["Redo","Darkness","Chill","Sunder"],"picked":"Singing Bowl","floor":28},{"not_picked":["Double Energy","Go for the Eyes","Turbo","Redo"],"picked":"Singing Bowl","floor":30},{"not_picked":["Go for the Eyes","Chaos+1","Hologram"],"picked":"Creative AI","floor":31}],"player_experience":638567,"relics_obtained":[{"floor":6.0,"key":"Dream Catcher"},{"floor":8.0,"key":"Blood Vial"},{"floor":9.0,"key":"Letter Opener"},{"floor":13.0,"key":"Singing Bowl"},{"floor":24,"key":"Question Card"},{"floor":26,"key":"Tiny Chest"},{"floor":30,"key":"Kunai"}],"event_choices":[{"cards_removed":["Strike_B"],"damage_healed":0.0,"max_hp_gain":0.0,"max_hp_loss":0.0,"gold_gain":0.0,"event_name":"Purifier","player_choice":"Purged","floor":11.0,"gold_loss":0.0,"damage_taken":0.0},{"damage_healed":0,"gold_gain":0,"player_choice":"Became a vampire (Vial)","damage_taken":0,"max_hp_gain":0,"max_hp_loss":0,"event_name":"Vampires","floor":29,"relics_lost":["Blood Vial"],"gold_loss":0,"cards_obtained":["Bite","Bite","Bite","Bite","Bite"]}],"is_beta":false,"boss_relics":[{"not_picked":["Tiny House","Velvet Choker"],"picked":"Coffee Dripper"}],"items_purged_floors":[21],"is_endless":false,"potions_floor_spawned":[3,6,13,14,18,22,24],"killed_by":"Champ","ascension_level":20}