{"gold_per_floor":[114,128,128,38,38,70,20,45,71,71,71],"floor_reached":11,"playtime":324,"items_purged":[],"score":154,"play_id":"1ebf2623-ed03-4edc-91d3-6c8c35d9f2d5","local_time":"20190227152732","is_ascension_mode":true,"campfire_choices":[{"data":"True Grit","floor":10.0,"key":"SMITH"}],"neow_cost":"NONE","seed_source_timestamp":320514376088274,"circlet_count":0,"master_deck":["AscendersBane","Strike_R","Strike_R","Strike_R","Strike_R","Defend_R","Defend_R","Defend_R","Defend_R","Bash","Clothesline","Immolate","Shrug It Off","True Grit+1"],"special_seed":0,"relics":["Burning Blood","Anchor","Blood Vial","Gambling Chip","Oddly Smooth Stone"],"potions_floor_usage":[11],"damage_taken":[{"damage":8.0,"enemies":"Cultist","floor":1.0,"turns":5.0},{"damage":7.0,"enemies":"Small Slimes","floor":2.0,"turns":4.0},{"damage":10.0,"enemies":"3 Sentries","floor":6.0,"turns":3.0},{"damage":54.0,"enemies":"Gremlin Nob","floor":8.0,"turns":6.0},{"damage":29,"enemies":"Lagavulin","floor":11,"turns":8}],"seed_played":"2210510440566156316","potions_obtained":[{"floor":8.0,"key":"Dexterity Potion"}],"is_trial":false,"path_per_floor":["M","M","?","$","?","E","$","E","T","R","E"],"character_chosen":"IRONCLAD","items_purchased":["Immolate","Shrug It Off"],"campfire_rested":0,"item_purchase_floors":[4,7],"current_hp_per_floor":[66,65,65,65,65,61,61,15,15,15,0],"gold":71,"neow_bonus":"TRANSFORM_CARD","is_prod":false,"is_daily":false,"chose_seed":false,"campfire_upgraded":1,"win_rate":0,"timestamp":1551299252,"path_taken":["M","?","?","$","?","E","$","E","T","R","E"],"build_version":"2019-01-23","purchased_purges":0,"victory":false,"max_hp_per_floor":[75,75,75,75,75,75,75,75,75,75,75],"card_choices":[{"not_picked":["Armaments","Thunderclap"],"picked":"Clothesline","floor":1.0},{"not_picked":["Havoc","Blood for Blood"],"picked":"Uppercut","floor":2.0},{"not_picked":["Bloodletting","Intimidate","Blood for Blood"],"picked":"SKIP","floor":6.0},{"not_picked":["Clash","Havoc"],"picked":"True Grit","floor":8.0}],"player_experience":592699,"relics_obtained":[{"floor":6.0,"key":"Blood Vial"},{"floor":8.0,"key":"Gambling Chip"},{"floor":9.0,"key":"Oddly Smooth Stone"}],"event_choices":[{"cards_removed":["Entrench"],"damage_healed":0.0,"max_hp_gain":0.0,"max_hp_loss":0.0,"gold_gain":0.0,"event_name":"Living Wall","player_choice":"Forget","floor":3.0,"gold_loss":0.0,"damage_taken":0.0},{"cards_removed":["Uppercut"],"damage_healed":0.0,"max_hp_gain":0.0,"max_hp_loss":0.0,"gold_gain":0.0,"event_name":"WeMeetAgain","player_choice":"Gave Card","floor":5.0,"gold_loss":0.0,"damage_taken":0.0,"relics_obtained":["Anchor"]}],"is_beta":false,"boss_relics":[],"items_purged_floors":[],"is_endless":false,"potions_floor_spawned":[8],"killed_by":"Lagavulin","ascension_level":19}