{"gold_per_floor":[111,123,123,123,123,163,177,202,225,240,258,258,258,35,35,125,125,138,138,138,156,170,2,2,16,16,16,16,16,41,41,41,132,132,157,157,2,22,22,56,56,56,56,74,94,119,70,70,70,70],"floor_reached":51,"playtime":1997,"items_purged":["Strike_B","Strike_B"],"score":1223,"play_id":"cd2f00b4-b551-44b7-96fe-c07445555a21","local_time":"20190309115210","is_ascension_mode":true,"campfire_choices":[{"data":"Chaos","floor":13,"key":"SMITH"},{"floor":15,"key":"REST"},{"data":"Consume","floor":24,"key":"SMITH"},{"data":"Sunder","floor":29,"key":"SMITH"},{"floor":32,"key":"REST"},{"data":"Sunder","floor":41,"key":"SMITH"},{"data":"Streamline","floor":49,"key":"SMITH"}],"neow_cost":"NONE","seed_source_timestamp":1093620025440440,"circlet_count":0,"master_deck":["AscendersBane","Defend_B","Defend_B","Defend_B","Zap","Dualcast+1","Chaos+1","Rip and Tear","Streamline+1","Force Field+1","Consume+1","Glacier","Sunder+1","Sunder+1","Necronomicurse","Rainbow","Electrodynamics","Sunder+1","Buffer+1","Undo+1"],"relics":["Snecko Eye","Golden Idol","Vajra","Boot","Bag of Marbles","Inserter","Mummified Hand","Blood Vial","Necronomicon","Empty Cage","Lantern","FossilizedHelix"],"potions_floor_usage":[6,16,16,33,50,50],"damage_taken":[{"damage":8,"enemies":"Small Slimes","floor":1,"turns":4},{"damage":10,"enemies":"2 Louse","floor":2,"turns":5},{"damage":31,"enemies":"Gremlin Nob","floor":6,"turns":4},{"damage":1,"enemies":"Cultist","floor":7,"turns":3},{"damage":0,"enemies":"Exordium Thugs","floor":10,"turns":3},{"damage":1,"enemies":"3 Louse","floor":11,"turns":3},{"damage":0,"enemies":"Slime Boss","floor":16,"turns":9},{"damage":2,"enemies":"2 Thieves","floor":18,"turns":4},{"damage":0,"enemies":"Shell Parasite","floor":21,"turns":4},{"damage":0,"enemies":"3 Cultists","floor":22,"turns":6},{"damage":0,"enemies":"Chosen and Byrds","floor":25,"turns":6},{"damage":7,"enemies":"Centurion and Healer","floor":30,"turns":4},{"damage":9,"enemies":"Champ","floor":33,"turns":7},{"damage":0,"enemies":"Orb Walker","floor":35,"turns":1},{"damage":6,"enemies":"3 Shapes","floor":38,"turns":4},{"damage":30,"enemies":"Nemesis","floor":40,"turns":6},{"damage":0,"enemies":"Transient","floor":44,"turns":5},{"damage":0,"enemies":"4 Shapes","floor":45,"turns":5},{"damage":11,"enemies":"3 Darklings","floor":46,"turns":3},{"damage":53,"enemies":"Donu and Deca","floor":50,"turns":8}],"seed_played":"6030219825171592740","potions_obtained":[{"floor":2,"key":"GamblersBrew"},{"floor":7,"key":"EssenceOfSteel"},{"floor":11,"key":"Fire Potion"},{"floor":16,"key":"Energy Potion"},{"floor":18,"key":"Strength Potion"},{"floor":44,"key":"SteroidPotion"},{"floor":46,"key":"Strength Potion"}],"is_trial":false,"path_per_floor":["M","M","?","?","?","E","M","T","T","M","M","?","R","$","R","B",null,"M","?","?","M","M","$","R","M","T","?","$","R","M","?","R","B",null,"M","?","$","M","?","E","R","?","T","M","M","M","$","?","R","B",null],"character_chosen":"DEFECT","items_purchased":["Glacier","Sunder","Capacitor","Electrodynamics","Strength Potion"],"campfire_rested":2,"item_purchase_floors":[14,14,23,37,47],"current_hp_per_floor":[56,46,69,52,52,21,20,20,20,20,19,5,5,5,26,26,60,58,58,58,58,58,58,58,58,58,58,58,58,53,37,58,51,66,68,68,68,64,64,36,36,71,71,71,71,60,60,60,60,9],"gold":70,"neow_bonus":"BOSS_RELIC","is_prod":false,"is_daily":false,"chose_seed":false,"campfire_upgraded":5,"win_rate":0,"timestamp":1552092730,"path_taken":["M","M","?","?","?","E","?","?","T","M","M","?","R","$","R","BOSS","M","?","?","M","?","$","R","?","T","?","$","R","M","?","R","BOSS","M","?","$","M","?","E","R","?","T","M","?","M","$","?","R","BOSS"],"build_version":"2019-01-23","purchased_purges":2,"victory":true,"max_hp_per_floor":[71,71,71,71,71,71,71,71,71,71,71,71,71,71,71,71,71,71,71,71,71,71,71,71,71,71,71,71,71,71,71,71,71,71,71,71,71,71,71,71,71,71,71,71,71,71,71,71,71,71],"card_choices":[{"not_picked":["Gash","Leap"],"picked":"Storm","floor":1},{"not_picked":["Hologram","Beam Cell"],"picked":"Chaos","floor":2},{"not_picked":["BootSequence","Steam"],"picked":"Streamline","floor":6},{"not_picked":["Steam","Lockon"],"picked":"Force Field","floor":7},{"not_picked":["Streamline","Auto Shields","Barrage"],"picked":"SKIP","floor":10},{"not_picked":["Coolheaded","Cold Snap"],"picked":"Consume","floor":11},{"not_picked":["Steam","Tempest","BootSequence"],"picked":"SKIP","floor":18},{"not_picked":["Fusion","Hologram","FTL"],"picked":"SKIP","floor":21},{"not_picked":["Double Energy+1","Storm","Auto Shields"],"picked":"SKIP","floor":22},{"not_picked":["Hologram","Gash","Defragment"],"picked":"SKIP","floor":25},{"not_picked":["Coolheaded","Skim","Stack"],"picked":"SKIP","floor":30},{"not_picked":["Reboot","Machine Learning"],"picked":"Rainbow","floor":33},{"not_picked":["Gash","Sweeping Beam","Cold Snap"],"picked":"SKIP","floor":35},{"not_picked":["Rebound","Ball Lightning","Compile Driver"],"picked":"SKIP","floor":38},{"not_picked":["Genetic Algorithm","Rebound"],"picked":"Sunder","floor":40},{"not_picked":["Leap","Glacier"],"picked":"Buffer","floor":44},{"not_picked":["Barrage","Sweeping Beam","Ball Lightning"],"picked":"SKIP","floor":45},{"not_picked":["Barrage","Rebound"],"picked":"Undo+1","floor":46}],"player_experience":753511,"relics_obtained":[{"floor":6,"key":"Vajra"},{"floor":8,"key":"Boot"},{"floor":9,"key":"Bag of Marbles"},{"floor":26,"key":"Blood Vial"},{"floor":31,"key":"Necronomicon"},{"floor":40,"key":"Lantern"},{"floor":43,"key":"FossilizedHelix"}],"event_choices":[{"damage_healed":23,"gold_gain":0,"player_choice":"Banana","damage_taken":0,"max_hp_gain":0,"max_hp_loss":0,"event_name":"Big Fish","floor":3,"gold_loss":0},{"damage_healed":0,"gold_gain":0,"player_choice":"Take Damage","damage_taken":17,"relics_obtained":["Golden Idol"],"max_hp_gain":0,"max_hp_loss":0,"event_name":"Golden Idol","floor":4,"gold_loss":0},{"damage_healed":0,"gold_gain":0,"cards_transformed":["Strike_B"],"player_choice":"Transformed","damage_taken":0,"max_hp_gain":0,"max_hp_loss":0,"event_name":"Transmorgrifier","floor":5,"gold_loss":0,"cards_obtained":["Rip and Tear"]},{"damage_healed":0,"gold_gain":0,"player_choice":"Entered Light","damage_taken":14,"max_hp_gain":0,"max_hp_loss":0,"event_name":"Shining Light","floor":12,"gold_loss":0,"cards_upgraded":["Force Field","Dualcast"]},{"damage_healed":0,"gold_gain":0,"player_choice":"Opened","damage_taken":0,"relics_obtained":["Mummified Hand"],"max_hp_gain":0,"max_hp_loss":0,"event_name":"The Mausoleum","floor":19,"gold_loss":0},{"damage_healed":0,"gold_gain":0,"player_choice":"Upgraded","damage_taken":0,"max_hp_gain":0,"max_hp_loss":0,"event_name":"Upgrade Shrine","floor":20,"gold_loss":0,"cards_upgraded":["Sunder"]},{"damage_healed":0,"gold_gain":0,"player_choice":"Read","damage_taken":0,"max_hp_gain":0,"max_hp_loss":0,"event_name":"The Library","floor":27,"gold_loss":0,"cards_obtained":["Sunder"]},{"damage_healed":0,"gold_gain":0,"player_choice":"Obtained Book","damage_taken":16,"max_hp_gain":0,"max_hp_loss":0,"event_name":"Cursed Tome","floor":31,"gold_loss":0},{"cards_removed":["Capacitor"],"damage_healed":0,"gold_gain":0,"player_choice":"Removed Power","damage_taken":0,"max_hp_gain":0,"max_hp_loss":0,"event_name":"Falling","floor":36,"gold_loss":0},{"damage_healed":0,"gold_gain":0,"player_choice":"Memory 1","damage_taken":0,"max_hp_gain":0,"max_hp_loss":0,"event_name":"SensoryStone","floor":39,"gold_loss":0},{"cards_removed":["Storm"],"damage_healed":35,"gold_gain":0,"player_choice":"Offered Uncommon","damage_taken":0,"max_hp_gain":0,"max_hp_loss":0,"event_name":"Bonfire Elementals","floor":42,"gold_loss":0},{"damage_healed":0,"gold_gain":0,"player_choice":"Upgraded","damage_taken":0,"max_hp_gain":0,"max_hp_loss":0,"event_name":"Upgrade Shrine","floor":48,"gold_loss":0,"cards_upgraded":["Buffer"]}],"is_beta":false,"boss_relics":[{"not_picked":["Eternal Feather","Velvet Choker"],"picked":"Inserter"},{"not_picked":["Calling Bell","Tiny House"],"picked":"Empty Cage"}],"items_purged_floors":[14,23],"is_endless":false,"potions_floor_spawned":[2,7,11,16,18,22,44,45,46],"ascension_level":14}