{"gold_per_floor":[109,0,19,37,37,69,69,104,183,202,202,212,247,247,247,344,344,361,25,16,35,49,49,49,49,49,49,60,76,94,19,19,116,116,131,131,31,31,31,31,44,60,113,113,113,130,144,19,19,19],"floor_reached":51,"playtime":3315,"items_purged":["Strike_G","Defend_G","Well Laid Plans"],"score":843,"play_id":"9bf17c7e-e96a-4d95-a056-8d0b40b62c1e","local_time":"20190219210646","is_ascension_mode":true,"campfire_choices":[{"floor":7,"key":"REST"},{"floor":15,"key":"REST"},{"data":"Footwork","floor":23,"key":"SMITH"},{"data":"Neutralize","floor":25,"key":"SMITH"},{"data":"Poisoned Stab","floor":27,"key":"SMITH"},{"data":"Blur","floor":32,"key":"SMITH"},{"data":"Acrobatics","floor":40,"key":"SMITH"},{"data":"Survivor","floor":45,"key":"SMITH"},{"data":"Defend_G","floor":49,"key":"SMITH"}],"neow_cost":"NONE","seed_source_timestamp":436894094865420,"circlet_count":0,"master_deck":["Defend_G","Defend_G+1","Defend_G+1","Defend_G+1","Strike_G","Strike_G","Strike_G","Survivor+1","Neutralize+1","Bane","Noxious Fumes+1","Acrobatics+1","Footwork+1","Well Laid Plans","Poisoned Stab+1","Blur+1","Catalyst+1","Choke+1","Dagger Spray","Leg Sweep+1","PiercingWail+1","Prepared+1","Outmaneuver+1","Setup+1","Catalyst+1","Burst+1","Deadly Poison+1","Madness+1","Madness+1","Deadly Poison+1","Prepared+1"],"relics":["Ring of the Snake","Snake Skull","Torii","Lantern","Dodecahedron","Toxic Egg 2","War Paint","Coffee Dripper","Blood Vial","Vajra","Omamori","Runic Pyramid","Art of War"],"potions_floor_usage":[13,16,33,42,46,50,50,50],"damage_taken":[{"damage":6,"enemies":"Jaw Worm","floor":1,"turns":5},{"damage":2,"enemies":"2 Louse","floor":3,"turns":3},{"damage":0,"enemies":"Cultist","floor":4,"turns":4},{"damage":25,"enemies":"Lagavulin","floor":6,"turns":9},{"damage":16,"enemies":"Gremlin Nob","floor":8,"turns":4},{"damage":1,"enemies":"Exordium Wildlife","floor":10,"turns":5},{"damage":5,"enemies":"Gremlin Gang","floor":12,"turns":5},{"damage":12,"enemies":"Lagavulin","floor":13,"turns":6},{"damage":0,"enemies":"The Guardian","floor":16,"turns":8},{"damage":12,"enemies":"Spheric Guardian","floor":18,"turns":6},{"damage":1,"enemies":"2 Thieves","floor":20,"turns":4},{"damage":12,"enemies":"3 Cultists","floor":21,"turns":6},{"damage":0,"enemies":"Cultist and Chosen","floor":22,"turns":5},{"damage":8,"enemies":"Colosseum Slavers","floor":24,"turns":5},{"damage":18,"enemies":"Snake Plant","floor":28,"turns":3},{"damage":18,"enemies":"Centurion and Healer","floor":29,"turns":5},{"damage":0,"enemies":"3 Cultists","floor":30,"turns":5},{"damage":0,"enemies":"Champ","floor":33,"turns":7},{"damage":0,"enemies":"3 Darklings","floor":35,"turns":5},{"damage":0,"enemies":"3 Shapes","floor":41,"turns":5},{"damage":2,"enemies":"Maw","floor":42,"turns":4},{"damage":1,"enemies":"Transient","floor":46,"turns":5},{"damage":1,"enemies":"Writhing Mass","floor":47,"turns":4},{"damage":51,"enemies":"Time Eater","floor":50,"turns":4}],"seed_played":"2969034270424542951","potions_obtained":[{"floor":3,"key":"Ancient Potion"},{"floor":4,"key":"Fire Potion"},{"floor":6,"key":"FearPotion"},{"floor":13,"key":"PowerPotion"},{"floor":21,"key":"Strength Potion"},{"floor":29,"key":"Block Potion"},{"floor":33,"key":"Block Potion"},{"floor":46,"key":"PowerPotion"},{"floor":47,"key":"Regen Potion"}],"is_trial":false,"path_per_floor":["M","$","M","M","?","E","R","E","T","M","?","M","E","?","R","B",null,"M","$","M","M","M","R","?","R","T","R","M","M","M","?","R","B",null,"M","?","$","$","?","R","M","M","T","?","R","M","M","$","R","B",null],"character_chosen":"THE_SILENT","items_purchased":["Noxious Fumes","Blood Vial","Dagger Spray","Vajra"],"campfire_rested":2,"item_purchase_floors":[2,19,19,19],"current_hp_per_floor":[64,64,62,62,62,37,58,42,42,41,41,36,24,24,45,45,70,58,58,59,49,51,51,45,45,45,45,29,13,15,15,15,17,70,70,70,70,70,61,61,63,63,63,63,63,64,65,65,65,25],"gold":19,"neow_bonus":"RANDOM_COMMON_RELIC","is_prod":false,"is_daily":false,"chose_seed":false,"campfire_upgraded":7,"win_rate":0,"timestamp":1550628406,"path_taken":["M","$","M","M","?","E","R","E","T","M","?","?","E","?","R","BOSS","M","$","M","M","?","R","?","R","T","R","M","M","M","?","R","BOSS","M","?","?","$","?","R","M","M","T","?","R","M","M","?","R","BOSS"],"build_version":"2019-01-23","purchased_purges":3,"victory":true,"max_hp_per_floor":[70,70,70,70,70,70,70,70,70,70,70,70,70,70,70,70,70,70,70,70,70,70,70,70,70,70,70,70,70,70,70,70,70,70,70,70,70,70,70,70,70,70,70,70,70,70,70,70,70,70],"card_choices":[{"not_picked":["Quick Slash","All Out Attack"],"picked":"Bane","floor":1},{"not_picked":["Deflect","Blur"],"picked":"Acrobatics","floor":3},{"not_picked":["Blade Dance","Underhanded Strike"],"picked":"Footwork","floor":4},{"not_picked":["Cloak And Dagger","Distraction"],"picked":"Well Laid Plans","floor":6},{"not_picked":["Glass Knife","Dagger Throw"],"picked":"Well Laid Plans","floor":8},{"not_picked":["Acrobatics","Expertise"],"picked":"Poisoned Stab","floor":10},{"not_picked":["Escape Plan","Prepared"],"picked":"Blur","floor":12},{"not_picked":["Malaise","Acrobatics"],"picked":"Catalyst","floor":13},{"not_picked":["Cloak And Dagger+1","Distraction+1"],"picked":"Choke+1","floor":18},{"not_picked":["Backflip+1","Prepared+1"],"picked":"Leg Sweep+1","floor":20},{"not_picked":["Sucker Punch+1","Dodge and Roll+1"],"picked":"PiercingWail+1","floor":21},{"not_picked":["Sucker Punch","Cloak And Dagger+1"],"picked":"Prepared+1","floor":22},{"not_picked":["Acrobatics+1","Sucker Punch"],"picked":"Outmaneuver+1","floor":28},{"not_picked":["Flying Knee","Tactician+1"],"picked":"Setup+1","floor":29},{"not_picked":["Adrenaline+1","Bane+1"],"picked":"Catalyst+1","floor":30},{"not_picked":["Adrenaline+1","Storm of Steel+1"],"picked":"Burst+1","floor":33},{"not_picked":["Quick Slash+1","Outmaneuver+1"],"picked":"Deadly Poison+1","floor":35},{"not_picked":["Setup+1","Skewer"],"picked":"Deadly Poison+1","floor":41},{"not_picked":["Slice+1","Sucker Punch+1","Flying Knee+1"],"picked":"SKIP","floor":42},{"not_picked":["Deflect+1","Concentrate+1","Heel Hook+1"],"picked":"SKIP","floor":46},{"not_picked":["Flechettes","Slice"],"picked":"Prepared+1","floor":47}],"player_experience":205304,"relics_obtained":[{"floor":6,"key":"Torii"},{"floor":8,"key":"Lantern"},{"floor":9,"key":"Dodecahedron"},{"floor":13,"key":"Toxic Egg 2"},{"floor":26,"key":"Omamori"},{"floor":43,"key":"Art of War"}],"event_choices":[{"damage_healed":0,"gold_gain":0,"player_choice":"Leave","damage_taken":0,"max_hp_gain":0,"max_hp_loss":0,"event_name":"The Cleric","floor":5,"gold_loss":0},{"damage_healed":0,"gold_gain":0,"player_choice":"Upgraded","damage_taken":0,"max_hp_gain":0,"max_hp_loss":0,"event_name":"Upgrade Shrine","floor":11,"gold_loss":0,"cards_upgraded":["Noxious Fumes"]},{"damage_healed":0,"gold_gain":0,"player_choice":"Gave Potion","damage_taken":0,"relics_obtained":["War Paint"],"max_hp_gain":0,"max_hp_loss":0,"event_name":"WeMeetAgain","floor":14,"gold_loss":0},{"damage_healed":0,"gold_gain":0,"player_choice":"Fight","damage_taken":0,"max_hp_gain":0,"max_hp_loss":0,"event_name":"Colosseum","floor":24,"gold_loss":0},{"damage_healed":0,"gold_gain":0,"player_choice":"Fled From Nobs","damage_taken":0,"max_hp_gain":0,"max_hp_loss":0,"event_name":"Colosseum","floor":24,"gold_loss":0},{"cards_removed":["Strike_G"],"damage_healed":0,"gold_gain":0,"player_choice":"Gave Gold","damage_taken":0,"max_hp_gain":0,"max_hp_loss":0,"event_name":"Beggar","floor":31,"gold_loss":75},{"damage_healed":0,"gold_gain":0,"player_choice":"Bought 0 Potions","damage_taken":0,"max_hp_gain":0,"max_hp_loss":0,"event_name":"The Woman in Blue","floor":36,"gold_loss":0},{"damage_healed":0,"gold_gain":0,"player_choice":"Embrace Madness","damage_taken":9,"max_hp_gain":0,"max_hp_loss":0,"event_name":"Winding Halls","floor":39,"gold_loss":0,"cards_obtained":["Madness","Madness"]},{"damage_healed":0,"gold_gain":0,"player_choice":"Memory 1","damage_taken":0,"max_hp_gain":0,"max_hp_loss":0,"event_name":"SensoryStone","floor":44,"gold_loss":0}],"is_beta":false,"boss_relics":[{"not_picked":["Tiny House","Runic Dome"],"picked":"Coffee Dripper"},{"not_picked":["WristBlade","Astrolabe"],"picked":"Runic Pyramid"}],"items_purged_floors":[2,37,48],"is_endless":false,"potions_floor_spawned":[3,4,6,13,21,29,30,33,35,46,47],"ascension_level":2}