{"gold_per_floor":[119,44,44,44,63,63,90,109,132,6,6,6,6,6,6,111,111,111],"floor_reached":18,"playtime":476,"items_purged":["Writhe"],"score":250,"play_id":"ade4e6d3-7d29-4f28-bce3-798df971d3c1","local_time":"20190212204729","is_ascension_mode":true,"campfire_choices":[{"data":"Zap","floor":6,"key":"SMITH"},{"floor":12,"key":"REST"},{"data":"Dualcast","floor":15,"key":"SMITH"}],"neow_cost":"CURSE","seed_source_timestamp":781484444659735,"circlet_count":0,"master_deck":["AscendersBane","Strike_B+1","Strike_B","Strike_B+1","Defend_B","Defend_B","Defend_B","Defend_B","Zap+1","Dualcast+1","Meteor Strike","Turbo+1","Leap","Rebound","Hyperbeam"],"relics":["Cracked Core","Centennial Puzzle","Whetstone","Nuclear Battery"],"potions_floor_usage":[7,7,16],"damage_taken":[{"damage":13,"enemies":"Jaw Worm","floor":1,"turns":4},{"damage":8,"enemies":"2 Louse","floor":5,"turns":3},{"damage":30,"enemies":"Gremlin Nob","floor":7,"turns":5},{"damage":0,"enemies":"Cultist","floor":8,"turns":4},{"damage":32,"enemies":"Slime Boss","floor":16,"turns":7},{"damage":58,"enemies":"3 Byrds","floor":18,"turns":4}],"seed_played":"-3800677587342138573","potions_obtained":[{"floor":4,"key":"Swift Potion"},{"floor":4,"key":"FearPotion"},{"floor":8,"key":"Fire Potion"}],"is_trial":false,"path_per_floor":["M","$","?","?","M","R","E","M","T","$","$","R","?","?","R","B",null,"M"],"character_chosen":"DEFECT","items_purchased":["Rebound","Regen Potion"],"campfire_rested":1,"item_purchase_floors":[10,10],"current_hp_per_floor":[55,55,55,55,47,47,17,17,17,17,17,39,39,39,39,7,58,0],"gold":111,"neow_bonus":"THREE_RARE_CARDS","is_prod":false,"is_daily":false,"chose_seed":false,"campfire_upgraded":2,"win_rate":0,"timestamp":1549964849,"path_taken":["M","$","?","?","?","R","E","M","T","?","$","R","?","?","R","BOSS","M"],"build_version":"2019-01-23","purchased_purges":1,"victory":false,"max_hp_per_floor":[75,75,75,75,75,75,75,75,75,75,75,75,75,75,75,75,75,75],"card_choices":[{"not_picked":["Machine Learning","Amplify"],"picked":"Meteor Strike","floor":0},{"not_picked":["Stack","Ball Lightning"],"picked":"Turbo","floor":1},{"not_picked":["Blizzard","Static Discharge"],"picked":"Leap","floor":5},{"not_picked":["Static Discharge","Barrage","Gash"],"picked":"SKIP","floor":7},{"not_picked":["Storm","Amplify","Sweeping Beam"],"picked":"SKIP","floor":8},{"not_picked":["Buffer","Rainbow"],"picked":"Hyperbeam","floor":16}],"player_experience":711485,"relics_obtained":[{"floor":7,"key":"Centennial Puzzle"},{"floor":9,"key":"Whetstone"}],"event_choices":[{"damage_healed":0,"gold_gain":0,"player_choice":"Grow","damage_taken":0,"max_hp_gain":0,"max_hp_loss":0,"event_name":"Living Wall","floor":3,"gold_loss":0,"cards_upgraded":["Turbo"]},{"damage_healed":0,"gold_gain":0,"player_choice":"Got Potions","damage_taken":0,"max_hp_gain":0,"max_hp_loss":0,"event_name":"Lab","floor":4,"gold_loss":0},{"damage_healed":0,"gold_gain":0,"player_choice":"Ignored","damage_taken":0,"max_hp_gain":0,"max_hp_loss":0,"event_name":"Liars Game","floor":13,"gold_loss":0},{"cards_removed":["Strike_B"],"damage_healed":0,"gold_gain":0,"player_choice":"Offered Basic","damage_taken":0,"max_hp_gain":0,"max_hp_loss":0,"event_name":"Bonfire Elementals","floor":14,"gold_loss":0}],"is_beta":false,"boss_relics":[{"not_picked":["Snecko Eye","FrozenCore"],"picked":"Nuclear Battery"}],"items_purged_floors":[2],"is_endless":false,"potions_floor_spawned":[8],"killed_by":"3 Byrds","ascension_level":12}