{"gold_per_floor":[214,227,5,21,32,32,32,42,98,98,131,146,146,180,192,278,290,320,27,101,116,136,136,162,162,240,255,255,266,277,192,192,266,266,276,276,4,14,114,114,0,27,52,52,52,85,85,111,111,111],"floor_reached":51,"playtime":1515,"items_purged":["Strike_R","Defend_R","Defend_R"],"score":1456,"play_id":"c88fbcbe-c20c-44ed-8a68-9b79de8b00cb","local_time":"20190307163056","is_ascension_mode":true,"campfire_choices":[{"data":"Searing Blow","floor":6,"key":"SMITH"},{"data":"Searing Blow+2","floor":10,"key":"SMITH"},{"data":"Searing Blow+3","floor":13,"key":"SMITH"},{"data":"Searing Blow+4","floor":15,"key":"SMITH"},{"data":"Searing Blow+5","floor":23,"key":"SMITH"},{"data":"Searing Blow+6","floor":25,"key":"SMITH"},{"data":"Searing Blow+7","floor":28,"key":"SMITH"},{"data":"Searing Blow+8","floor":32,"key":"SMITH"},{"data":"Searing Blow+9","floor":40,"key":"SMITH"},{"data":"Searing Blow+11","floor":45,"key":"SMITH"},{"data":"Searing Blow+12","floor":47,"key":"SMITH"},{"data":"Searing Blow+13","floor":49,"key":"SMITH"}],"neow_cost":"NONE","seed_source_timestamp":3597139731562,"circlet_count":0,"master_deck":["AscendersBane","Strike_R","Strike_R","Defend_R","Defend_R","Bash+1","Searing Blow+14","Battle Trance","Shrug It Off","Warcry+1","Warcry+1","Madness+1"],"relics":["Burning Blood","Happy Flower","Tiny Chest","Vajra","MawBank","Empty Cage","Ancient Tea Set","Pear","Dream Catcher","Toxic Egg 2","Oddly Smooth Stone","Busted Crown","Regal Pillow","Ice Cream","Red Mask","Whetstone","Pen Nib","Orichalcum","The Courier"],"potions_floor_usage":[5,11,16,24,27,33,33,50,50],"damage_taken":[{"damage":8,"enemies":"2 Louse","floor":1,"turns":3},{"damage":1,"enemies":"Cultist","floor":2,"turns":3},{"damage":8,"enemies":"Small Slimes","floor":4,"turns":4},{"damage":3,"enemies":"2 Fungi Beasts","floor":5,"turns":3},{"damage":4,"enemies":"3 Louse","floor":8,"turns":4},{"damage":0,"enemies":"Gremlin Nob","floor":11,"turns":2},{"damage":19,"enemies":"Large Slime","floor":12,"turns":4},{"damage":20,"enemies":"3 Sentries","floor":14,"turns":6},{"damage":9,"enemies":"The Guardian","floor":16,"turns":8},{"damage":7,"enemies":"Chosen","floor":18,"turns":3},{"damage":0,"enemies":"Spheric Guardian","floor":21,"turns":2},{"damage":17,"enemies":"Chosen and Byrds","floor":22,"turns":5},{"damage":28,"enemies":"Gremlin Leader","floor":24,"turns":3},{"damage":0,"enemies":"Shelled Parasite and Fungi","floor":27,"turns":2},{"damage":0,"enemies":"Centurion and Healer","floor":29,"turns":2},{"damage":13,"enemies":"Snecko","floor":30,"turns":3},{"damage":49,"enemies":"Automaton","floor":33,"turns":5},{"damage":2,"enemies":"3 Darklings","floor":35,"turns":7},{"damage":3,"enemies":"3 Shapes","floor":38,"turns":3},{"damage":0,"enemies":"Mind Bloom Boss Battle","floor":39,"turns":2},{"damage":0,"enemies":"Giant Head","floor":46,"turns":2},{"damage":0,"enemies":"Reptomancer","floor":48,"turns":1},{"damage":25,"enemies":"Awakened One","floor":50,"turns":4}],"seed_played":"-6136005179143128834","potions_obtained":[{"floor":2,"key":"FearPotion"},{"floor":4,"key":"Explosive Potion"},{"floor":5,"key":"Fire Potion"},{"floor":14,"key":"PowerPotion"},{"floor":22,"key":"Block Potion"},{"floor":24,"key":"SpeedPotion"},{"floor":29,"key":"PowerPotion"},{"floor":35,"key":"Strength Potion"},{"floor":48,"key":"Fire Potion"}],"is_trial":false,"path_per_floor":["M","M","$","M","M","R","?","M","T","R","E","M","R","E","R","B",null,"M","$","T","M","M","R","E","R","T","M","R","M","M","?","R","B",null,"M","?","$","M","?","R","?","T","T","?","R","E","R","E","R","B",null],"character_chosen":"IRONCLAD","items_purchased":["Happy Flower","Ancient Tea Set","Strength Potion","Regal Pillow"],"campfire_rested":0,"item_purchase_floors":[3,19,19,37],"current_hp_per_floor":[66,71,71,69,72,72,72,74,74,74,75,62,62,48,48,45,68,67,67,77,83,72,72,50,50,50,56,56,62,55,55,55,12,67,71,71,71,74,80,80,80,80,80,80,80,85,85,85,85,66],"gold":111,"neow_bonus":"HUNDRED_GOLD","is_prod":false,"is_daily":false,"chose_seed":false,"campfire_upgraded":12,"win_rate":0,"timestamp":1551997856,"path_taken":["M","M","$","M","M","R","?","M","T","R","E","M","R","E","R","BOSS","M","$","?","M","M","R","E","R","T","M","R","?","M","?","R","BOSS","M","?","$","M","?","R","?","?","T","?","R","E","R","E","R","BOSS"],"build_version":"2019-01-23","purchased_purges":3,"victory":true,"max_hp_per_floor":[75,75,75,75,75,75,75,75,75,75,75,75,75,75,75,75,75,75,75,85,85,85,85,85,85,85,85,85,85,85,85,85,85,85,85,85,85,85,85,85,85,85,85,85,85,85,85,85,85,85],"card_choices":[{"not_picked":["Iron Wave","True Grit"],"picked":"Searing Blow","floor":1},{"not_picked":["Intimidate","Second Wind","Evolve"],"picked":"SKIP","floor":2},{"not_picked":["Twin Strike","Shrug It Off"],"picked":"Battle Trance","floor":4},{"not_picked":["Body Slam","Seeing Red","Bloodletting"],"picked":"SKIP","floor":5},{"not_picked":["Clash","Impervious","Flex"],"picked":"SKIP","floor":8},{"not_picked":["Armaments","Heavy Blade","Power Through"],"picked":"SKIP","floor":11},{"not_picked":["Anger","Entrench","Perfected Strike"],"picked":"SKIP","floor":12},{"not_picked":["Blood for Blood","Iron Wave","Feed"],"picked":"SKIP","floor":14},{"not_picked":["Clothesline","Iron Wave"],"picked":"Shrug It Off","floor":18},{"not_picked":["Sword Boomerang","Blood for Blood+1","Sever Soul"],"picked":"SKIP","floor":21},{"not_picked":["Clothesline","Shrug It Off","Twin Strike"],"picked":"SKIP","floor":22},{"not_picked":["Inflame","Dropkick","Flex"],"picked":"SKIP","floor":24},{"not_picked":["Havoc+1","Clothesline"],"picked":"Warcry+1","floor":27},{"not_picked":["Clash","Bludgeon","Fire Breathing"],"picked":"SKIP","floor":29},{"not_picked":["Wild Strike","Iron Wave","Anger"],"picked":"SKIP","floor":30},{"not_picked":[],"picked":"Warcry+1","floor":35},{"not_picked":[],"picked":"Madness+1","floor":36},{"not_picked":["Perfected Strike"],"picked":"SKIP","floor":38},{"not_picked":["Body Slam"],"picked":"SKIP","floor":46},{"not_picked":["Wild Strike"],"picked":"SKIP","floor":48}],"player_experience":269605,"relics_obtained":[{"floor":9,"key":"Tiny Chest"},{"floor":11,"key":"Vajra"},{"floor":14,"key":"MawBank"},{"floor":20,"key":"Pear"},{"floor":24,"key":"Dream Catcher"},{"floor":26,"key":"Toxic Egg 2"},{"floor":39,"key":"Ice Cream"},{"floor":42,"key":"Whetstone"},{"floor":43,"key":"Pen Nib"},{"floor":46,"key":"Orichalcum"},{"floor":48,"key":"The Courier"}],"event_choices":[{"damage_healed":0,"gold_gain":0,"player_choice":"Forge","damage_taken":0,"max_hp_gain":0,"max_hp_loss":0,"event_name":"Accursed Blacksmith","floor":7,"gold_loss":0,"cards_upgraded":["Searing Blow"]},{"damage_healed":0,"gold_gain":0,"player_choice":"Obtained Relic","damage_taken":0,"relics_obtained":["Oddly Smooth Stone"],"max_hp_gain":0,"max_hp_loss":0,"event_name":"Addict","floor":31,"gold_loss":85},{"damage_healed":0,"gold_gain":0,"player_choice":"Memory 1","damage_taken":0,"max_hp_gain":0,"max_hp_loss":0,"event_name":"SensoryStone","floor":36,"gold_loss":0},{"damage_healed":0,"gold_gain":0,"player_choice":"Fight","damage_taken":0,"max_hp_gain":0,"max_hp_loss":0,"event_name":"MindBloom","floor":39,"gold_loss":0},{"damage_healed":0,"gold_gain":0,"player_choice":"Paid","damage_taken":0,"relics_obtained":["Red Mask"],"max_hp_gain":0,"max_hp_loss":0,"event_name":"Tomb of Lord Red Mask","floor":41,"gold_loss":114},{"damage_healed":0,"gold_gain":0,"player_choice":"Ignored","damage_taken":0,"max_hp_gain":0,"max_hp_loss":0,"event_name":"SecretPortal","floor":44,"gold_loss":0}],"is_beta":false,"boss_relics":[{"not_picked":["Lizard Tail","Pandora\u0027s Box"],"picked":"Empty Cage"},{"not_picked":["Philosopher\u0027s Stone","Velvet Choker"],"picked":"Busted Crown"}],"items_purged_floors":[3,19,37],"is_endless":false,"potions_floor_spawned":[2,4,5,14,22,24,29,30,35,48],"ascension_level":14}