{"gold_per_floor":[109,109,37,2,77,77,105,105,105,123,123,142,182,201,201,201],"floor_reached":16,"playtime":690,"items_purged":[],"score":189,"play_id":"8ecc7886-a4da-43e8-8838-a95149933470","local_time":"20190113193912","is_ascension_mode":true,"campfire_choices":[{"data":"Hello World","floor":6,"key":"SMITH"},{"data":"Machine Learning","floor":8,"key":"SMITH"},{"data":"Force Field","floor":15,"key":"SMITH"}],"neow_cost":"NONE","seed_source_timestamp":270988070527900,"circlet_count":0,"master_deck":["AscendersBane","Strike_B","Strike_B","Strike_B","Strike_B","Defend_B","Defend_B","Defend_B","Defend_B","Zap+1","Dualcast","Sweeping Beam","Hello World+1","Machine Learning+1","Conserve Battery","Coolheaded","Force Field+1","FTL"],"relics":["Sozu","Smiling Mask","Torii","Golden Idol","Bird Faced Urn"],"potions_floor_usage":[],"damage_taken":[{"damage":3,"enemies":"Small Slimes","floor":1,"turns":4},{"damage":37,"enemies":"Gremlin Nob","floor":7,"turns":5},{"damage":0,"enemies":"2 Louse","floor":10,"turns":2},{"damage":0,"enemies":"Jaw Worm","floor":12,"turns":3},{"damage":2,"enemies":"3 Sentries","floor":13,"turns":7},{"damage":2,"enemies":"2 Fungi Beasts","floor":14,"turns":3},{"damage":30,"enemies":"Slime Boss","floor":16,"turns":7}],"seed_played":"8155609218224784019","potions_obtained":[],"is_trial":false,"path_per_floor":["M","?","$","?","?","R","E","R","T","M","?","M","E","M","R","B"],"character_chosen":"DEFECT","items_purchased":["Hello World"],"campfire_rested":0,"item_purchase_floors":[3],"current_hp_per_floor":[61,61,61,71,60,60,23,23,23,23,23,23,21,23,23,0],"gold":201,"neow_bonus":"BOSS_RELIC","is_prod":false,"is_daily":false,"chose_seed":false,"campfire_upgraded":3,"win_rate":0,"timestamp":1547437152,"path_taken":["M","?","$","?","?","R","E","R","T","M","?","M","E","?","R","BOSS"],"build_version":"2019-01-10","purchased_purges":0,"victory":false,"max_hp_per_floor":[71,71,71,71,71,71,71,71,71,71,64,64,64,64,64,64],"card_choices":[{"not_picked":["Rebound","Cold Snap"],"picked":"Sweeping Beam","floor":1},{"not_picked":["Hologram","Go for the Eyes"],"picked":"Machine Learning","floor":7},{"not_picked":["Compile Driver","Darkness"],"picked":"Conserve Battery","floor":10},{"not_picked":["Turbo","Rebound"],"picked":"Coolheaded","floor":12},{"not_picked":["Conserve Battery","Compile Driver"],"picked":"Force Field","floor":13},{"not_picked":["Sweeping Beam","Blizzard"],"picked":"FTL","floor":14}],"player_experience":465007,"relics_obtained":[{"floor":7,"key":"Smiling Mask"},{"floor":9,"key":"Torii"},{"floor":13,"key":"Bird Faced Urn"}],"event_choices":[{"damage_healed":0,"gold_gain":0,"player_choice":"Grow","damage_taken":0,"max_hp_gain":0,"max_hp_loss":0,"event_name":"Living Wall","floor":2,"gold_loss":0,"cards_upgraded":["Zap"]},{"damage_healed":17,"gold_gain":0,"player_choice":"Healed","damage_taken":0,"max_hp_gain":0,"max_hp_loss":0,"event_name":"The Cleric","floor":4,"gold_loss":35},{"damage_healed":0,"gold_gain":75,"player_choice":"Gather Gold","damage_taken":11,"max_hp_gain":0,"max_hp_loss":0,"event_name":"World of Goop","floor":5,"gold_loss":0},{"damage_healed":0,"gold_gain":0,"player_choice":"Lose Max HP","damage_taken":0,"relics_obtained":["Golden Idol"],"max_hp_gain":0,"max_hp_loss":7,"event_name":"Golden Idol","floor":11,"gold_loss":0}],"is_beta":false,"boss_relics":[],"items_purged_floors":[],"is_endless":false,"potions_floor_spawned":[7],"killed_by":"Slime Boss","ascension_level":15}