{"gold_per_floor":[118,118,135,148,148,180,180,211,287,304,319,319,289,214,214,289,289,306,306,320,133,133,158,158,187,187,187,222,33,46,58,58,58],"floor_reached":33,"playtime":1964,"items_purged":["Strike_G"],"score":598,"play_id":"4f7c74bd-221b-41bd-b9cf-c6ca2fc9d926","local_time":"20180707152526","is_ascension_mode":true,"campfire_choices":[{"data":"Predator","floor":7,"key":"SMITH"},{"data":"Blade Dance","floor":15,"key":"SMITH"},{"data":"Neutralize","floor":24,"key":"SMITH"},{"floor":27,"key":"REST"},{"floor":32,"key":"REST"}],"neow_cost":"NONE","seed_source_timestamp":245992398999559,"circlet_count":0,"master_deck":["Defend_G","Defend_G","Defend_G","Defend_G","Defend_G","Strike_G","Strike_G","Survivor","Neutralize+1","AscendersBane","Footwork","Backstab","Dagger Spray","Predator+1","Predator","Blade Dance+1","Storm of Steel","Dash","Neutralize+1","Dodge and Roll","Poisoned Stab","Infinite Blades","RitualDagger","Leg Sweep","Dodge and Roll","Backstab","Malaise","Cloak And Dagger"],"relics":["Ring of the Snake","Mango","Snake Skull","Kunai","Busted Crown","Lantern","Strawberry","Blood Vial","Singing Bowl","Tingsha"],"potions_floor_usage":[8,16,23,25,25,28,33],"damage_taken":[{"damage":9,"enemies":"Jaw Worm","floor":1,"turns":6},{"damage":0,"enemies":"Cultist","floor":3,"turns":6},{"damage":7,"enemies":"Small Slimes","floor":4,"turns":3},{"damage":11,"enemies":"3 Sentries","floor":6,"turns":10},{"damage":18,"enemies":"Lagavulin","floor":8,"turns":9},{"damage":0,"enemies":"Blue Slaver","floor":10,"turns":3},{"damage":6,"enemies":"Exordium Thugs","floor":11,"turns":5},{"damage":35,"enemies":"The Guardian","floor":16,"turns":15},{"damage":2,"enemies":"Shell Parasite","floor":18,"turns":4},{"damage":0,"enemies":"Spheric Guardian","floor":20,"turns":3},{"damage":9,"enemies":"Slavers","floor":23,"turns":5},{"damage":63,"enemies":"Gremlin Leader","floor":25,"turns":11},{"damage":23,"enemies":"Slavers","floor":28,"turns":7},{"damage":6,"enemies":"Cultist and Chosen","floor":30,"turns":7},{"damage":14,"enemies":"Snake Plant","floor":31,"turns":6},{"damage":57,"enemies":"Automaton","floor":33,"turns":12}],"seed_played":"455742276440145294","potions_obtained":[{"floor":4,"key":"GhostInAJar"},{"floor":10,"key":"Strength Potion"},{"floor":13,"key":"PowerPotion"},{"floor":18,"key":"FearPotion"},{"floor":23,"key":"Fire Potion"},{"floor":25,"key":"Poison Potion"},{"floor":30,"key":"SpeedPotion"}],"is_trial":false,"path_per_floor":["M","?","M","M","?","E","R","E","T","M","M","?","?","?","R","B",null,"M","?","M","$","?","E","R","E","T","R","E","$","M","M","R"],"character_chosen":"THE_SILENT","items_purchased":["Infinite Blades","Lantern","Backstab","Malaise"],"campfire_rested":2,"item_purchase_floors":[21,21,29,29],"current_hp_per_floor":[50,50,50,43,48,51,51,33,33,33,27,95,95,95,95,60,86,84,84,84,84,78,76,76,13,13,43,24,24,20,10,41,0],"gold":58,"neow_bonus":"UPGRADE_CARD","is_prod":false,"is_daily":false,"chose_seed":false,"campfire_upgraded":3,"win_rate":0,"timestamp":1530969926,"path_taken":["M","?","M","M","?","E","R","E","T","M","?","?","?","?","R","BOSS","M","?","M","$","?","E","R","E","T","R","E","$","M","M","R","BOSS"],"build_version":"2018-07-05","purchased_purges":1,"victory":false,"max_hp_per_floor":[66,66,66,66,71,85,85,85,85,85,85,95,95,95,95,95,95,95,95,95,95,95,102,102,102,102,102,104,104,104,106,106,106],"card_choices":[{"not_picked":["Flying Knee","Infinite Blades"],"picked":"Footwork","floor":1},{"not_picked":["PiercingWail","Flying Knee"],"picked":"Backstab","floor":3},{"not_picked":["Acrobatics","Blade Dance"],"picked":"Dagger Spray","floor":4},{"not_picked":["Sucker Punch","Deflect"],"picked":"Predator","floor":6},{"not_picked":["Underhanded Strike","Masterful Stab"],"picked":"Die Die Die","floor":8},{"not_picked":["Outmaneuver","Setup"],"picked":"Predator","floor":10},{"not_picked":["Sucker Punch","Choke"],"picked":"Blade Dance","floor":11},{"not_picked":["Unload","Bullet Time"],"picked":"Storm of Steel","floor":16},{"not_picked":[],"picked":"Dash","floor":18},{"not_picked":[],"picked":"Poisoned Stab","floor":20},{"not_picked":[],"picked":"Leg Sweep","floor":23},{"not_picked":[],"picked":"Dodge and Roll","floor":25},{"not_picked":["Expertise"],"picked":"Singing Bowl","floor":28},{"not_picked":[],"picked":"Cloak And Dagger","floor":30},{"not_picked":["Slice+1"],"picked":"Singing Bowl","floor":31}],"player_experience":768380,"relics_obtained":[{"floor":6,"key":"Mango"},{"floor":8,"key":"Snake Skull"},{"floor":9,"key":"Kunai"},{"floor":23,"key":"Strawberry"},{"floor":25,"key":"Blood Vial"},{"floor":26,"key":"Singing Bowl"},{"floor":28,"key":"Tingsha"}],"event_choices":[{"event_name":"Purifier","player_choice":"One Purge","floor":2,"damage_taken":0},{"event_name":"Big Fish","player_choice":"Donut","floor":5,"damage_taken":0},{"event_name":"Bonfire Elementals","player_choice":"RARE","floor":12,"damage_taken":0},{"event_name":"The Woman in Blue","player_choice":"Bought 2 Potions","floor":13,"damage_taken":0},{"event_name":"The Cleric","player_choice":"Card Removal","floor":14,"damage_taken":0},{"event_name":"Match and Keep!","player_choice":"2 cards matched","floor":19,"damage_taken":0},{"event_name":"Nest","player_choice":"Joined the Cult","floor":22,"damage_taken":0}],"boss_relics":[{"not_picked":["Velvet Choker","Eternal Feather"],"picked":"Busted Crown"}],"items_purged_floors":[29],"is_endless":false,"potions_floor_spawned":[4,10,18,23,25,30],"killed_by":"Automaton","ascension_level":15}