{"gold_per_floor":[109,109,124,135,154,184,184,196,223,240,20,79,4,14,14,116,116,131,231,241,241,259,259,274,274,301,328,328,347,34,50,50,149,149,164,164,182,82,136,136,150,150,150,150,175,199,231,243,255,267],"floor_reached":50,"playtime":2634,"items_purged":["Leap","Writhe"],"score":541,"play_id":"53613136-ea01-4032-b3da-c6b3bfa82650","local_time":"20181222213949","daily_mods":["SealedDeck"],"is_ascension_mode":false,"campfire_choices":[{"data":"Chill","floor":7.0,"key":"SMITH"},{"data":"Chill","floor":15.0,"key":"SMITH"},{"floor":23.0,"key":"REST"},{"floor":25.0,"key":"REST"},{"data":"Electrodynamics","floor":28.0,"key":"SMITH"},{"data":"Apotheosis","floor":32.0,"key":"SMITH"},{"floor":40.0,"key":"REST"},{"floor":42.0,"key":"REST"},{"floor":49,"key":"REST"}],"neow_cost":"","seed_source_timestamp":0,"circlet_count":0,"master_deck":["Sweeping Beam","Chaos","Sweeping Beam","Darkness","Ball Lightning","Leap","Leap","Tempest","Tempest","Ball Lightning","Chill","Chill+1","Sweeping Beam","Chill+1","Ball Lightning","Electrodynamics+1","Ball Lightning","Capacitor+1","Apotheosis+1","Thunder Strike","Thunder Strike","Conserve Battery+1","Bandage Up+1"],"special_seed":0,"relics":["Cracked Core","Blood Vial","Art of War","Bag of Marbles","Vajra","Nuclear Battery","Gambling Chip","Blue Candle","Anchor","PreservedInsect","Strawberry","Sozu","Pocketwatch","Toxic Egg 2","MawBank"],"potions_floor_usage":[],"damage_taken":[{"damage":11.0,"enemies":"Jaw Worm","floor":1.0,"turns":2.0},{"damage":0.0,"enemies":"Cultist","floor":3.0,"turns":2.0},{"damage":1.0,"enemies":"Small Slimes","floor":4.0,"turns":2.0},{"damage":0.0,"enemies":"3 Louse","floor":5.0,"turns":1.0},{"damage":0.0,"enemies":"3 Sentries","floor":6.0,"turns":3.0},{"damage":0.0,"enemies":"Blue Slaver","floor":8.0,"turns":3.0},{"damage":0.0,"enemies":"Lots of Slimes","floor":10.0,"turns":2.0},{"damage":5.0,"enemies":"Gremlin Nob","floor":12.0,"turns":3.0},{"damage":0.0,"enemies":"2 Fungi Beasts","floor":14.0,"turns":2.0},{"damage":21.0,"enemies":"The Guardian","floor":16.0,"turns":8.0},{"damage":4.0,"enemies":"Shell Parasite","floor":18.0,"turns":4.0},{"damage":0.0,"enemies":"Colosseum Slavers","floor":19.0,"turns":2.0},{"damage":29.0,"enemies":"Colosseum Nobs","floor":19.0,"turns":4.0},{"damage":20.0,"enemies":"Spheric Guardian","floor":20.0,"turns":4.0},{"damage":8.0,"enemies":"3 Cultists","floor":22.0,"turns":3.0},{"damage":0.0,"enemies":"Centurion and Healer","floor":24.0,"turns":4.0},{"damage":0.0,"enemies":"Slavers","floor":27.0,"turns":3.0},{"damage":13.0,"enemies":"Chosen and Byrds","floor":29.0,"turns":5.0},{"damage":16.0,"enemies":"Sentry and Sphere","floor":31.0,"turns":4.0},{"damage":51.0,"enemies":"Champ","floor":33.0,"turns":9.0},{"damage":0.0,"enemies":"3 Shapes","floor":35.0,"turns":4.0},{"damage":0.0,"enemies":"3 Darklings","floor":37.0,"turns":3.0},{"damage":20.0,"enemies":"2 Orb Walkers","floor":39.0,"turns":3.0},{"damage":59.0,"enemies":"Writhing Mass","floor":41.0,"turns":4.0},{"damage":0.0,"enemies":"4 Shapes","floor":46.0,"turns":2.0},{"damage":0,"enemies":"Transient","floor":47,"turns":5},{"damage":91,"enemies":"Time Eater","floor":50,"turns":8}],"seed_played":"3531694932064395808","potions_obtained":[{"floor":4.0,"key":"AttackPotion"},{"floor":5.0,"key":"Explosive Potion"},{"floor":6.0,"key":"SkillPotion"},{"floor":10.0,"key":"SkillPotion"},{"floor":18.0,"key":"LiquidBronze"},{"floor":22.0,"key":"Poison Potion"},{"floor":27.0,"key":"Swift Potion"},{"floor":29.0,"key":"Dexterity Potion"}],"is_trial":true,"path_per_floor":["M","?","M","M","M","E","R","M","T","M","$","?","$","M","R","B",null,"M","?","M","?","M","R","M","R","T","E","R","M","$","M","R","B",null,"M","?","M","$","?","R","M","R","T","?","T","M","M","?","R","B"],"character_chosen":"DEFECT","items_purchased":["Chill","Bag of Marbles","Apotheosis","Strawberry"],"campfire_rested":5,"item_purchase_floors":[11,11,30,30],"current_hp_per_floor":[64,64,64,63,63,63,63,65,65,67,67,64,64,66,66,47,75,71,46,28,28,22,44,46,68,68,70,70,59,66,52,52,3,82,82,82,82,82,62,82,23,47,47,47,47,49,51,51,75,0],"gold":267,"neow_bonus":"","is_prod":false,"is_daily":false,"chose_seed":false,"campfire_upgraded":4,"win_rate":0,"timestamp":1545532789,"path_taken":["M","?","?","M","M","E","R","M","T","M","?","?","$","M","R","BOSS","M","?","M","?","M","R","M","R","T","E","R","M","$","?","R","BOSS","M","?","M","$","?","R","M","R","T","?","?","?","M","?","R","BOSS"],"build_version":"2018-12-20","purchased_purges":2,"victory":false,"max_hp_per_floor":[75,75,75,75,75,75,75,75,75,75,75,75,75,75,75,75,75,75,75,75,75,75,75,75,75,75,75,75,75,82,82,82,82,82,82,82,82,82,82,82,82,82,82,82,82,82,82,82,82,82],"card_choices":[{"not_picked":["Go for the Eyes","Turbo"],"picked":"Ball Lightning","floor":1.0},{"not_picked":["Coolheaded","Conserve Battery"],"picked":"Chill","floor":3.0},{"not_picked":["Leap","Rip and Tear"],"picked":"Chill","floor":4.0},{"not_picked":["Hologram","Turbo"],"picked":"Leap","floor":5.0},{"not_picked":["Cold Snap","Scrape"],"picked":"Multi-Cast","floor":6.0},{"not_picked":["Hello World","Reprogram","Cold Snap"],"picked":"SKIP","floor":8.0},{"not_picked":["Streamline","Double Energy"],"picked":"Sweeping Beam","floor":10.0},{"not_picked":["Stack","Consume"],"picked":"Ball Lightning","floor":12.0},{"not_picked":["Genetic Algorithm","Compile Driver","Stack"],"picked":"SKIP","floor":14.0},{"not_picked":["Machine Learning","Fission"],"picked":"Electrodynamics","floor":16.0},{"not_picked":["Melter","Sunder","Barrage"],"picked":"SKIP","floor":18.0},{"not_picked":["Storm","Coolheaded+1"],"picked":"Ball Lightning","floor":20.0},{"not_picked":["Storm","Leap","Streamline"],"picked":"SKIP","floor":22.0},{"not_picked":["Cold Snap","Conserve Battery","Go for the Eyes+1"],"picked":"SKIP","floor":24.0},{"not_picked":["Stack","Steam"],"picked":"Capacitor+1","floor":27.0},{"not_picked":["Reprogram","Turbo","Hologram+1"],"picked":"SKIP","floor":29.0},{"not_picked":["Gash","Streamline+1"],"picked":"Thunder Strike","floor":31.0},{"not_picked":["Fission","Meteor Strike"],"picked":"Thunder Strike","floor":33.0},{"not_picked":["Go for the Eyes","Compile Driver","Beam Cell+1"],"picked":"SKIP","floor":35.0},{"not_picked":["Heatsinks","Compile Driver+1","White Noise+1"],"picked":"SKIP","floor":37.0},{"not_picked":["Barrage","Cold Snap","Redo+1"],"picked":"SKIP","floor":41.0},{"not_picked":["Redo+1","Ball Lightning"],"picked":"Conserve Battery+1","floor":46.0},{"not_picked":["Leap+1","Biased Cognition","Blizzard+1"],"picked":"SKIP","floor":47},{"not_picked":["Impatience+1","Mind Blast"],"picked":"Bandage Up+1","floor":48}],"player_experience":334437,"relics_obtained":[{"floor":6.0,"key":"Blood Vial"},{"floor":9.0,"key":"Art of War"},{"floor":12.0,"key":"Vajra"},{"floor":19.0,"key":"Gambling Chip"},{"floor":19.0,"key":"Blue Candle"},{"floor":26.0,"key":"Anchor"},{"floor":27.0,"key":"PreservedInsect"},{"floor":39.0,"key":"Pocketwatch"},{"floor":43.0,"key":"Toxic Egg 2"},{"floor":45.0,"key":"MawBank"}],"event_choices":[{"cards_removed":["Gash"],"damage_healed":0.0,"max_hp_gain":0.0,"max_hp_loss":0.0,"gold_gain":0.0,"event_name":"Wheel of Change","player_choice":"Card Removal","floor":2.0,"gold_loss":0.0,"damage_taken":0.0},{"damage_healed":0.0,"max_hp_gain":0.0,"max_hp_loss":0.0,"gold_gain":0.0,"event_name":"Dead Adventurer","player_choice":"Searched \u00271\u0027 times","floor":12.0,"gold_loss":0.0,"damage_taken":0.0},{"damage_healed":0.0,"max_hp_gain":0.0,"max_hp_loss":0.0,"gold_gain":0.0,"event_name":"Colosseum","player_choice":"Fight","floor":19.0,"gold_loss":0.0,"damage_taken":0.0},{"damage_healed":0.0,"max_hp_gain":0.0,"max_hp_loss":0.0,"gold_gain":0.0,"event_name":"Colosseum","player_choice":"Fought Nobs","floor":19.0,"gold_loss":0.0,"damage_taken":0.0},{"damage_healed":0.0,"max_hp_gain":0.0,"max_hp_loss":0.0,"gold_gain":0.0,"event_name":"The Woman in Blue","player_choice":"Bought 0 Potions","floor":21.0,"gold_loss":0.0,"damage_taken":0.0},{"damage_healed":21.0,"max_hp_gain":0.0,"max_hp_loss":0.0,"gold_gain":0.0,"event_name":"Winding Halls","player_choice":"Writhe","floor":36.0,"gold_loss":0.0,"damage_taken":0.0,"cards_obtained":["Writhe"]},{"damage_healed":0.0,"max_hp_gain":0.0,"max_hp_loss":0.0,"gold_gain":0.0,"event_name":"Mysterious Sphere","player_choice":"Fight","floor":39.0,"gold_loss":0.0,"damage_taken":0.0},{"cards_removed":["Multi-Cast"],"damage_healed":0.0,"max_hp_gain":0.0,"max_hp_loss":0.0,"gold_gain":0.0,"event_name":"Falling","player_choice":"Removed Skill","floor":44.0,"gold_loss":0.0,"damage_taken":0.0},{"damage_healed":0,"gold_gain":0,"player_choice":"Memory 1","damage_taken":0,"max_hp_gain":0,"max_hp_loss":0,"event_name":"SensoryStone","floor":48,"gold_loss":0}],"is_beta":false,"boss_relics":[{"not_picked":["Empty Cage","Black Star"],"picked":"Nuclear Battery"},{"not_picked":["Coffee Dripper","Philosopher\u0027s Stone"],"picked":"Sozu"}],"items_purged_floors":[13,38],"is_endless":false,"potions_floor_spawned":[4,5,6,10,18,22,27,29,35,41,47],"killed_by":"Time Eater","ascension_level":0}