{"gold_per_floor":[112,126,140,159,175,208,208,208,234,234,259,30,30,42,42,139,139,159,171,202,214,227,254,254,285,355,355,419,344,354,368,368,466,466,481,45,145,158,47,74,87,121,196,209,209,238,238,238,238,238,238,238,5,30,30],"floor_reached":55,"playtime":2986,"items_purged":["Strike_R"],"score":1158,"play_id":"13ee0e58-465e-4f3c-a811-928d900386e3","local_time":"20190214233646","is_ascension_mode":true,"campfire_choices":[{"data":"Whirlwind","floor":8,"key":"SMITH"},{"data":"Shockwave","floor":10,"key":"SMITH"},{"data":"Shrug It Off","floor":15,"key":"SMITH"},{"data":"Feed","floor":24,"key":"SMITH"},{"data":"Offering","floor":27,"key":"SMITH"},{"data":"Dual Wield","floor":32,"key":"SMITH"},{"floor":45,"key":"REST"},{"floor":47,"key":"REST"},{"floor":49,"key":"RECALL"},{"floor":52,"key":"REST"}],"neow_cost":"NONE","seed_source_timestamp":737979875956600,"circlet_count":0,"master_deck":["Strike_R","Strike_R","Defend_R","Defend_R","Defend_R+1","Defend_R","Bash","Shrug It Off+1","Whirlwind+1","Shockwave+1","Shockwave","Battle Trance","Infernal Blade+1","Clash","Offering+1","Feed+1","Dropkick","Sever Soul","Clothesline+1","Iron Wave","Dual Wield+1","Blood for Blood+1","Rupture","Pommel Strike+1","Spot Weakness","Evolve","Inflame+1","Panache","Blood for Blood"],"relics":["Burning Blood","Oddly Smooth Stone","Bag of Marbles","Strawberry","PreservedInsect","Busted Crown","Red Mask","Boot","Singing Bowl","Letter Opener","Tiny Chest","Fusion Hammer","War Paint","Question Card","Turnip","Orichalcum","Anchor","Ice Cream","Art of War"],"potions_floor_usage":[11,16,16,33,33,33,41,42,50,55,55],"damage_taken":[{"damage":8,"enemies":"Jaw Worm","floor":1,"turns":6},{"damage":6,"enemies":"Cultist","floor":2,"turns":6},{"damage":2,"enemies":"Small Slimes","floor":3,"turns":3},{"damage":6,"enemies":"2 Fungi Beasts","floor":4,"turns":6},{"damage":0,"enemies":"3 Louse","floor":5,"turns":1},{"damage":37,"enemies":"3 Sentries","floor":6,"turns":6},{"damage":18,"enemies":"Lagavulin","floor":11,"turns":7},{"damage":4,"enemies":"Red Slaver","floor":14,"turns":3},{"damage":43,"enemies":"Slime Boss","floor":16,"turns":10},{"damage":0,"enemies":"3 Byrds","floor":18,"turns":2},{"damage":8,"enemies":"Chosen","floor":19,"turns":3},{"damage":6,"enemies":"Masked Bandits","floor":20,"turns":2},{"damage":6,"enemies":"Snake Plant","floor":21,"turns":2},{"damage":12,"enemies":"3 Cultists","floor":22,"turns":4},{"damage":13,"enemies":"Slavers","floor":23,"turns":4},{"damage":16,"enemies":"Gremlin Leader","floor":25,"turns":4},{"damage":28,"enemies":"Book of Stabbing","floor":28,"turns":5},{"damage":6,"enemies":"Snecko","floor":30,"turns":3},{"damage":12,"enemies":"Snake Plant","floor":31,"turns":3},{"damage":47,"enemies":"Automaton","floor":33,"turns":10},{"damage":25,"enemies":"3 Shapes","floor":35,"turns":6},{"damage":18,"enemies":"Mind Bloom Boss Battle","floor":37,"turns":4},{"damage":6,"enemies":"Orb Walker","floor":38,"turns":3},{"damage":3,"enemies":"Nemesis","floor":40,"turns":3},{"damage":6,"enemies":"Jaw Worm Horde","floor":41,"turns":3},{"damage":43,"enemies":"Reptomancer","floor":42,"turns":6},{"damage":0,"enemies":"3 Darklings","floor":44,"turns":1},{"damage":5,"enemies":"Nemesis","floor":46,"turns":3},{"damage":59,"enemies":"Donu and Deca","floor":50,"turns":8},{"damage":58,"enemies":"Shield and Spear","floor":54,"turns":5},{"damage":105,"enemies":"The Heart","floor":55,"turns":5}],"seed_played":"-9036365775896903994","potions_obtained":[{"floor":2,"key":"Weak Potion"},{"floor":3,"key":"FearPotion"},{"floor":6,"key":"AttackPotion"},{"floor":13,"key":"EssenceOfSteel"},{"floor":19,"key":"Dexterity Potion"},{"floor":21,"key":"SkillPotion"},{"floor":33,"key":"Weak Potion"},{"floor":37,"key":"Weak Potion"},{"floor":40,"key":"Poison Potion"},{"floor":41,"key":"Block Potion"},{"floor":44,"key":"SpeedPotion"}],"is_trial":false,"path_per_floor":["M","M","M","M","M","E","?","R","T","R","E","$","?","M","R","B",null,"M","M","?","M","M","E","R","E","T","R","E","?","M","M","R","B",null,"M","$","?","M","$","E","M","E","T","M","R","E","R","?","R","B",null,"R","$","E","B"],"character_chosen":"IRONCLAD","items_purchased":["PreservedInsect","Offering","War Paint","Question Card","Rupture","Spot Weakness","Panache","Blood for Blood"],"campfire_rested":3,"item_purchase_floors":[12,12,36,36,36,39,53,53],"current_hp_per_floor":[78,78,82,82,88,57,50,50,50,50,45,45,45,47,47,10,74,83,84,84,84,78,74,74,66,66,66,50,50,52,50,50,11,93,80,80,72,74,74,79,83,52,52,58,101,104,146,146,146,97,137,150,150,104,0],"gold":30,"neow_bonus":"TEN_PERCENT_HP_BONUS","is_prod":false,"is_daily":false,"chose_seed":false,"campfire_upgraded":6,"win_rate":0,"timestamp":1550216206,"path_taken":["M","M","M","M","M","E","?","R","T","R","E","$","?","M","R","BOSS","M","?","?","M","M","E","R","E","T","R","E","?","M","M","R","BOSS","M","$","?","M","$","E","M","E","T","M","R","E","R","?","R","BOSS","R","$","E","BOSS"],"build_version":"2019-01-23","purchased_purges":1,"victory":false,"max_hp_per_floor":[88,88,88,88,88,88,88,88,88,88,95,95,95,95,95,95,95,98,101,101,101,101,104,104,106,106,106,112,112,114,118,118,120,120,126,126,130,132,132,134,138,144,144,144,144,146,146,146,146,150,150,150,150,156,156],"card_choices":[{"not_picked":["Disarm","Blood for Blood"],"picked":"Shrug It Off","floor":1},{"not_picked":["Battle Trance","Rage"],"picked":"Whirlwind","floor":2},{"not_picked":["Anger","Perfected Strike"],"picked":"Shockwave","floor":3},{"not_picked":["Havoc","Heavy Blade"],"picked":"Shockwave","floor":4},{"not_picked":["Twin Strike","Blood for Blood"],"picked":"Battle Trance","floor":5},{"not_picked":["Cleave","Rage"],"picked":"Infernal Blade","floor":6},{"not_picked":["Sword Boomerang","Sentinel"],"picked":"Clash","floor":11},{"not_picked":["Sword Boomerang","Flex","Warcry"],"picked":"SKIP","floor":14},{"not_picked":["Reaper","Bludgeon"],"picked":"Feed","floor":16},{"not_picked":[],"picked":"Dropkick","floor":18},{"not_picked":[],"picked":"Sever Soul","floor":19},{"not_picked":[],"picked":"Clothesline+1","floor":21},{"not_picked":[],"picked":"Iron Wave","floor":22},{"not_picked":[],"picked":"Dual Wield","floor":23},{"not_picked":["Sentinel"],"picked":"Singing Bowl","floor":25},{"not_picked":["Headbutt"],"picked":"Singing Bowl","floor":28},{"not_picked":["Pummel"],"picked":"Singing Bowl","floor":30},{"not_picked":[],"picked":"Blood for Blood+1","floor":31},{"not_picked":["Limit Break"],"picked":"Singing Bowl","floor":33},{"not_picked":["Thunderclap"],"picked":"Singing Bowl","floor":35},{"not_picked":["Fire Breathing"],"picked":"Pommel Strike+1","floor":37},{"not_picked":["Clash+1","Iron Wave+1"],"picked":"Singing Bowl","floor":38},{"not_picked":["Warcry+1","Uppercut"],"picked":"Singing Bowl","floor":40},{"not_picked":["Clothesline"],"picked":"Evolve","floor":41},{"not_picked":["Bludgeon","Carnage+1"],"picked":"Singing Bowl","floor":42},{"not_picked":["Wild Strike+1"],"picked":"Inflame","floor":44},{"not_picked":["Perfected Strike+1","Warcry+1"],"picked":"Singing Bowl","floor":46},{"not_picked":["Combust+1","Sword Boomerang"],"picked":"Singing Bowl","floor":54}],"player_experience":706589,"relics_obtained":[{"floor":6,"key":"Oddly Smooth Stone"},{"floor":9,"key":"Bag of Marbles"},{"floor":11,"key":"Strawberry"},{"floor":20,"key":"Red Mask"},{"floor":23,"key":"Boot"},{"floor":25,"key":"Singing Bowl"},{"floor":26,"key":"Letter Opener"},{"floor":28,"key":"Tiny Chest"},{"floor":37,"key":"Turnip"},{"floor":40,"key":"Orichalcum"},{"floor":42,"key":"Anchor"},{"floor":46,"key":"Ice Cream"},{"floor":54,"key":"Art of War"}],"event_choices":[{"cards_removed":["Strike_R"],"damage_healed":0,"gold_gain":0,"player_choice":"Card Removal","damage_taken":7,"max_hp_gain":0,"max_hp_loss":0,"event_name":"Golden Wing","floor":7,"gold_loss":0},{"damage_healed":0,"gold_gain":0,"player_choice":"Got Potions","damage_taken":0,"max_hp_gain":0,"max_hp_loss":0,"event_name":"Lab","floor":13,"gold_loss":0},{"damage_healed":0,"gold_gain":0,"player_choice":"Fought Bandits","damage_taken":0,"max_hp_gain":0,"max_hp_loss":0,"event_name":"Masked Bandits","floor":20,"gold_loss":0},{"cards_removed":["Strike_R"],"damage_healed":0,"gold_gain":0,"player_choice":"Gave Gold","damage_taken":0,"max_hp_gain":0,"max_hp_loss":0,"event_name":"Beggar","floor":29,"gold_loss":75},{"damage_healed":0,"gold_gain":0,"player_choice":"Fight","damage_taken":0,"max_hp_gain":0,"max_hp_loss":0,"event_name":"MindBloom","floor":37,"gold_loss":0},{"damage_healed":0,"gold_gain":0,"player_choice":"Upgraded","damage_taken":0,"max_hp_gain":0,"max_hp_loss":0,"event_name":"Upgrade Shrine","floor":48,"gold_loss":0,"cards_upgraded":["Inflame"]}],"is_beta":false,"boss_relics":[{"not_picked":["Orrery","Lizard Tail"],"picked":"Busted Crown"},{"not_picked":["Pandora\u0027s Box","Tiny House"],"picked":"Fusion Hammer"}],"items_purged_floors":[39],"is_endless":false,"potions_floor_spawned":[2,3,6,14,19,21,25,31,33,37,40,41,44],"killed_by":"The Heart","ascension_level":7}