{"path_per_floor":["M","M","?","M","M","E","M","R","T","M","E","R","T","E","R","B",null,"M","M","$","M","?","R","E","M","T","$","?","T","E","M","R","B",null,"M","?","M","?","?","R","?","E","T","$","R","$","?","M","R","B"],"character_chosen":"IRONCLAD","items_purchased":["Mercury Hourglass","Thunderclap","Dropkick","Flex","Flex","Inflame","Happy Flower","Armaments"],"gold_per_floor":[20,33,33,50,60,92,106,106,179,195,228,228,253,282,282,384,384,396,416,23,35,35,35,67,79,79,55,55,123,155,171,171,270,270,287,287,299,299,299,299,354,389,389,86,86,32,32,50,50,50],"floor_reached":51,"campfire_rested":1,"playtime":3557,"item_purchase_floors":[20,20,20,20,27,44,44,46],"current_hp_per_floor":[80,80,73,77,80,64,57,57,57,57,62,62,62,52,52,48,80,72,65,65,63,63,63,18,21,21,21,5,15,18,23,23,16,90,90,90,87,76,76,76,73,68,68,68,68,68,58,64,90,10],"items_purged":["Wild Strike+1"],"gold":50,"score":872,"play_id":"5a9b62bf-6c46-4f1a-828d-a28b35bbdc2c","local_time":"20180609023402","is_prod":false,"is_daily":false,"chose_seed":false,"is_ascension_mode":true,"campfire_upgraded":7,"win_rate":0,"timestamp":1528536842,"campfire_choices":[{"data":"Armaments","floor":8,"key":"SMITH"},{"data":"Combust","floor":12,"key":"SMITH"},{"data":"Inflame","floor":15,"key":"SMITH"},{"data":"Anger","floor":23,"key":"SMITH"},{"data":"Flex","floor":32,"key":"SMITH"},{"data":"Uppercut","floor":40,"key":"SMITH"},{"data":"Inflame","floor":45,"key":"SMITH"},{"floor":49,"key":"REST"}],"path_taken":["M","?","?","M","M","E","M","R","T","M","E","R","?","E","R","BOSS","M","M","$","M","?","R","E","M","T","?","?","?","E","M","R","BOSS","M","?","M","?","?","R","?","E","T","$","R","?","?","M","R","BOSS"],"build_version":"2018-06-07v3","seed_source_timestamp":519123491350487,"purchased_purges":1,"victory":true,"master_deck":["Strike_R","Strike_R","Strike_R","Strike_R","Strike_R","Bash","Pommel Strike","Clash","Bloodletting","Combust+1","Armaments+1","Heavy Blade","Headbutt","Dropkick","Inflame+1","Bludgeon","Seeing Red","Pummel","Cleave","Thunderclap","Dropkick","Flex+1","Pommel Strike+1","Anger+1","Iron Wave","Flex","Bludgeon","Combust+1","Battle Trance","Uppercut+1","Madness","Madness","Inflame+1","Inflame+1","Armaments","Jack Of All Trades","Good Instincts","Panacea","Anger","Cleave"],"max_hp_per_floor":[80,80,80,80,80,80,80,80,80,80,80,80,80,80,80,80,80,80,80,80,80,80,80,80,80,80,80,80,90,90,90,90,90,90,90,90,90,90,90,90,90,90,90,90,90,90,90,90,90,90],"relics":["Burning Blood","Dodecahedron","Gremlin Horn","Prayer Wheel","Bag of Preparation","Lantern","Busted Crown","Mercury Hourglass","Potion Belt","Self Forming Clay","Enchiridion","Pear","Unceasing Top","Sozu","Gambling Chip","Anchor","Bottled Tornado","Happy Flower"],"card_choices":[{"not_picked":["Corruption","Infernal Blade"],"picked":"Pommel Strike","floor":1},{"not_picked":["True Grit","Intimidate"],"picked":"Clash","floor":2},{"not_picked":["Warcry","Shrug It Off"],"picked":"Bloodletting","floor":4},{"not_picked":["Flame Barrier","Evolve"],"picked":"Combust","floor":5},{"not_picked":["Bloodletting","Immolate"],"picked":"Armaments","floor":6},{"not_picked":["Bloodletting","Feel No Pain"],"picked":"Heavy Blade","floor":7},{"not_picked":["Entrench","Sentinel"],"picked":"Headbutt","floor":10},{"not_picked":["Evolve","Warcry"],"picked":"Dropkick","floor":11},{"not_picked":["Barricade","Seeing Red"],"picked":"Inflame","floor":14},{"not_picked":["Dark Embrace","Impervious"],"picked":"Bludgeon","floor":16},{"not_picked":[],"picked":"Seeing Red","floor":18},{"not_picked":["True Grit"],"picked":"SKIP","floor":18},{"not_picked":[],"picked":"Pummel","floor":19},{"not_picked":[],"picked":"Cleave","floor":19},{"not_picked":[],"picked":"Pommel Strike+1","floor":21},{"not_picked":[],"picked":"Anger","floor":21},{"not_picked":[],"picked":"Wild Strike+1","floor":24},{"not_picked":[],"picked":"Iron Wave","floor":25},{"not_picked":["Ghostly Armor+1"],"picked":"SKIP","floor":25},{"not_picked":["Body Slam"],"picked":"SKIP","floor":30},{"not_picked":["Wild Strike"],"picked":"SKIP","floor":31},{"not_picked":["Heavy Blade"],"picked":"SKIP","floor":31},{"not_picked":[],"picked":"Bludgeon","floor":33},{"not_picked":[],"picked":"Combust+1","floor":35},{"not_picked":[],"picked":"Battle Trance","floor":35},{"not_picked":[],"picked":"Uppercut","floor":37},{"not_picked":["Body Slam+1"],"picked":"SKIP","floor":37},{"not_picked":["Body Slam"],"picked":"SKIP","floor":42},{"not_picked":[],"picked":"Jack Of All Trades","floor":47},{"not_picked":[],"picked":"Good Instincts","floor":47},{"not_picked":[],"picked":"Panacea","floor":47},{"not_picked":[],"picked":"Anger","floor":48},{"not_picked":[],"picked":"Cleave","floor":48}],"player_experience":49267,"potions_floor_usage":[6,11,11,11,16,30,33,33,33,33],"damage_taken":[{"damage":6,"enemies":"Cultist","floor":1,"turns":3},{"damage":0,"enemies":"2 Louse","floor":2,"turns":2},{"damage":2,"enemies":"Small Slimes","floor":4,"turns":2},{"damage":3,"enemies":"3 Louse","floor":5,"turns":3},{"damage":22,"enemies":"3 Sentries","floor":6,"turns":4},{"damage":13,"enemies":"Exordium Wildlife","floor":7,"turns":2},{"damage":6,"enemies":"Blue Slaver","floor":10,"turns":2},{"damage":1,"enemies":"Gremlin Nob","floor":11,"turns":2},{"damage":16,"enemies":"3 Sentries","floor":14,"turns":4},{"damage":10,"enemies":"Slime Boss","floor":16,"turns":4},{"damage":14,"enemies":"2 Thieves","floor":18,"turns":2},{"damage":13,"enemies":"3 Byrds","floor":19,"turns":3},{"damage":8,"enemies":"Snake Plant","floor":21,"turns":2},{"damage":51,"enemies":"Book of Stabbing","floor":24,"turns":4},{"damage":3,"enemies":"Chosen and Byrds","floor":25,"turns":2},{"damage":3,"enemies":"Slavers","floor":30,"turns":1},{"damage":1,"enemies":"3 Cultists","floor":31,"turns":2},{"damage":13,"enemies":"Champ","floor":33,"turns":6},{"damage":3,"enemies":"Orb Walker","floor":35,"turns":1},{"damage":9,"enemies":"3 Shapes","floor":37,"turns":1},{"damage":9,"floor":41,"turns":2},{"damage":11,"enemies":"Giant Head","floor":42,"turns":3},{"damage":0,"enemies":"3 Darklings","floor":48,"turns":1},{"damage":86,"enemies":"Awakened One","floor":50,"turns":5}],"relics_obtained":[{"floor":6,"key":"Dodecahedron"},{"floor":9,"key":"Gremlin Horn"},{"floor":11,"key":"Prayer Wheel"},{"floor":13,"key":"Bag of Preparation"},{"floor":14,"key":"Lantern"},{"floor":24,"key":"Potion Belt"},{"floor":26,"key":"Self Forming Clay"},{"floor":28,"key":"Enchiridion"},{"floor":29,"key":"Pear"},{"floor":30,"key":"Unceasing Top"},{"floor":41,"key":"Gambling Chip"},{"floor":42,"key":"Anchor"},{"floor":43,"key":"Bottled Tornado"}],"event_choices":[{"event_name":"Golden Wing","player_choice":"Card Removal","floor":3,"damage_taken":0},{"event_name":"Vampires","player_choice":"Ignored","floor":22,"damage_taken":0},{"event_name":"Cursed Tome","player_choice":"Obtained Book","floor":28,"damage_taken":0},{"event_name":"Falling","player_choice":"Removed Skill","floor":36,"damage_taken":0},{"event_name":"Winding Halls","player_choice":"Embrace Madness","floor":38,"damage_taken":0},{"event_name":"Duplicator","player_choice":"One dupe","floor":39,"damage_taken":0},{"event_name":"Mysterious Sphere","player_choice":"Fight","floor":41,"damage_taken":0},{"event_name":"SensoryStone","player_choice":"Memory 3","floor":47,"damage_taken":0}],"boss_relics":[{"not_picked":["Philosopher\u0027s Stone","Snecko Eye"],"picked":"Busted Crown"},{"not_picked":["Cursed Key","Runic Pyramid"],"picked":"Sozu"}],"items_purged_floors":[44],"potions_floor_spawned":[1,5,6,7,11,18,19,24,30,31,35,42],"seed_played":"4853568817385232766","ascension_level":1,"potions_obtained":[{"floor":1,"key":"Poison Potion"},{"floor":5,"key":"Fire Potion"},{"floor":6,"key":"Strength Potion"},{"floor":7,"key":"Poison Potion"},{"floor":11,"key":"Energy Potion"},{"floor":18,"key":"Weak Potion"},{"floor":19,"key":"Ancient Potion"},{"floor":24,"key":"SkillPotion"},{"floor":30,"key":"Energy Potion"},{"floor":31,"key":"Swift Potion"}],"is_trial":false}