{"gold_per_floor":[109,128,141,159,159,159,192,46,71,86,86,102,102,122,122,218,218,228,228,244,258,173,173,202,215,238,6,20,20,46,57,57,157,157,174,274,285,285,5,5,5,16,16,32,32,47,47,61,61,61],"floor_reached":51,"playtime":4730,"items_purged":["Strike_G","Strike_G","Strike_G"],"score":703,"play_id":"e0ceacaf-ff38-487d-bbba-1d9a415c8f95","local_time":"20190304024449","is_ascension_mode":false,"campfire_choices":[{"data":"Caltrops","floor":6,"key":"SMITH"},{"floor":13,"key":"REST"},{"data":"After Image","floor":15,"key":"SMITH"},{"floor":23,"key":"REST"},{"floor":29,"key":"REST"},{"data":"Noxious Fumes","floor":32,"key":"SMITH"},{"floor":41,"key":"REST"},{"floor":45,"key":"REST"},{"floor":49,"key":"REST"}],"neow_cost":"NONE","seed_source_timestamp":26566468196773,"circlet_count":0,"master_deck":["Defend_G","Defend_G","Defend_G","Defend_G","Defend_G","Strike_G","Survivor","Neutralize","Bouncing Flask","Deadly Poison","Caltrops+1","Deadly Poison","Noxious Fumes+1","After Image+1","Noxious Fumes","Footwork","Acrobatics","Malaise","Tactician","Prepared","Endless Agony","Neutralize","Endless Agony","Leg Sweep","Well Laid Plans+1","Distraction","Wraith Form v2","Acrobatics","Backflip","PiercingWail","Burst","Escape Plan+1","Endless Agony+1","Escape Plan","Noxious Fumes+1","Magnetism+1","Acrobatics+1","Decay","Catalyst","After Image+1","Bouncing Flask+1"],"relics":["Cursed Key","Regal Pillow","Bronze Scales","Lizard Tail","Omamori","Ice Cream","Smiling Mask","Bag of Marbles","Calling Bell","Centennial Puzzle","Frozen Egg 2","FossilizedHelix","Ginger","Kunai"],"potions_floor_usage":[7,7,16,16,20,21,37,40,40,46,46,46,46,50,50],"damage_taken":[{"damage":0,"enemies":"Cultist","floor":1,"turns":4},{"damage":0,"enemies":"Jaw Worm","floor":2,"turns":3},{"damage":1,"enemies":"2 Louse","floor":3,"turns":3},{"damage":8,"enemies":"Gremlin Gang","floor":4,"turns":5},{"damage":26,"enemies":"Gremlin Nob","floor":7,"turns":4},{"damage":3,"enemies":"Blue Slaver","floor":10,"turns":3},{"damage":20,"enemies":"Large Slime","floor":12,"turns":5},{"damage":14,"enemies":"Exordium Thugs","floor":14,"turns":4},{"damage":24,"enemies":"Slime Boss","floor":16,"turns":9},{"damage":18,"enemies":"3 Byrds","floor":18,"turns":2},{"damage":10,"enemies":"Shell Parasite","floor":20,"turns":3},{"damage":16,"enemies":"Centurion and Healer","floor":21,"turns":8},{"damage":64,"enemies":"Slavers","floor":24,"turns":6},{"damage":7,"enemies":"Sentry and Sphere","floor":25,"turns":5},{"damage":2,"enemies":"Snake Plant","floor":28,"turns":5},{"damage":11,"enemies":"Centurion and Healer","floor":31,"turns":9},{"damage":37,"enemies":"Collector","floor":33,"turns":9},{"damage":17,"enemies":"Orb Walker","floor":35,"turns":7},{"damage":25,"enemies":"Mind Bloom Boss Battle","floor":36,"turns":7},{"damage":16,"enemies":"3 Shapes","floor":37,"turns":6},{"damage":0,"enemies":"Nemesis","floor":40,"turns":2},{"damage":9,"enemies":"3 Darklings","floor":42,"turns":6},{"damage":13,"enemies":"Writhing Mass","floor":44,"turns":5},{"damage":23,"enemies":"Transient","floor":46,"turns":5},{"damage":0,"enemies":"Maw","floor":48,"turns":6},{"damage":27,"enemies":"Donu and Deca","floor":50,"turns":8}],"seed_played":"7085837846980962579","potions_obtained":[{"floor":1,"key":"SkillPotion"},{"floor":4,"key":"Poison Potion"},{"floor":10,"key":"EssenceOfSteel"},{"floor":14,"key":"SteroidPotion"},{"floor":16,"key":"LiquidBronze"},{"floor":18,"key":"PowerPotion"},{"floor":24,"key":"SpeedPotion"},{"floor":25,"key":"SteroidPotion"},{"floor":28,"key":"SmokeBomb"},{"floor":35,"key":"Explosive Potion"},{"floor":44,"key":"EntropicBrew"},{"floor":46,"key":"Explosive Potion"},{"floor":48,"key":"EssenceOfSteel"}],"is_trial":false,"path_per_floor":["M","M","M","M","?","R","E","$","T","M","?","M","R","M","R","B",null,"M","?","M","M","?","R","E","M","T","$","M","R","T","M","R","B",null,"M","?","M","?","$","E","R","M","T","M","R","M","$","M","R","B",null],"character_chosen":"THE_SILENT","items_purchased":["After Image","Wraith Form v2","Acrobatics","Noxious Fumes+1","Magnetism+1"],"campfire_rested":6,"item_purchase_floors":[8,27,27,39,39],"current_hp_per_floor":[70,70,69,61,61,61,35,35,35,32,49,29,65,51,51,27,70,52,52,42,26,26,62,35,28,28,28,26,62,62,51,51,14,70,53,28,12,12,12,12,47,38,38,25,60,47,47,47,67,40],"gold":61,"neow_bonus":"BOSS_RELIC","is_prod":false,"is_daily":false,"chose_seed":false,"campfire_upgraded":3,"win_rate":0,"timestamp":1551635089,"path_taken":["M","M","?","M","?","R","E","?","T","?","?","M","R","M","R","BOSS","M","?","M","?","?","R","E","M","T","$","M","R","?","M","R","BOSS","M","?","M","?","$","E","R","M","T","?","R","M","$","M","R","BOSS"],"build_version":"2019-01-23","purchased_purges":3,"victory":true,"max_hp_per_floor":[70,70,70,70,70,70,70,70,70,70,70,70,70,70,70,70,70,70,70,70,70,70,70,70,70,70,70,70,70,70,70,70,70,70,70,70,70,67,67,67,67,67,67,67,67,67,67,67,67,67],"card_choices":[{"not_picked":["Bane","Flying Knee"],"picked":"Bouncing Flask","floor":1},{"not_picked":["PiercingWail","Sucker Punch"],"picked":"Deadly Poison","floor":2},{"not_picked":["Flying Knee","Calculated Gamble"],"picked":"Caltrops","floor":3},{"not_picked":["Outmaneuver","Dagger Spray"],"picked":"Deadly Poison","floor":4},{"not_picked":["Tools of the Trade","Outmaneuver"],"picked":"Noxious Fumes","floor":7},{"not_picked":["Slice","Eviscerate"],"picked":"Noxious Fumes","floor":10},{"not_picked":["Infinite Blades","Dagger Throw"],"picked":"Footwork","floor":12},{"not_picked":["Sucker Punch","Slice"],"picked":"Acrobatics","floor":14},{"not_picked":["After Image","Unload"],"picked":"Malaise","floor":16},{"not_picked":["Blur","Heel Hook"],"picked":"Tactician","floor":18},{"not_picked":["Masterful Stab","Riddle With Holes+1"],"picked":"Endless Agony","floor":20},{"not_picked":["Flying Knee+1","Quick Slash"],"picked":"Leg Sweep","floor":21},{"not_picked":["Dagger Throw","Sucker Punch"],"picked":"Well Laid Plans+1","floor":24},{"not_picked":["Prepared","Sucker Punch+1"],"picked":"Distraction","floor":25},{"not_picked":["Dodge and Roll","Quick Slash+1"],"picked":"Backflip","floor":28},{"not_picked":["Backflip","Dodge and Roll+1"],"picked":"PiercingWail","floor":31},{"not_picked":["Die Die Die","Phantasmal Killer"],"picked":"Burst","floor":33},{"not_picked":["Bane+1","Skewer"],"picked":"Escape Plan+1","floor":35},{"not_picked":["Slice","Dagger Throw+1"],"picked":"Endless Agony+1","floor":36},{"not_picked":["Terror+1","Underhanded Strike"],"picked":"Escape Plan","floor":37},{"not_picked":["Eviscerate","Underhanded Strike"],"picked":"Acrobatics+1","floor":42},{"not_picked":["Masterful Stab","Dagger Throw"],"picked":"Catalyst","floor":44},{"not_picked":["Backflip+1","Acrobatics+1"],"picked":"After Image+1","floor":46},{"not_picked":["Blade Dance","Dodge and Roll"],"picked":"Bouncing Flask+1","floor":48}],"player_experience":44429,"relics_obtained":[{"floor":7,"key":"Regal Pillow"},{"floor":9,"key":"Bronze Scales"},{"floor":24,"key":"Ice Cream"},{"floor":26,"key":"Smiling Mask"},{"floor":30,"key":"Bag of Marbles"},{"floor":34,"key":"Centennial Puzzle"},{"floor":34,"key":"Frozen Egg 2"},{"floor":34,"key":"FossilizedHelix"},{"floor":36,"key":"Ginger"},{"floor":43,"key":"Kunai"}],"event_choices":[{"cards_removed":["Strike_G"],"damage_healed":0,"gold_gain":0,"player_choice":"Purged","damage_taken":0,"max_hp_gain":0,"max_hp_loss":0,"event_name":"Purifier","floor":5,"gold_loss":0},{"damage_healed":17,"gold_gain":0,"player_choice":"Healed and dodged fight","damage_taken":0,"max_hp_gain":0,"max_hp_loss":0,"event_name":"Mushrooms","floor":11,"gold_loss":0,"cards_obtained":["Parasite"]},{"damage_healed":0,"gold_gain":0,"player_choice":"3 cards matched","damage_taken":0,"max_hp_gain":0,"max_hp_loss":0,"event_name":"Match and Keep!","floor":19,"gold_loss":0,"cards_obtained":["Prepared","Endless Agony","Neutralize"]},{"damage_healed":0,"gold_gain":0,"player_choice":"Obtained Relic","damage_taken":0,"relics_obtained":["Omamori"],"max_hp_gain":0,"max_hp_loss":0,"event_name":"Addict","floor":22,"gold_loss":85},{"damage_healed":0,"gold_gain":0,"player_choice":"Fight","damage_taken":0,"max_hp_gain":0,"max_hp_loss":0,"event_name":"MindBloom","floor":36,"gold_loss":0},{"cards_removed":["Shame","Pain","Decay","Parasite","Pain"],"damage_healed":0,"gold_gain":0,"player_choice":"Removed Curses","damage_taken":0,"max_hp_gain":0,"max_hp_loss":0,"event_name":"Fountain of Cleansing","floor":38,"gold_loss":0}],"is_beta":false,"boss_relics":[{"not_picked":["Sozu","HoveringKite"],"picked":"Lizard Tail"},{"not_picked":["Black Star","Runic Pyramid"],"picked":"Calling Bell"}],"items_purged_floors":[8,27,39],"is_endless":false,"potions_floor_spawned":[1,4,10,14,16,18,24,25,28,35,44,46,48],"ascension_level":0}