{"gold_per_floor":[116,127,77,90,90,103,56,70,151,76,1,1,11,11,11,11],"floor_reached":16,"playtime":409,"items_purged":["Strike_G"],"score":92,"play_id":"59f3ca9d-0960-4b04-a1cd-3ded507b604e","local_time":"20181207181717","is_ascension_mode":false,"campfire_choices":[{"data":"Wraith Form v2","floor":12,"key":"SMITH"},{"floor":15,"key":"REST"}],"neow_cost":"NONE","seed_source_timestamp":676635371974684,"circlet_count":0,"master_deck":["Defend_G","Defend_G","Defend_G","Defend_G+1","Defend_G","Strike_G+1","Strike_G","Strike_G","Survivor","Neutralize","Deflect+1","Skewer","Outmaneuver","Wraith Form v2+1","Masterful Stab","Deflect"],"relics":["Ring of the Snake","NeowsBlessing","Mummified Hand"],"potions_floor_usage":[6],"damage_taken":[{"damage":0,"enemies":"Small Slimes","floor":1,"turns":1},{"damage":0,"enemies":"Jaw Worm","floor":2,"turns":1},{"damage":0,"enemies":"Cultist","floor":4,"turns":1},{"damage":14,"enemies":"Red Slaver","floor":6,"turns":5},{"damage":6,"enemies":"Exordium Wildlife","floor":8,"turns":4},{"damage":0,"enemies":"3 Louse","floor":13,"turns":4},{"damage":0,"enemies":"The Guardian","floor":16,"turns":2}],"seed_played":"-1090811183402934537","potions_obtained":[{"floor":2,"key":"GamblersBrew"},{"floor":4,"key":"LiquidBronze"},{"floor":6,"key":"Fire Potion"}],"is_trial":false,"path_per_floor":["M","M","?","M","?","M","$","M","T","$","$","R","M","?","R","B"],"character_chosen":"THE_SILENT","items_purchased":["Outmaneuver","Masterful Stab"],"campfire_rested":1,"item_purchase_floors":[7,11],"current_hp_per_floor":[70,70,70,70,70,56,56,50,50,50,50,50,50,36,57,57],"gold":11,"neow_bonus":"THREE_ENEMY_KILL","is_prod":false,"is_daily":false,"chose_seed":false,"campfire_upgraded":1,"win_rate":0.0,"timestamp":1544224637,"path_taken":["M","M","?","M","?","?","$","M","T","?","$","R","?","?","R","BOSS"],"build_version":"2018-12-06","purchased_purges":1,"victory":false,"max_hp_per_floor":[70,70,70,70,70,70,70,70,70,70,70,70,70,70,70,70],"card_choices":[{"not_picked":["Cloak And Dagger","Sucker Punch"],"picked":"Deflect","floor":1},{"not_picked":["Crippling Poison","Dagger Spray"],"picked":"Skewer","floor":2},{"not_picked":["Backstab","Sucker Punch","Dagger Throw"],"picked":"SKIP","floor":4},{"not_picked":["Bane","Caltrops","Dagger Spray"],"picked":"SKIP","floor":6},{"not_picked":["Sucker Punch","Cloak And Dagger"],"picked":"Wraith Form v2","floor":8},{"not_picked":["Crippling Poison","Backflip"],"picked":"Deflect","floor":13}],"player_experience":194743,"relics_obtained":[{"floor":9,"key":"Mummified Hand"}],"event_choices":[{"cards_removed":["Strike_G"],"damage_healed":0,"gold_gain":0,"player_choice":"Card Removal","damage_taken":0,"max_hp_gain":0,"max_hp_loss":0,"event_name":"The Cleric","floor":3,"gold_loss":50},{"damage_healed":0,"gold_gain":0,"player_choice":"Forge","damage_taken":0,"max_hp_gain":0,"max_hp_loss":0,"event_name":"Accursed Blacksmith","floor":5,"gold_loss":0,"cards_upgraded":["Deflect"]},{"damage_healed":0,"gold_gain":0,"player_choice":"Entered Light","damage_taken":14,"max_hp_gain":0,"max_hp_loss":0,"event_name":"Shining Light","floor":14,"gold_loss":0,"cards_upgraded":["Defend_G","Strike_G"]}],"is_beta":false,"boss_relics":[],"items_purged_floors":[10],"is_endless":false,"potions_floor_spawned":[2,4,6],"killed_by":"The Guardian","ascension_level":0}