{"gold_per_floor":[115,125,125,146,15,15,55,79,105,105,105],"floor_reached":11,"playtime":492,"items_purged":[],"score":88,"play_id":"96459229-1ba4-4ab8-91ea-f79ec27370ba","local_time":"20180928172430","is_ascension_mode":true,"campfire_choices":[{"data":"Defragment","floor":6,"key":"SMITH"},{"data":"Zap","floor":10,"key":"SMITH"}],"neow_cost":"NONE","seed_source_timestamp":437854910251641,"circlet_count":0,"master_deck":["Strike_B","Strike_B","Strike_B","Strike_B","Defend_B","Defend_B","Defend_B","Defend_B","Zap+1","Dualcast","Machine Learning","Defragment+1","Streamline","Thunder Strike","Tempest","Gash","Melter","Glacier"],"relics":["Cracked Core","Golden Idol","Art of War","Bag of Preparation"],"potions_floor_usage":[11,11],"damage_taken":[{"damage":0,"enemies":"2 Louse","floor":1,"turns":2},{"damage":9,"enemies":"Jaw Worm","floor":2,"turns":4},{"damage":0,"enemies":"Cultist","floor":4,"turns":4},{"damage":12,"enemies":"Gremlin Nob","floor":7,"turns":3},{"damage":9,"enemies":"2 Fungi Beasts","floor":8,"turns":4},{"damage":40,"enemies":"Lagavulin","floor":11,"turns":3}],"seed_played":"-6933175775320294911","potions_obtained":[{"floor":4,"key":"Explosive Potion"},{"floor":8,"key":"FocusPotion"}],"is_trial":false,"path_per_floor":["M","M","?","M","$","R","E","M","T","R"],"character_chosen":"DEFECT","items_purchased":["Tempest","Gash"],"campfire_rested":0,"item_purchase_floors":[5,5],"current_hp_per_floor":[75,66,48,48,48,48,36,27,27,27,0],"gold":105,"neow_bonus":"ONE_RANDOM_RARE_CARD","is_prod":false,"is_daily":false,"chose_seed":false,"campfire_upgraded":2,"win_rate":0,"timestamp":1538180670,"path_taken":["M","M","?","M","$","R","E","M","T","R","E"],"build_version":"2018-09-27","purchased_purges":0,"victory":false,"max_hp_per_floor":[75,75,75,75,75,75,75,75,75,75,75],"card_choices":[{"not_picked":["Cold Snap","Beam Cell"],"picked":"Defragment","floor":1},{"not_picked":["Reprogram","Cold Snap"],"picked":"Streamline","floor":2},{"not_picked":["Rebound","Heatsinks"],"picked":"Thunder Strike","floor":4},{"not_picked":["Undo","Barrage"],"picked":"Melter","floor":7},{"not_picked":["Steam","Blizzard"],"picked":"Glacier","floor":8}],"player_experience":185579,"relics_obtained":[{"floor":7,"key":"Art of War"},{"floor":9,"key":"Bag of Preparation"}],"event_choices":[{"event_name":"Golden Idol","player_choice":"Take Damage","floor":3,"damage_taken":0}],"is_beta":false,"boss_relics":[],"items_purged_floors":[],"is_endless":false,"potions_floor_spawned":[4,8],"killed_by":"Lagavulin","ascension_level":4}