{"gold_per_floor":[114,126,140,215,5,5,20,32,32,43,8,38,38,63,63,135,135,155,1,19,19,38,38,58,71,95,65,81,81],"floor_reached":29,"playtime":1158,"items_purged":["Strike_B"],"score":454,"play_id":"c08ad310-627e-4bb0-8ca4-788b6fdaa1f8","local_time":"20190122004814","is_ascension_mode":true,"campfire_choices":[{"data":"Zap","floor":6,"key":"SMITH"},{"floor":15,"key":"REST"},{"floor":23,"key":"REST"}],"neow_cost":"TEN_PERCENT_HP_LOSS","seed_source_timestamp":980262715643700,"circlet_count":0,"master_deck":["AscendersBane","Strike_B","Strike_B","Defend_B","Defend_B","Defend_B","Defend_B","Zap+1","Dualcast","Madness","Impatience","Leap","Loop","Cold Snap","Ball Lightning","Steam","Conserve Battery","Ball Lightning","Coolheaded","Electrodynamics+1","Echo Form+1","Steam+1","Defragment+1","Ball Lightning","Doom and Gloom+1","Leap"],"relics":["Cracked Core","Medical Kit","Omamori","Bag of Preparation","Frozen Egg 2","Cursed Key","PreservedInsect"],"potions_floor_usage":[10,14,18,18,20,24,28,28],"damage_taken":[{"damage":5,"enemies":"Small Slimes","floor":1,"turns":3},{"damage":0,"enemies":"2 Louse","floor":2,"turns":3},{"damage":1,"enemies":"Cultist","floor":3,"turns":4},{"damage":4,"enemies":"Looter","floor":7,"turns":3},{"damage":5,"enemies":"Exordium Thugs","floor":8,"turns":4},{"damage":11,"enemies":"Lots of Slimes","floor":10,"turns":3},{"damage":16,"enemies":"Lagavulin","floor":12,"turns":8},{"damage":24,"enemies":"3 Sentries","floor":14,"turns":8},{"damage":19,"enemies":"Hexaghost","floor":16,"turns":11},{"damage":15,"enemies":"2 Thieves","floor":18,"turns":2},{"damage":24,"enemies":"Spheric Guardian","floor":20,"turns":4},{"damage":6,"enemies":"Snake Plant","floor":22,"turns":4},{"damage":19,"enemies":"Centurion and Healer","floor":24,"turns":5},{"damage":0,"enemies":"Cultist and Chosen","floor":25,"turns":3},{"damage":15,"enemies":"Snake Plant","floor":28,"turns":4},{"damage":6,"enemies":"Gremlin Leader","floor":29,"turns":1}],"seed_played":"-8443292048460767566","potions_obtained":[{"floor":8,"key":"Fire Potion"},{"floor":10,"key":"EssenceOfSteel"},{"floor":14,"key":"Explosive Potion"},{"floor":16,"key":"Fire Potion"},{"floor":22,"key":"PowerPotion"},{"floor":24,"key":"Energy Potion"},{"floor":25,"key":"Energy Potion"}],"is_trial":false,"path_per_floor":["M","M","M","?","$","R","M","M","T","M","?","E","?","E","R","B",null,"M","$","M","?","M","R","M","M","T","?","M","E"],"character_chosen":"DEFECT","items_purchased":["Medical Kit","Regen Potion"],"campfire_rested":2,"item_purchase_floors":[5,19],"current_hp_per_floor":[59,59,58,47,47,47,43,38,38,27,43,27,27,3,22,3,49,34,34,22,22,16,35,16,16,16,16,1,0],"gold":81,"neow_bonus":"RANDOM_COLORLESS_2","is_prod":false,"is_daily":false,"chose_seed":false,"campfire_upgraded":1,"win_rate":0,"timestamp":1548146894,"path_taken":["M","M","M","?","$","R","M","M","T","M","?","E","?","E","R","BOSS","M","$","M","?","M","R","M","M","T","?","M","E"],"build_version":"2019-01-17v2","purchased_purges":1,"victory":false,"max_hp_per_floor":[64,64,64,64,64,64,64,64,64,64,64,64,64,64,64,64,64,64,64,64,64,64,64,64,64,64,64,64,64],"card_choices":[{"not_picked":["Cold Snap","Static Discharge"],"picked":"Leap","floor":1},{"not_picked":["Stack","Steam Power"],"picked":"Loop","floor":2},{"not_picked":["Hologram","Leap"],"picked":"Cold Snap","floor":3},{"not_picked":["Heatsinks","Redo"],"picked":"Ball Lightning","floor":7},{"not_picked":["Reinforced Body","Hello World"],"picked":"Steam","floor":8},{"not_picked":["Chaos","Turbo"],"picked":"Conserve Battery","floor":10},{"not_picked":["Cold Snap","Compile Driver"],"picked":"Ball Lightning","floor":12},{"not_picked":["Cold Snap","Darkness"],"picked":"Electrodynamics","floor":14},{"not_picked":["Amplify","Hyperbeam"],"picked":"Echo Form+1","floor":16},{"not_picked":["Aggregate","Consume"],"picked":"Steam+1","floor":18},{"not_picked":["Lockon","Go for the Eyes"],"picked":"Defragment+1","floor":20},{"not_picked":["Turbo","Skim"],"picked":"Ball Lightning","floor":22},{"not_picked":["Beam Cell","Go for the Eyes"],"picked":"Doom and Gloom+1","floor":24},{"not_picked":["Beam Cell","Hello World+1","Go for the Eyes"],"picked":"SKIP","floor":25},{"not_picked":["Streamline+1","Steam"],"picked":"Leap","floor":28}],"player_experience":577881,"relics_obtained":[{"floor":9,"key":"Omamori"},{"floor":12,"key":"Bag of Preparation"},{"floor":14,"key":"Frozen Egg 2"},{"floor":26,"key":"PreservedInsect"}],"event_choices":[{"damage_healed":0,"gold_gain":75,"player_choice":"Gather Gold","damage_taken":11,"max_hp_gain":0,"max_hp_loss":0,"event_name":"World of Goop","floor":4,"gold_loss":0},{"damage_healed":16,"gold_gain":0,"player_choice":"Healed","damage_taken":0,"max_hp_gain":0,"max_hp_loss":0,"event_name":"The Cleric","floor":11,"gold_loss":35},{"damage_healed":0,"gold_gain":0,"cards_transformed":["Strike_B"],"player_choice":"Transformed","damage_taken":0,"max_hp_gain":0,"max_hp_loss":0,"event_name":"Transmorgrifier","floor":13,"gold_loss":0,"cards_obtained":["Coolheaded"]},{"damage_healed":0,"gold_gain":0,"player_choice":"Ignored","damage_taken":0,"max_hp_gain":0,"max_hp_loss":0,"event_name":"Vampires","floor":21,"gold_loss":0},{"damage_healed":0,"gold_gain":0,"player_choice":"Bought 2 Potions","damage_taken":0,"max_hp_gain":0,"max_hp_loss":0,"event_name":"The Woman in Blue","floor":27,"gold_loss":0}],"is_beta":false,"boss_relics":[{"not_picked":["Runic Pyramid","Inserter"],"picked":"Cursed Key"}],"items_purged_floors":[19],"is_endless":false,"potions_floor_spawned":[8,10,14,16,22,24,25],"killed_by":"Gremlin Leader","ascension_level":18}