{"gold_per_floor":[210,210,229,244,261,261,281,281,281,298,298,298,298,316,316,412,412,375,391,406,38,38,38,95,116,141,153],"floor_reached":27,"playtime":1353,"items_purged":["Strike_G"],"score":414,"play_id":"fd232302-13cc-4749-a0df-9d1e54ebe360","local_time":"20181121201833","is_ascension_mode":true,"campfire_choices":[{"floor":6.0,"key":"REST"},{"floor":11.0,"key":"REST"},{"data":"Cloak And Dagger","floor":13.0,"key":"SMITH"},{"data":"Neutralize","floor":15.0,"key":"SMITH"}],"neow_cost":"NONE","seed_source_timestamp":206608048262855,"circlet_count":0,"master_deck":["AscendersBane","Defend_G","Defend_G","Defend_G","Defend_G","Strike_G","Strike_G","Survivor","Neutralize+1","Cloak And Dagger+1","PiercingWail","After Image","Infinite Blades","Tools of the Trade","PiercingWail+1","Burst+1","Blade Dance+1","Envenom","Terror","Accuracy"],"special_seed":0,"relics":["Ring of the Snake","WarpedTongs","Juzu Bracelet","Golden Idol","Astrolabe","Happy Flower","Tiny Chest","MawBank"],"potions_floor_usage":[19,20,25,25],"damage_taken":[{"damage":3.0,"enemies":"Small Slimes","floor":1.0,"turns":6.0},{"damage":3.0,"enemies":"Cultist","floor":3.0,"turns":4.0},{"damage":3.0,"enemies":"2 Louse","floor":4.0,"turns":4.0},{"damage":26.0,"enemies":"Exordium Thugs","floor":5.0,"turns":7.0},{"damage":17.0,"enemies":"Lots of Slimes","floor":7.0,"turns":6.0},{"damage":11.0,"enemies":"Large Slime","floor":10.0,"turns":6.0},{"damage":2.0,"enemies":"3 Louse","floor":14.0,"turns":4.0},{"damage":17.0,"enemies":"The Guardian","floor":16.0,"turns":17.0},{"damage":20.0,"enemies":"2 Thieves","floor":18.0,"turns":5.0},{"damage":13,"enemies":"Spheric Guardian","floor":19,"turns":6},{"damage":11,"enemies":"Centurion and Healer","floor":20,"turns":8},{"damage":19,"enemies":"Snecko","floor":25,"turns":6},{"damage":40,"enemies":"Cultist and Chosen","floor":27,"turns":5}],"seed_played":"-7641303907045989688","potions_obtained":[{"floor":4.0,"key":"Regen Potion"},{"floor":10.0,"key":"Ancient Potion"},{"floor":18.0,"key":"Fire Potion"},{"floor":20,"key":"Regen Potion"}],"is_trial":false,"path_per_floor":["M","?","M","M","M","R","M","?","T","M","R","?","R","M","R","B",null,"M","M","M","$","?","$","T","M","T","M"],"character_chosen":"THE_SILENT","items_purchased":["Envenom","Terror","Regen Potion"],"campfire_rested":2,"item_purchase_floors":[21,21,21],"current_hp_per_floor":[56,56,53,50,39,58,41,34,34,23,42,42,42,40,40,23,51,31,18,7,7,7,7,7,33,33,0],"gold":153,"neow_bonus":"HUNDRED_GOLD","is_prod":false,"is_daily":false,"chose_seed":false,"campfire_upgraded":2,"win_rate":0,"timestamp":1542860313,"path_taken":["M","?","?","?","M","R","M","?","T","M","R","?","R","M","R","BOSS","M","M","M","$","?","$","?","M","T","M"],"build_version":"2018-11-15","purchased_purges":1,"victory":false,"max_hp_per_floor":[66,66,66,66,66,66,66,66,66,66,66,60,60,60,60,60,60,60,60,60,60,60,60,60,60,60,60],"card_choices":[{"not_picked":["Deflect","Prepared"],"picked":"Cloak And Dagger","floor":1.0},{"not_picked":["Tactician","Flying Knee","Grand Finale"],"picked":"SKIP","floor":3.0},{"not_picked":["Riddle With Holes","Dagger Spray"],"picked":"PiercingWail","floor":4.0},{"not_picked":["Dagger Throw","PiercingWail","Poisoned Stab"],"picked":"SKIP","floor":5.0},{"not_picked":["Slice","Riddle With Holes","Expertise"],"picked":"SKIP","floor":7.0},{"not_picked":["Prepared","PiercingWail"],"picked":"After Image","floor":10.0},{"not_picked":["Deadly Poison","Prepared"],"picked":"Infinite Blades","floor":14.0},{"not_picked":["Grand Finale","Unload"],"picked":"Tools of the Trade","floor":16.0},{"not_picked":["Sucker Punch+1","Slice","Poisoned Stab"],"picked":"SKIP","floor":18.0},{"not_picked":["Prepared+1","Finisher","Flying Knee"],"picked":"SKIP","floor":19},{"not_picked":["Tactician","Blade Dance","Dagger Spray"],"picked":"SKIP","floor":20},{"not_picked":["Dagger Spray","Outmaneuver"],"picked":"Accuracy","floor":25}],"player_experience":668932,"relics_obtained":[{"floor":9.0,"key":"Juzu Bracelet"},{"floor":22,"key":"Happy Flower"},{"floor":24,"key":"Tiny Chest"},{"floor":26,"key":"MawBank"}],"event_choices":[{"damage_healed":0.0,"max_hp_gain":0.0,"max_hp_loss":0.0,"gold_gain":0.0,"event_name":"Accursed Blacksmith","player_choice":"Rummage","floor":2.0,"gold_loss":0.0,"damage_taken":0.0,"relics_obtained":["WarpedTongs"],"cards_obtained":["Pain"]},{"cards_removed":["Pain"],"damage_healed":0.0,"max_hp_gain":0.0,"max_hp_loss":0.0,"gold_gain":0.0,"event_name":"Golden Wing","player_choice":"Card Removal","floor":8.0,"gold_loss":0.0,"damage_taken":7.0},{"damage_healed":0.0,"max_hp_gain":0.0,"max_hp_loss":6.0,"gold_gain":0.0,"event_name":"Golden Idol","player_choice":"Lose Max HP","floor":12.0,"gold_loss":0.0,"damage_taken":0.0,"relics_obtained":["Golden Idol"]},{"damage_healed":0,"gold_gain":0,"player_choice":"Relic","damage_taken":0,"max_hp_gain":0,"max_hp_loss":0,"event_name":"Wheel of Change","floor":22,"gold_loss":0}],"is_beta":false,"boss_relics":[{"not_picked":["Ring of the Serpent","Tiny House"],"picked":"Astrolabe"}],"items_purged_floors":[21],"is_endless":false,"potions_floor_spawned":[4,10,18,20],"killed_by":"Cultist and Chosen","ascension_level":20}