{"gold_per_floor":[117,117,130,55,65,95,95,123,147,97,107,138,59,73,73,174,174,190,240,260,260,260,294,294,323,350,350,223,223,138,168,168,168],"floor_reached":33,"playtime":1447,"items_purged":["Strike_R","Strike_R"],"score":383,"play_id":"426012d9-4cc3-4280-96e6-0afd50de58de","local_time":"20190202174218","is_ascension_mode":true,"campfire_choices":[{"floor":7,"key":"REST"},{"data":"Rage","floor":15,"key":"SMITH"},{"floor":24,"key":"REST"},{"floor":27,"key":"REST"},{"floor":29,"key":"REST"},{"floor":32,"key":"REST"}],"neow_cost":"NONE","seed_source_timestamp":2138778028423133,"circlet_count":0,"master_deck":["Strike_R","Defend_R","Defend_R+1","Defend_R+1","Defend_R","Bash","Pommel Strike","Iron Wave","Headbutt","Flex","Shrug It Off","Rage+1","Uppercut","Flame Barrier","Immolate","Headbutt","Anger","Uppercut","Armaments+1","Infernal Blade","Ghostly Armor"],"relics":["Black Blood","Pen Nib","War Paint","Smiling Mask","Blood Vial","Happy Flower","Lantern","Juzu Bracelet","Art of War","Bottled Flame"],"potions_floor_usage":[8,23,23,33,33,33,33],"damage_taken":[{"damage":8,"enemies":"Jaw Worm","floor":1,"turns":4},{"damage":3,"enemies":"2 Louse","floor":3,"turns":2},{"damage":6,"enemies":"Cultist","floor":5,"turns":3},{"damage":32,"enemies":"Gremlin Nob","floor":6,"turns":4},{"damage":30,"enemies":"Lagavulin","floor":8,"turns":5},{"damage":5,"enemies":"Exordium Wildlife","floor":11,"turns":4},{"damage":14,"enemies":"3 Sentries","floor":12,"turns":9},{"damage":0,"enemies":"2 Fungi Beasts","floor":14,"turns":3},{"damage":41,"enemies":"The Guardian","floor":16,"turns":14},{"damage":12,"enemies":"2 Thieves","floor":18,"turns":3},{"damage":2,"enemies":"3 Byrds","floor":20,"turns":5},{"damage":76,"enemies":"Gremlin Leader","floor":23,"turns":8},{"damage":39,"enemies":"Book of Stabbing","floor":25,"turns":6},{"damage":32,"enemies":"Slavers","floor":31,"turns":6},{"damage":108,"enemies":"Automaton","floor":33,"turns":12}],"seed_played":"2763109738687876295","potions_obtained":[{"floor":1,"key":"Regen Potion"},{"floor":3,"key":"PowerPotion"},{"floor":11,"key":"Strength Potion"},{"floor":14,"key":"EntropicBrew"},{"floor":23,"key":"GamblersBrew"}],"is_trial":false,"path_per_floor":["M","?","M","$","M","E","R","E","T","?","M","E","$","M","R","B",null,"M","?","M","?","?","E","R","E","T","R","$","R","?","E","R","B"],"character_chosen":"IRONCLAD","items_purchased":["Uppercut","Ghostly Armor"],"campfire_rested":5,"item_purchase_floors":[13,28],"current_hp_per_floor":[86,79,82,82,82,56,82,70,70,70,71,63,63,71,71,38,88,86,86,88,88,88,22,48,21,21,47,47,73,73,53,79,0],"gold":168,"neow_bonus":"TEN_PERCENT_HP_BONUS","is_prod":false,"is_daily":false,"chose_seed":false,"campfire_upgraded":1,"win_rate":0,"timestamp":1549147338,"path_taken":["M","?","M","$","M","E","R","E","T","?","M","E","$","M","R","BOSS","M","?","?","?","?","E","R","E","T","R","$","R","?","E","R","BOSS"],"build_version":"2019-01-23","purchased_purges":2,"victory":false,"max_hp_per_floor":[88,88,88,88,88,88,88,88,88,88,88,88,88,88,88,88,88,88,88,88,88,88,88,88,88,88,88,88,88,88,88,88,88],"card_choices":[{"not_picked":["Heavy Blade","Evolve"],"picked":"Pommel Strike","floor":1},{"not_picked":["Inflame","Combust"],"picked":"Iron Wave","floor":3},{"not_picked":["Clothesline","Pommel Strike"],"picked":"Headbutt","floor":5},{"not_picked":["Bloodletting","Sentinel","Hemokinesis"],"picked":"SKIP","floor":6},{"not_picked":["Warcry","Perfected Strike"],"picked":"Flex","floor":8},{"not_picked":["Seeing Red","Armaments"],"picked":"Shrug It Off","floor":11},{"not_picked":["Clash","Fiend Fire"],"picked":"Rage","floor":12},{"not_picked":["Reckless Charge","Anger"],"picked":"Flame Barrier","floor":14},{"not_picked":["Feed","Impervious"],"picked":"Immolate","floor":16},{"not_picked":["Corruption","Warcry"],"picked":"Headbutt","floor":18},{"not_picked":["Rupture+1","Iron Wave"],"picked":"Anger","floor":20},{"not_picked":["Rampage+1","Seeing Red"],"picked":"Armaments+1","floor":23},{"not_picked":["Searing Blow","True Grit"],"picked":"Infernal Blade","floor":25},{"not_picked":["Shockwave+1","Perfected Strike","Searing Blow"],"picked":"SKIP","floor":31}],"player_experience":136520,"relics_obtained":[{"floor":6,"key":"Pen Nib"},{"floor":8,"key":"War Paint"},{"floor":9,"key":"Smiling Mask"},{"floor":12,"key":"Blood Vial"},{"floor":23,"key":"Happy Flower"},{"floor":25,"key":"Lantern"},{"floor":26,"key":"Juzu Bracelet"},{"floor":31,"key":"Bottled Flame"}],"event_choices":[{"cards_removed":["Strike_R"],"damage_healed":0,"gold_gain":0,"player_choice":"Card Removal","damage_taken":7,"max_hp_gain":0,"max_hp_loss":0,"event_name":"Golden Wing","floor":2,"gold_loss":0},{"cards_removed":["Strike_R"],"damage_healed":0,"gold_gain":0,"player_choice":"Card Removal","damage_taken":0,"max_hp_gain":0,"max_hp_loss":0,"event_name":"The Cleric","floor":10,"gold_loss":50},{"damage_healed":0,"gold_gain":100,"player_choice":"Bet on Murderer","damage_taken":0,"max_hp_gain":0,"max_hp_loss":0,"event_name":"The Joust","floor":19,"gold_loss":50},{"damage_healed":0,"gold_gain":0,"player_choice":"Ignored","damage_taken":0,"max_hp_gain":0,"max_hp_loss":0,"event_name":"Ghosts","floor":21,"gold_loss":0},{"damage_healed":0,"gold_gain":0,"player_choice":"Read","damage_taken":0,"max_hp_gain":0,"max_hp_loss":0,"event_name":"The Library","floor":22,"gold_loss":0,"cards_obtained":["Uppercut"]},{"damage_healed":0,"gold_gain":0,"player_choice":"Obtained Relic","damage_taken":0,"relics_obtained":["Art of War"],"max_hp_gain":0,"max_hp_loss":0,"event_name":"Addict","floor":30,"gold_loss":85}],"is_beta":false,"boss_relics":[{"not_picked":["Lizard Tail","Busted Crown"],"picked":"Black Blood"}],"items_purged_floors":[4,28],"is_endless":false,"potions_floor_spawned":[1,3,11,14,18,23],"killed_by":"Automaton","ascension_level":4}