{"gold_per_floor":[110,110,126,126,138,138,169,169,169,187,215,227,21,33,33,33],"floor_reached":16,"playtime":676,"items_purged":[],"score":129,"play_id":"a7f2b4c0-3cb6-46b1-b5ee-74a34c7c303f","local_time":"20181011224046","is_ascension_mode":true,"campfire_choices":[{"data":"Combust","floor":6,"key":"SMITH"},{"data":"Bash","floor":8,"key":"SMITH"},{"data":"Blood for Blood","floor":15,"key":"SMITH"}],"neow_cost":"","seed_source_timestamp":69691893931100,"circlet_count":0,"master_deck":["Strike_R","Strike_R","Strike_R","Strike_R","Strike_R","Defend_R","Defend_R","Defend_R","Defend_R","Bash+1","Combust+1","Dropkick","Wild Strike","Reaper","Thunderclap","Reckless Charge","Pommel Strike","Evolve","Blood for Blood+1","Combust+1","Dropkick"],"relics":["Burning Blood","Bottled Flame","Smiling Mask","Letter Opener","DollysMirror"],"potions_floor_usage":[3,11,12],"damage_taken":[{"damage":0,"enemies":"Small Slimes","floor":1,"turns":4},{"damage":5,"enemies":"Jaw Worm","floor":3,"turns":3},{"damage":0,"enemies":"Cultist","floor":5,"turns":2},{"damage":40,"enemies":"Lagavulin","floor":7,"turns":6},{"damage":18,"enemies":"3 Louse","floor":10,"turns":3},{"damage":13,"enemies":"Gremlin Nob","floor":11,"turns":3},{"damage":1,"enemies":"Lots of Slimes","floor":12,"turns":1},{"damage":11,"enemies":"Looter","floor":14,"turns":2},{"damage":64,"enemies":"The Guardian","floor":16,"turns":8}],"seed_played":"-96053864008565106","potions_obtained":[{"floor":1,"key":"Poison Potion"},{"floor":10,"key":"Weak Potion"},{"floor":11,"key":"Explosive Potion"}],"is_trial":false,"path_per_floor":["M","?","M","?","M","R","E","R","T","M","E","M","$","M","R"],"character_chosen":"IRONCLAD","items_purchased":["DollysMirror"],"campfire_rested":0,"item_purchase_floors":[13],"current_hp_per_floor":[80,85,85,85,85,85,57,57,57,53,52,57,57,58,58,0],"gold":33,"neow_bonus":"","is_prod":false,"is_daily":false,"chose_seed":false,"campfire_upgraded":3,"win_rate":0,"timestamp":1539322846,"path_taken":["M","?","?","?","M","R","E","R","T","M","E","M","$","M","R","BOSS"],"build_version":"2018-10-11","purchased_purges":0,"victory":false,"max_hp_per_floor":[80,85,85,85,85,85,85,85,85,85,85,85,85,85,85,85],"card_choices":[{"not_picked":["Perfected Strike","Clothesline"],"picked":"Combust","floor":1},{"not_picked":["Anger","Carnage"],"picked":"Dropkick","floor":3},{"not_picked":["True Grit","Warcry"],"picked":"Thunderclap","floor":5},{"not_picked":["Twin Strike","Juggernaut"],"picked":"Reckless Charge","floor":7},{"not_picked":["Body Slam","Warcry"],"picked":"Pommel Strike","floor":10},{"not_picked":["Exhume","Clothesline"],"picked":"Evolve","floor":11},{"not_picked":["Havoc","Armaments"],"picked":"Blood for Blood","floor":12},{"not_picked":["Havoc","Shrug It Off"],"picked":"Dropkick","floor":14}],"player_experience":236249,"relics_obtained":[{"floor":7,"key":"Bottled Flame"},{"floor":9,"key":"Smiling Mask"},{"floor":11,"key":"Letter Opener"}],"event_choices":[{"event_name":"Big Fish","player_choice":"Donut","floor":2,"damage_taken":0},{"event_name":"Match and Keep!","player_choice":"2 cards matched","floor":4,"damage_taken":0}],"is_beta":false,"boss_relics":[],"items_purged_floors":[],"is_endless":false,"potions_floor_spawned":[1,10,11],"killed_by":"The Guardian","ascension_level":3}