{"gold_per_floor":[119,28,42,53,72,72,102,102,127,137,148,148,163,238,238,238],"floor_reached":16,"playtime":691,"items_purged":[],"score":104,"play_id":"16f23da7-5db0-4be7-ac80-e08e0e720c94","local_time":"20180910210553","is_ascension_mode":false,"campfire_choices":[{"data":"Pommel Strike","floor":6,"key":"SMITH"},{"data":"Carnage","floor":8,"key":"SMITH"},{"data":"Wild Strike","floor":12,"key":"SMITH"},{"floor":15,"key":"REST"}],"neow_cost":"","seed_source_timestamp":343935542626759,"circlet_count":0,"master_deck":["Strike_R","Strike_R","Strike_R","Strike_R","Strike_R","Defend_R","Defend_R","Defend_R","Defend_R","Bash","Carnage+1","Twin Strike","Wild Strike","Twin Strike","Pommel Strike+1","Wild Strike+1","Sword Boomerang","Reaper"],"relics":["Burning Blood","Juzu Bracelet","Red Skull"],"potions_floor_usage":[7,16],"damage_taken":[{"damage":1,"enemies":"Cultist","floor":1,"turns":4},{"damage":1,"enemies":"2 Louse","floor":3,"turns":2},{"damage":6,"enemies":"Jaw Worm","floor":4,"turns":2},{"damage":6,"enemies":"3 Louse","floor":5,"turns":2},{"damage":26,"enemies":"3 Sentries","floor":7,"turns":6},{"damage":13,"enemies":"Lots of Slimes","floor":10,"turns":3},{"damage":6,"enemies":"Red Slaver","floor":11,"turns":3},{"damage":5,"enemies":"Looter","floor":13,"turns":2},{"damage":35,"enemies":"Slime Boss","floor":16,"turns":5}],"seed_played":"4490348414630348953","potions_obtained":[{"floor":5,"key":"Explosive Potion"},{"floor":10,"key":"Strength Potion"}],"is_trial":false,"path_per_floor":["M","$","M","M","M","R","E","R","T","M","M","R","M","?","R"],"character_chosen":"IRONCLAD","items_purchased":["Twin Strike","Wild Strike"],"campfire_rested":1,"item_purchase_floors":[2,2],"current_hp_per_floor":[80,80,80,80,80,80,60,60,60,53,53,53,54,43,67,32],"gold":238,"neow_bonus":"","is_prod":false,"is_daily":false,"chose_seed":false,"campfire_upgraded":3,"win_rate":0,"timestamp":1536627953,"path_taken":["M","?","M","?","M","R","E","R","T","M","M","R","M","?","R","BOSS"],"build_version":"2018-09-06","purchased_purges":0,"victory":false,"max_hp_per_floor":[80,80,80,80,80,80,80,80,80,80,80,80,80,80,80,80],"card_choices":[{"not_picked":["Body Slam","Sentinel"],"picked":"Carnage","floor":1},{"not_picked":["Metallicize","Shockwave"],"picked":"Twin Strike","floor":3},{"not_picked":["Clothesline","Sever Soul"],"picked":"Pommel Strike","floor":4},{"not_picked":["Power Through","Heavy Blade","Flex"],"picked":"SKIP","floor":5},{"not_picked":["Inflame","Armaments"],"picked":"Wild Strike","floor":7},{"not_picked":["Entrench","Uppercut"],"picked":"Sword Boomerang","floor":10},{"not_picked":["True Grit","Sword Boomerang"],"picked":"Reaper","floor":11},{"not_picked":["Clothesline","Anger","Searing Blow"],"picked":"SKIP","floor":13}],"player_experience":76542,"relics_obtained":[{"floor":7,"key":"Juzu Bracelet"},{"floor":9,"key":"Red Skull"}],"event_choices":[{"event_name":"World of Goop","player_choice":"Gather Gold","floor":14,"damage_taken":0}],"is_beta":false,"boss_relics":[],"items_purged_floors":[],"is_endless":false,"potions_floor_spawned":[5,10],"killed_by":"Slime Boss","ascension_level":0}