{"gold_per_floor":[118,0,10,20,33,68,68,68,68,118,118,184,218,232,232,308,308,318,346,370,370,383,383],"floor_reached":23,"playtime":1160,"items_purged":[],"score":348,"play_id":"d5fb9cb1-d1cf-484e-9c3d-f04bb802cf41","local_time":"20180624230433","is_ascension_mode":true,"campfire_choices":[{"data":"Uppercut","floor":7,"key":"SMITH"},{"data":"True Grit","floor":11,"key":"SMITH"},{"floor":15,"key":"REST"}],"neow_cost":"NONE","seed_source_timestamp":609951979265819,"circlet_count":0,"master_deck":["Strike_R","Strike_R","Strike_R","Strike_R","Strike_R","Defend_R","Defend_R","Defend_R","Defend_R","Bash","AscendersBane","True Grit+1","Feel No Pain","Shrug It Off","Inflame","Sword Boomerang","Twin Strike","Uppercut+1","Impervious","Feel No Pain","Offering","Metallicize","Shrug It Off"],"relics":["Burning Blood","Juzu Bracelet","Pantograph","Turnip","Charon\u0027s Ashes","Fusion Hammer","Red Mask","Strawberry"],"potions_floor_usage":[6,16,16,23],"damage_taken":[{"damage":7,"enemies":"2 Louse","floor":1,"turns":4},{"damage":0,"enemies":"Small Slimes","floor":3,"turns":6},{"damage":1,"enemies":"Jaw Worm","floor":4,"turns":6},{"damage":9,"enemies":"Red Slaver","floor":5,"turns":6},{"damage":26,"enemies":"Gremlin Nob","floor":6,"turns":4},{"damage":22,"enemies":"3 Sentries","floor":13,"turns":8},{"damage":17,"enemies":"Exordium Wildlife","floor":14,"turns":6},{"damage":27,"enemies":"The Guardian","floor":16,"turns":13},{"damage":33,"enemies":"2 Thieves","floor":18,"turns":4},{"damage":32,"floor":19,"turns":5},{"damage":7,"enemies":"3 Byrds","floor":22,"turns":6},{"damage":48,"enemies":"Book of Stabbing","floor":23,"turns":6}],"seed_played":"3577021506721562175","potions_obtained":[{"floor":1,"key":"AttackPotion"},{"floor":4,"key":"Ancient Potion"},{"floor":6,"key":"FearPotion"},{"floor":14,"key":"Explosive Potion"},{"floor":18,"key":"PowerPotion"},{"floor":19,"key":"FairyPotion"}],"is_trial":false,"path_per_floor":["M","$","M","M","M","E","R","?","T","?","R","?","E","M","R","B",null,"M","?","T","?","M"],"character_chosen":"IRONCLAD","items_purchased":["Feel No Pain","Shrug It Off"],"campfire_rested":1,"item_purchase_floors":[2,2],"current_hp_per_floor":[67,67,73,75,72,52,52,57,57,57,57,57,41,30,54,58,75,48,22,29,29,28,0],"gold":383,"neow_bonus":"RANDOM_COMMON_RELIC","is_prod":false,"is_daily":false,"chose_seed":false,"campfire_upgraded":2,"win_rate":0,"timestamp":1529874273,"path_taken":["M","$","M","M","M","E","R","?","T","?","R","?","E","M","R","BOSS","M","?","?","?","M","E"],"build_version":"2018-06-21v2","purchased_purges":0,"victory":false,"max_hp_per_floor":[75,75,75,75,75,75,75,80,80,80,80,80,80,80,80,80,80,80,80,87,87,87,87],"card_choices":[{"not_picked":["Perfected Strike","Cleave"],"picked":"True Grit","floor":1},{"not_picked":["Twin Strike","Flame Barrier"],"picked":"Inflame","floor":3},{"not_picked":["Corruption","Pummel"],"picked":"Sword Boomerang","floor":4},{"not_picked":["True Grit","Havoc"],"picked":"Twin Strike","floor":5},{"not_picked":["Flame Barrier","Thunderclap"],"picked":"Uppercut","floor":6},{"not_picked":["Bloodletting","Intimidate"],"picked":"Impervious","floor":13},{"not_picked":["Bloodletting","Havoc"],"picked":"Feel No Pain","floor":14},{"not_picked":["Brutality","Double Tap"],"picked":"Offering","floor":16},{"not_picked":["Cleave","Body Slam+1"],"picked":"Metallicize","floor":18},{"not_picked":["Twin Strike","Sword Boomerang"],"picked":"Shrug It Off","floor":19},{"not_picked":["Sword Boomerang","Body Slam","Thunderclap"],"picked":"SKIP","floor":22}],"player_experience":693524,"relics_obtained":[{"floor":6,"key":"Pantograph"},{"floor":9,"key":"Turnip"},{"floor":13,"key":"Charon\u0027s Ashes"},{"floor":19,"key":"Red Mask"},{"floor":20,"key":"Strawberry"}],"event_choices":[{"event_name":"Big Fish","player_choice":"Donut","floor":8,"damage_taken":0},{"event_name":"Golden Shrine","player_choice":"Pray","floor":10,"damage_taken":0},{"event_name":"Golden Wing","player_choice":"Gained Gold","floor":12,"damage_taken":0},{"event_name":"Masked Bandits","player_choice":"Fought over 318 gold","floor":19,"damage_taken":0},{"event_name":"Beggar","player_choice":"Ignored","floor":21,"damage_taken":0}],"boss_relics":[{"not_picked":["Runic Pyramid","Runic Dome"],"picked":"Fusion Hammer"}],"items_purged_floors":[],"is_endless":false,"potions_floor_spawned":[1,4,6,14,18,19],"killed_by":"Book of Stabbing","ascension_level":15}