{"gold_per_floor":[119,119,129,129,140,174,185,185,185,216,226,242,192,192,192,288,288,305,305,321,6,6,6,21,37,37,37,54,54,54,0,0,98,98,108,121,21,31,31,131,131,131,158,158],"floor_reached":44,"playtime":1861,"items_purged":["Strike_R","Bash"],"score":418,"play_id":"c3e9c89b-6eb9-4b5a-aff9-66427f32d380","local_time":"20181214214601","is_ascension_mode":false,"campfire_choices":[{"floor":8.0,"key":"REST"},{"floor":15.0,"key":"REST"},{"floor":23,"key":"REST"},{"floor":27,"key":"REST"},{"floor":30,"key":"REST"},{"floor":32,"key":"RECALL"},{"floor":42,"key":"REST"}],"neow_cost":"NONE","seed_source_timestamp":0,"circlet_count":0,"master_deck":["Strike_R","Strike_R","Defend_R","Defend_R","Defend_R","Defend_R","Heavy Blade","Clash","Sword Boomerang","Anger","Anger","Warcry","Warcry+1","Anger","Offering","Clash","Rage","Body Slam+1","Whirlwind+1","Flex"],"special_seed":0,"relics":["Burning Blood","Unceasing Top","Mummified Hand","Shuriken","Ornamental Fan","Orrery","Gambling Chip","Juzu Bracelet"],"potions_floor_usage":[],"damage_taken":[{"damage":3.0,"enemies":"Small Slimes","floor":1.0,"turns":3.0},{"damage":6.0,"enemies":"Cultist","floor":3.0,"turns":3.0},{"damage":7.0,"enemies":"2 Louse","floor":5.0,"turns":3.0},{"damage":71.0,"enemies":"3 Sentries","floor":6.0,"turns":12.0},{"damage":5.0,"enemies":"Looter","floor":7.0,"turns":3.0},{"damage":13.0,"enemies":"Gremlin Nob","floor":10.0,"turns":4.0},{"damage":26.0,"enemies":"Gremlin Gang","floor":11.0,"turns":5.0},{"damage":0.0,"enemies":"Blue Slaver","floor":12.0,"turns":2.0},{"damage":20.0,"enemies":"Slime Boss","floor":16.0,"turns":9.0},{"damage":39,"enemies":"Shell Parasite","floor":18,"turns":6},{"damage":20,"enemies":"Chosen","floor":20,"turns":6},{"damage":32,"enemies":"Snake Plant","floor":24,"turns":4},{"damage":40,"enemies":"3 Cultists","floor":25,"turns":5},{"damage":3,"enemies":"Snecko","floor":28,"turns":3},{"damage":43,"enemies":"Champ","floor":33,"turns":8},{"damage":62,"enemies":"3 Shapes","floor":35,"turns":3},{"damage":6,"enemies":"Orb Walker","floor":36,"turns":1},{"damage":6,"enemies":"Transient","floor":38,"turns":5},{"damage":22,"enemies":"Mind Bloom Boss Battle","floor":40,"turns":5},{"damage":55,"enemies":"4 Shapes","floor":44,"turns":4}],"seed_played":"-4845442863961210552","potions_obtained":[{"floor":3.0,"key":"SpeedPotion"},{"floor":6.0,"key":"Swift Potion"},{"floor":7.0,"key":"PowerPotion"},{"floor":11.0,"key":"Fire Potion"},{"floor":12.0,"key":"FairyPotion"},{"floor":24,"key":"FairyPotion"},{"floor":28,"key":"GamblersBrew"},{"floor":33,"key":"Swift Potion"},{"floor":36,"key":"BloodPotion"}],"is_trial":false,"path_per_floor":["M","?","M","$","M","E","M","R","T","E","M","M","?","?","R","B",null,"M","?","M","$","?","R","M","M","T","R","M","?","R","?","R","B",null,"M","M","$","M","$","?","?","R","T","M"],"character_chosen":"IRONCLAD","items_purchased":["Shuriken"],"campfire_rested":6,"item_purchase_floors":[21],"current_hp_per_floor":[88,88,88,88,87,22,23,49,49,42,22,28,28,21,47,33,88,55,55,41,41,33,59,33,14,14,40,43,43,69,69,69,32,88,32,32,32,32,32,16,16,42,42,0],"gold":158,"neow_bonus":"TEN_PERCENT_HP_BONUS","is_prod":false,"is_daily":false,"chose_seed":false,"campfire_upgraded":0,"win_rate":0,"timestamp":1544841961,"path_taken":["M","?","M","$","M","E","M","R","T","E","?","M","?","?","R","BOSS","M","?","M","$","?","R","M","?","T","R","M","?","R","?","R","BOSS","M","M","$","M","$","?","?","R","T","M"],"build_version":"2018-12-13","purchased_purges":2,"victory":false,"max_hp_per_floor":[88,88,88,88,88,88,88,88,88,88,88,88,88,88,88,88,88,88,88,88,88,88,88,88,88,88,88,88,88,88,88,88,88,88,88,88,88,88,88,88,88,88,88,88],"card_choices":[{"not_picked":["Flame Barrier","Armaments"],"picked":"Heavy Blade","floor":1.0},{"not_picked":["Burning Pact","Carnage"],"picked":"Clash","floor":3.0},{"not_picked":["Dropkick","Clothesline"],"picked":"Sword Boomerang","floor":5.0},{"not_picked":["Sever Soul","Headbutt","Shrug It Off"],"picked":"SKIP","floor":6.0},{"not_picked":["Sever Soul","Headbutt","Shrug It Off"],"picked":"SKIP","floor":6.0},{"not_picked":["Metallicize","Clash"],"picked":"Anger","floor":7.0},{"not_picked":["Ghostly Armor","Infernal Blade","Pommel Strike"],"picked":"SKIP","floor":10.0},{"not_picked":["Entrench","Heavy Blade","Disarm"],"picked":"SKIP","floor":11.0},{"not_picked":["Perfected Strike","Carnage"],"picked":"Anger","floor":12.0},{"not_picked":["Shrug It Off+1","Inflame+1","Shockwave"],"picked":"SKIP","floor":18},{"not_picked":["Wild Strike","Perfected Strike+1"],"picked":"Warcry","floor":20},{"not_picked":["Headbutt","Pommel Strike"],"picked":"Warcry+1","floor":24},{"not_picked":["Twin Strike","Warcry"],"picked":"Anger","floor":25},{"not_picked":["Spot Weakness","Immolate","Perfected Strike+1"],"picked":"SKIP","floor":28},{"not_picked":["Impervious","Reaper"],"picked":"Offering","floor":33},{"not_picked":["Iron Wave","Combust+1"],"picked":"Clash","floor":34},{"not_picked":["Perfected Strike","Feel No Pain"],"picked":"Rage","floor":34},{"not_picked":["Disarm","Intimidate"],"picked":"Body Slam+1","floor":34},{"not_picked":["Cleave+1","Pommel Strike","Dropkick"],"picked":"SKIP","floor":35},{"not_picked":["Bludgeon","Cleave+1","Heavy Blade+1"],"picked":"SKIP","floor":36},{"not_picked":["Havoc","Infernal Blade"],"picked":"Whirlwind+1","floor":38},{"not_picked":["Clash","Warcry+1"],"picked":"Flex","floor":40}],"player_experience":297924,"relics_obtained":[{"floor":6.0,"key":"Unceasing Top"},{"floor":10.0,"key":"Mummified Hand"},{"floor":26,"key":"Ornamental Fan"},{"floor":40,"key":"Gambling Chip"},{"floor":43,"key":"Juzu Bracelet"}],"event_choices":[{"damage_healed":0.0,"max_hp_gain":0.0,"max_hp_loss":0.0,"gold_gain":0.0,"event_name":"The Woman in Blue","player_choice":"Bought 0 Potions","floor":2.0,"gold_loss":0.0,"damage_taken":0.0},{"cards_removed":["Strike_R"],"damage_healed":0.0,"max_hp_gain":0.0,"max_hp_loss":0.0,"gold_gain":0.0,"event_name":"The Cleric","player_choice":"Card Removal","floor":13.0,"gold_loss":50.0,"damage_taken":0.0},{"cards_removed":["Strike_R"],"damage_healed":0.0,"max_hp_gain":0.0,"max_hp_loss":0.0,"gold_gain":0.0,"event_name":"Golden Wing","player_choice":"Card Removal","floor":14.0,"gold_loss":0.0,"damage_taken":7.0},{"damage_healed":0,"gold_gain":0,"player_choice":"Ignored","damage_taken":0,"max_hp_gain":0,"max_hp_loss":0,"event_name":"Ghosts","floor":19,"gold_loss":0},{"damage_healed":0,"gold_gain":0,"player_choice":"Damaged","damage_taken":8,"max_hp_gain":0,"max_hp_loss":0,"event_name":"Wheel of Change","floor":22,"gold_loss":0},{"damage_healed":0,"gold_gain":0,"player_choice":"Ignored","damage_taken":0,"max_hp_gain":0,"max_hp_loss":0,"event_name":"The Mausoleum","floor":29,"gold_loss":0},{"damage_healed":0,"gold_gain":0,"player_choice":"Paid Fearfully","damage_taken":0,"max_hp_gain":0,"max_hp_loss":0,"event_name":"Masked Bandits","floor":31,"gold_loss":54},{"damage_healed":0,"gold_gain":0,"player_choice":"Fight","damage_taken":0,"max_hp_gain":0,"max_hp_loss":0,"event_name":"MindBloom","floor":40,"gold_loss":0},{"damage_healed":0,"gold_gain":0,"player_choice":"Ignored","damage_taken":0,"max_hp_gain":0,"max_hp_loss":0,"event_name":"NoteForYourself","floor":41,"gold_loss":0}],"is_beta":false,"boss_relics":[{"not_picked":["Velvet Choker","Philosopher\u0027s Stone","Mark of Pain"]},{"not_picked":["White Beast Statue","Eternal Feather"],"picked":"Orrery"}],"items_purged_floors":[21,37],"is_endless":false,"potions_floor_spawned":[3,6,7,11,12,24,28,33,35,36,40],"killed_by":"4 Shapes","ascension_level":0}