{"gold_per_floor":[110,123,142,74,174,209,220,220,244,268,268],"floor_reached":11,"playtime":236,"items_purged":[],"score":128,"play_id":"ca8cdfb0-485a-4ee6-a743-95efa608ef49","local_time":"20190131144129","is_ascension_mode":true,"campfire_choices":[{"data":"Flex","floor":8,"key":"SMITH"}],"neow_cost":"NONE","seed_source_timestamp":427019161988562,"circlet_count":0,"master_deck":["AscendersBane","Strike_R","Strike_R+1","Strike_R","Strike_R+1","Strike_R","Defend_R","Defend_R","Defend_R","Defend_R","Bash","Headbutt","Flex+1","Disarm","Whirlwind","Pommel Strike"],"relics":["Burning Blood","NeowsBlessing","Vajra","Bag of Preparation","Whetstone"],"potions_floor_usage":[6],"damage_taken":[{"damage":0,"enemies":"Cultist","floor":1,"turns":1},{"damage":0,"enemies":"2 Louse","floor":2,"turns":1},{"damage":0,"enemies":"Small Slimes","floor":3,"turns":1},{"damage":50,"enemies":"3 Sentries","floor":6,"turns":7},{"damage":12,"enemies":"Looter","floor":7,"turns":3},{"damage":28,"enemies":"Exordium Thugs","floor":11,"turns":4}],"seed_played":"8602327354882735545","potions_obtained":[{"floor":2,"key":"Swift Potion"},{"floor":7,"key":"Strength Potion"}],"is_trial":false,"path_per_floor":["M","M","M","$","?","E","M","R","T","T","M"],"character_chosen":"IRONCLAD","items_purchased":["Whirlwind"],"campfire_rested":0,"item_purchase_floors":[4],"current_hp_per_floor":[74,75,75,75,75,31,25,25,25,25,0],"gold":268,"neow_bonus":"THREE_ENEMY_KILL","is_prod":false,"is_daily":false,"chose_seed":false,"campfire_upgraded":1,"win_rate":0,"timestamp":1548906089,"path_taken":["M","?","M","$","?","E","?","R","T","?","?"],"build_version":"2019-01-23","purchased_purges":0,"victory":false,"max_hp_per_floor":[75,75,75,75,75,75,75,75,75,75,75],"card_choices":[{"not_picked":["Bloodletting","Iron Wave"],"picked":"Headbutt","floor":1},{"not_picked":["Headbutt","Battle Trance"],"picked":"Flex","floor":2},{"not_picked":["Anger","Carnage"],"picked":"Disarm","floor":3},{"not_picked":["Pummel","Headbutt"],"picked":"Pommel Strike","floor":6},{"not_picked":["Evolve","Armaments","Ghostly Armor"],"picked":"SKIP","floor":7}],"player_experience":683442,"relics_obtained":[{"floor":6,"key":"Vajra"},{"floor":9,"key":"Bag of Preparation"},{"floor":10,"key":"Whetstone"}],"event_choices":[{"damage_healed":0,"gold_gain":100,"player_choice":"Gold","damage_taken":0,"max_hp_gain":0,"max_hp_loss":0,"event_name":"Wheel of Change","floor":5,"gold_loss":0}],"is_beta":false,"boss_relics":[],"items_purged_floors":[],"is_endless":false,"potions_floor_spawned":[2,7],"killed_by":"Exordium Thugs","ascension_level":15}