{"path_per_floor":["M","$","?","?","M","R","M","R","T","M","R","M","$","M","R","B",null,"M","M","M","?","?","R","?","M","T","$","M","R","M","?","R"],"character_chosen":"IRONCLAD","items_purchased":["Cleave","Rampage"],"gold_per_floor":[109,57,7,7,31,31,49,49,49,64,64,77,77,100,100,223,223,237,251,275,275,275,275,220,234,315,168,193,193,208,208,208,208],"floor_reached":33,"campfire_rested":3,"playtime":876,"current_hp_per_floor":[80,80,80,60,66,66,71,71,71,77,77,78,78,76,76,80,80,71,55,17,43,43,67,67,58,58,58,27,51,35,35,59,0],"items_purged":["Defend_R"],"gold":208,"score":303,"play_id":"b7a2e648-4a51-47a5-b8bc-2852e91dc5f1","local_time":"20180511124026","is_prod":false,"is_daily":false,"chose_seed":false,"is_ascension_mode":true,"campfire_upgraded":4,"timestamp":1526006426,"path_taken":["M","$","?","?","?","R","M","R","T","M","R","M","$","M","R","BOSS","M","?","M","?","?","R","?","?","T","$","M","R","M","?","R","BOSS"],"build_version":"2018-05-10","seed_source_timestamp":5295298789689,"purchased_purges":1,"victory":false,"master_deck":["Strike_R","Strike_R","Strike_R","Strike_R","Strike_R","Defend_R","Defend_R","Defend_R","Fire Breathing+1","Cleave","Cleave+1","Anger","Clash+1","Clash+1","Demon Form","Shrug It Off","Cleave","Anger","Rage","Rampage","Flex+1","Flex"],"max_hp_per_floor":[80,80,80,80,80,80,80,80,80,80,80,80,80,80,80,80,80,80,80,80,80,80,80,80,80,80,80,80,80,80,80,80,80],"relics":["Burning Blood","Golden Idol","Mercury Hourglass","Orrery","Tiny Chest","Paper Frog"],"card_choices":[{"not_picked":["Sword Boomerang","Twin Strike"],"picked":"Fire Breathing","floor":0},{"not_picked":["Perfected Strike","Body Slam"],"picked":"Cleave","floor":1},{"not_picked":["Heavy Blade","Entrench"],"picked":"Anger","floor":5},{"not_picked":["Flex","Heavy Blade"],"picked":"Clash","floor":10},{"not_picked":["Uppercut","Havoc"],"picked":"Clash","floor":14},{"not_picked":["Limit Break","Brutality"],"picked":"Demon Form","floor":16},{"not_picked":["Corruption","Infernal Blade"],"picked":"Shrug It Off","floor":17},{"not_picked":["Flex","Infernal Blade"],"picked":"Cleave","floor":17},{"not_picked":["Iron Wave","Sword Boomerang"],"picked":"Anger","floor":17},{"not_picked":["Offering","Disarm"],"picked":"Rage","floor":20},{"not_picked":["Perfected Strike","Inflame"],"picked":"Flex","floor":28},{"not_picked":["Sword Boomerang","Hemokinesis"],"picked":"Flex","floor":30}],"player_experience":209914,"potions_floor_usage":[18,18,18,19,25],"damage_taken":[{"damage":4,"enemies":"2 Louse","floor":1,"turns":4},{"damage":0,"enemies":"Small Slimes","floor":5,"turns":3},{"damage":1,"enemies":"Jaw Worm","floor":7,"turns":3},{"damage":0,"enemies":"2 Fungi Beasts","floor":10,"turns":2},{"damage":5,"enemies":"Looter","floor":12,"turns":3},{"damage":8,"enemies":"Red Slaver","floor":14,"turns":2},{"damage":0,"enemies":"Slime Boss","floor":16,"turns":5},{"damage":15,"enemies":"Chosen","floor":18,"turns":4},{"damage":22,"enemies":"Spheric Guardian","floor":19,"turns":4},{"damage":44,"enemies":"Snake Plant","floor":20,"turns":5},{"damage":15,"enemies":"Snecko","floor":25,"turns":4},{"damage":37,"enemies":"Slaver and Parasite","floor":28,"turns":5},{"damage":22,"enemies":"Snake Plant","floor":30,"turns":4},{"damage":63,"enemies":"Collector","floor":33,"turns":5}],"event_choices":[{"event_name":"The Cleric","player_choice":"Card Removal","floor":3,"damage_taken":0},{"event_name":"Golden Idol","player_choice":"Take Damage","floor":4,"damage_taken":0},{"event_name":"The Library","player_choice":"Heal","floor":21,"damage_taken":0},{"event_name":"The Mausoleum","player_choice":"No","floor":22,"damage_taken":0},{"event_name":"Addict","player_choice":"Obtained Relic","floor":24,"damage_taken":0},{"event_name":"Ghosts","player_choice":"Ignored","floor":31,"damage_taken":0}],"boss_relics":[{"not_picked":["Black Star","Philosopher\u0027s Stone"],"picked":"Orrery"}],"potions_floor_spawned":[7,10,12,14,16,18,20,30],"seed_played":"5063958286300821374","killed_by":"Collector","ascension_level":1,"is_trial":false}