{"gold_per_floor":[111,111,123,123,150,150,179,179,179,195,22,22,40,53,53,128,128,138,138,155,168,18,18,32,32,32,32,61,61,61,72,72,148,148,167,8,8],"floor_reached":37,"playtime":1503,"items_purged":["Strike_B"],"score":874,"play_id":"313ec8d4-96f5-4edb-afb2-4fe3bccc2d5e","local_time":"20190305122623","is_ascension_mode":true,"campfire_choices":[{"data":"Zap","floor":6,"key":"SMITH"},{"data":"Doom and Gloom","floor":8,"key":"SMITH"},{"floor":12,"key":"REST"},{"data":"Creative AI","floor":15,"key":"SMITH"},{"data":"Biased Cognition","floor":23,"key":"SMITH"},{"floor":27,"key":"REST"},{"data":"Fission","floor":29,"key":"SMITH"},{"floor":32,"key":"REST"}],"neow_cost":"NONE","seed_source_timestamp":2340853340792600,"circlet_count":0,"master_deck":["AscendersBane","Strike_B","Strike_B","Defend_B","Defend_B","Defend_B","Defend_B","Zap+1","Dualcast","Rebound","Cold Snap","Doom and Gloom+1","Creative AI+1","Coolheaded","Chill","Fission+1","Consume","Leap","Biased Cognition+1","Storm","Echo Form","Buffer","Ball Lightning","Echo Form"],"relics":["Velvet Choker","Pocketwatch","DataDisk","Pantograph","Shuriken","Orichalcum","Snecko Eye","Bottled Tornado","StoneCalendar","Inserter"],"potions_floor_usage":[16,28,28,30],"damage_taken":[{"damage":7,"enemies":"Cultist","floor":1,"turns":4},{"damage":2,"enemies":"2 Louse","floor":3,"turns":2},{"damage":19,"enemies":"3 Sentries","floor":7,"turns":8},{"damage":7,"enemies":"Jaw Worm","floor":10,"turns":2},{"damage":2,"enemies":"2 Fungi Beasts","floor":13,"turns":2},{"damage":1,"enemies":"Exordium Thugs","floor":14,"turns":4},{"damage":0,"enemies":"Slime Boss","floor":16,"turns":6},{"damage":43,"enemies":"Chosen","floor":18,"turns":6},{"damage":9,"enemies":"Spheric Guardian","floor":20,"turns":4},{"damage":5,"enemies":"Shelled Parasite and Fungi","floor":21,"turns":6},{"damage":0,"enemies":"3 Cultists","floor":24,"turns":3},{"damage":28,"enemies":"Book of Stabbing","floor":28,"turns":4},{"damage":0,"enemies":"Colosseum Slavers","floor":30,"turns":4},{"damage":0,"enemies":"Snake Plant","floor":31,"turns":3},{"damage":62,"enemies":"Automaton","floor":33,"turns":10},{"damage":14,"enemies":"Orb Walker","floor":35,"turns":6},{"damage":44,"enemies":"3 Darklings","floor":37,"turns":2}],"seed_played":"2359373197377125540","potions_obtained":[{"floor":7,"key":"Fire Potion"},{"floor":14,"key":"SpeedPotion"},{"floor":18,"key":"FocusPotion"},{"floor":28,"key":"EssenceOfSteel"}],"is_trial":false,"path_per_floor":["M","?","M","?","T","R","E","R","T","M","$","R","M","M","R","B",null,"M","?","M","M","$","R","M","?","T","R","E","R","?","M","R","B",null,"M","$","M"],"character_chosen":"DEFECT","items_purchased":["Orichalcum","Biased Cognition","Echo Form"],"campfire_rested":3,"item_purchase_floors":[11,22,36],"current_hp_per_floor":[57,57,55,37,37,37,18,18,18,11,11,32,30,29,29,54,67,24,38,29,24,24,24,24,24,24,45,17,17,17,17,38,1,54,40,40,0],"gold":8,"neow_bonus":"BOSS_RELIC","is_prod":false,"is_daily":false,"chose_seed":false,"campfire_upgraded":5,"win_rate":0,"timestamp":1551817583,"path_taken":["M","?","?","?","?","R","E","R","T","M","$","R","M","M","R","BOSS","M","?","M","M","?","R","?","?","T","R","E","R","?","M","R","BOSS","M","$","M"],"build_version":"2019-01-23","purchased_purges":1,"victory":false,"max_hp_per_floor":[71,71,71,71,71,71,71,71,71,71,71,71,71,71,71,71,71,71,71,71,71,71,71,71,71,71,71,71,71,71,71,71,71,71,71,71,71],"card_choices":[{"not_picked":["Barrage","Scrape"],"picked":"Rebound","floor":1},{"not_picked":["Redo","Hello World"],"picked":"Cold Snap","floor":3},{"not_picked":["Gash","Sweeping Beam"],"picked":"Doom and Gloom","floor":7},{"not_picked":["Heatsinks","Stack"],"picked":"Creative AI","floor":10},{"not_picked":["Streamline","Rebound"],"picked":"Coolheaded","floor":13},{"not_picked":["Static Discharge","Lockon"],"picked":"Chill","floor":14},{"not_picked":["Hyperbeam","Reboot"],"picked":"Fission","floor":16},{"not_picked":["Redo","Compile Driver"],"picked":"Consume","floor":18},{"not_picked":["Rebound","Compile Driver"],"picked":"Leap","floor":20},{"not_picked":["Recycle","Streamline","Auto Shields"],"picked":"SKIP","floor":21},{"not_picked":["Undo","Stack"],"picked":"Storm","floor":24},{"not_picked":["Melter+1","Cold Snap"],"picked":"Echo Form","floor":28},{"not_picked":["Barrage","Hello World","Streamline"],"picked":"SKIP","floor":31},{"not_picked":["Reboot","Rainbow"],"picked":"Buffer","floor":33},{"not_picked":["Rip and Tear","Gash"],"picked":"Ball Lightning","floor":35}],"player_experience":790496,"relics_obtained":[{"floor":5,"key":"DataDisk"},{"floor":7,"key":"Pantograph"},{"floor":9,"key":"Shuriken"},{"floor":26,"key":"Bottled Tornado"},{"floor":28,"key":"StoneCalendar"}],"event_choices":[{"cards_removed":["Strike_B"],"damage_healed":0,"gold_gain":0,"player_choice":"Purged","damage_taken":0,"max_hp_gain":0,"max_hp_loss":0,"event_name":"Purifier","floor":2,"gold_loss":0},{"damage_healed":0,"gold_gain":0,"player_choice":"Success","damage_taken":18,"relics_obtained":["Pocketwatch"],"max_hp_gain":0,"max_hp_loss":0,"event_name":"Scrap Ooze","floor":4,"gold_loss":0},{"damage_healed":14,"gold_gain":0,"player_choice":"Heal","damage_taken":0,"max_hp_gain":0,"max_hp_loss":0,"event_name":"The Library","floor":19,"gold_loss":0},{"damage_healed":0,"gold_gain":0,"player_choice":"Ignored","damage_taken":0,"max_hp_gain":0,"max_hp_loss":0,"event_name":"Ghosts","floor":25,"gold_loss":0},{"damage_healed":0,"gold_gain":0,"player_choice":"Fight","damage_taken":0,"max_hp_gain":0,"max_hp_loss":0,"event_name":"Colosseum","floor":30,"gold_loss":0},{"damage_healed":0,"gold_gain":0,"player_choice":"Fled From Nobs","damage_taken":0,"max_hp_gain":0,"max_hp_loss":0,"event_name":"Colosseum","floor":30,"gold_loss":0}],"is_beta":false,"boss_relics":[{"not_picked":["Empty Cage","Orrery"],"picked":"Snecko Eye"},{"not_picked":["Nuclear Battery","Coffee Dripper"],"picked":"Inserter"}],"items_purged_floors":[36],"is_endless":false,"potions_floor_spawned":[7,14,18,21,28],"killed_by":"3 Darklings","ascension_level":20}