{"gold_per_floor":[111,111,131,131,144,178,178,208,208,208,208,227,227,243,243,243],"floor_reached":16,"playtime":284,"items_purged":[],"score":200,"play_id":"12949c43-67a7-4817-9ecb-1934cb6abd97","local_time":"20190304193837","is_ascension_mode":true,"campfire_choices":[{"data":"Zap","floor":7.0,"key":"SMITH"},{"data":"Chill","floor":11.0,"key":"SMITH"},{"data":"Defragment","floor":13.0,"key":"SMITH"},{"data":"Stack","floor":15.0,"key":"SMITH"}],"neow_cost":"NONE","seed_source_timestamp":62738747600827,"circlet_count":0,"master_deck":["AscendersBane","Strike_B+1","Strike_B","Strike_B+1","Strike_B+1","Defend_B","Defend_B","Defend_B+1","Defend_B","Zap+1","Dualcast","Blizzard","Ball Lightning","Cold Snap","Chill+1","Stack+1","Defragment+1","Electrodynamics"],"special_seed":0,"relics":["Cracked Core","NeowsBlessing","Whetstone","Dodecahedron","Odd Mushroom","Cables"],"potions_floor_usage":[],"damage_taken":[{"damage":0.0,"enemies":"Cultist","floor":1.0,"turns":1.0},{"damage":0.0,"enemies":"Jaw Worm","floor":3.0,"turns":1.0},{"damage":0.0,"enemies":"Small Slimes","floor":5.0,"turns":1.0},{"damage":26.0,"enemies":"Lagavulin","floor":6.0,"turns":5.0},{"damage":8.0,"enemies":"The Mushroom Lair","floor":8.0,"turns":4.0},{"damage":1.0,"enemies":"Looter","floor":12.0,"turns":2.0},{"damage":0.0,"enemies":"Blue Slaver","floor":14.0,"turns":4.0},{"damage":0,"enemies":"The Guardian","floor":16,"turns":1}],"seed_played":"-5359397749343404720","potions_obtained":[{"floor":5.0,"key":"Poison Potion"},{"floor":12.0,"key":"SpeedPotion"}],"is_trial":false,"path_per_floor":["M","?","M","T","M","E","R","?","T","?","R","M","R","M","R","B"],"character_chosen":"DEFECT","items_purchased":[],"campfire_rested":0,"item_purchase_floors":[],"current_hp_per_floor":[64,43,43,43,43,17,17,9,9,9,9,8,8,8,8,8],"gold":243,"neow_bonus":"THREE_ENEMY_KILL","is_prod":false,"is_daily":false,"chose_seed":false,"campfire_upgraded":4,"win_rate":0,"timestamp":1551746317,"path_taken":["M","?","M","?","M","E","R","?","T","?","R","M","R","M","R","BOSS"],"build_version":"2019-01-23","purchased_purges":0,"victory":false,"max_hp_per_floor":[71,71,71,71,71,71,71,71,71,71,71,71,71,71,71,71],"card_choices":[{"not_picked":["Steam","Double Energy"],"picked":"Blizzard","floor":1.0},{"not_picked":["Turbo","Hologram"],"picked":"Ball Lightning","floor":3.0},{"not_picked":["Compile Driver","Stack"],"picked":"Cold Snap","floor":5.0},{"not_picked":["Rebound","Streamline"],"picked":"Chill","floor":6.0},{"not_picked":["Sunder","Gash"],"picked":"Stack","floor":8.0},{"not_picked":["Conserve Battery","Redo"],"picked":"Defragment","floor":12.0},{"not_picked":["Loop","Steam"],"picked":"Electrodynamics","floor":14.0}],"player_experience":679504,"relics_obtained":[{"floor":4.0,"key":"Whetstone"},{"floor":6.0,"key":"Dodecahedron"},{"floor":8.0,"key":"Odd Mushroom"},{"floor":9.0,"key":"Cables"}],"event_choices":[{"damage_healed":0.0,"max_hp_gain":0.0,"max_hp_loss":0.0,"gold_gain":0.0,"event_name":"Shining Light","player_choice":"Entered Light","floor":2.0,"gold_loss":0.0,"damage_taken":21.0,"cards_upgraded":["Strike_B","Defend_B"]},{"damage_healed":0.0,"max_hp_gain":0.0,"max_hp_loss":0.0,"gold_gain":0.0,"event_name":"Mushrooms","player_choice":"Fought Mushrooms","floor":8.0,"gold_loss":0.0,"damage_taken":0.0},{"damage_healed":0.0,"max_hp_gain":0.0,"max_hp_loss":0.0,"gold_gain":0.0,"event_name":"Liars Game","player_choice":"Ignored","floor":10.0,"gold_loss":0.0,"damage_taken":0.0}],"is_beta":false,"boss_relics":[],"items_purged_floors":[],"is_endless":false,"potions_floor_spawned":[5,12],"killed_by":"The Guardian","ascension_level":20}