{"gold_per_floor":[118,14,14,26,26,26,90,101,149,174,174,88,88,109,109,186,186,186],"floor_reached":18,"playtime":668,"items_purged":["Defend_B"],"score":353,"play_id":"2ea069d8-1eb3-4008-83fe-ab860f214ac4","local_time":"20180928002243","is_ascension_mode":true,"campfire_choices":[{"data":"Zap","floor":6,"key":"SMITH"},{"data":"Lockon","floor":11,"key":"SMITH"},{"data":"Conserve Battery","floor":13,"key":"SMITH"},{"data":"Coolheaded","floor":15,"key":"SMITH"}],"neow_cost":"NONE","seed_source_timestamp":1145363799634051,"circlet_count":0,"master_deck":["Strike_B","Strike_B","Strike_B","Defend_B","Defend_B","Defend_B","Zap+1","Dualcast","AscendersBane","Hologram","Conserve Battery+1","Lockon+1","White Noise","Reboot","Capacitor","Self Repair","Coolheaded+1","Amplify"],"relics":["Cracked Core","NeowsBlessing","Tiny Chest","Potion Belt","Gremlin Horn","Odd Mushroom","Eternal Feather"],"potions_floor_usage":[14,16],"damage_taken":[{"damage":0,"enemies":"Jaw Worm","floor":1,"turns":1},{"damage":0,"enemies":"Small Slimes","floor":4,"turns":1},{"damage":0,"enemies":"3 Sentries","floor":7,"turns":1},{"damage":0,"enemies":"2 Louse","floor":8,"turns":2},{"damage":15,"enemies":"Lagavulin","floor":10,"turns":6},{"damage":1,"enemies":"The Mushroom Lair","floor":14,"turns":3},{"damage":38,"enemies":"Slime Boss","floor":16,"turns":7},{"damage":66,"enemies":"3 Byrds","floor":18,"turns":5}],"seed_played":"-5633717112079247893","potions_obtained":[{"floor":4,"key":"Explosive Potion"},{"floor":14,"key":"Fire Potion"}],"is_trial":false,"path_per_floor":["M","$","?","M","?","R","E","M","T","E","R","$","R","?","R","B",null],"character_chosen":"DEFECT","items_purchased":["Conserve Battery","Self Repair"],"campfire_rested":0,"item_purchase_floors":[2,12],"current_hp_per_floor":[64,64,69,69,69,69,69,69,69,54,54,54,54,60,60,29,64,0],"gold":186,"neow_bonus":"THREE_ENEMY_KILL","is_prod":false,"is_daily":false,"chose_seed":false,"campfire_upgraded":4,"win_rate":0,"timestamp":1538108563,"path_taken":["M","$","?","M","?","R","E","?","T","E","R","$","R","?","R","BOSS","M"],"build_version":"2018-09-27","purchased_purges":1,"victory":false,"max_hp_per_floor":[71,71,76,76,76,76,76,76,76,76,76,76,76,76,76,76,76,76],"card_choices":[{"not_picked":["Leap","Steam"],"picked":"Hologram","floor":1},{"not_picked":["Doom and Gloom","Double Energy"],"picked":"Lockon","floor":4},{"not_picked":["Blizzard","Leap"],"picked":"White Noise","floor":7},{"not_picked":["Aggregate","FTL"],"picked":"Reboot","floor":8},{"not_picked":["Rip and Tear","Melter"],"picked":"Capacitor","floor":10},{"not_picked":["Turbo","Hologram"],"picked":"Coolheaded","floor":14},{"not_picked":["Buffer","Hyperbeam"],"picked":"Amplify","floor":16}],"player_experience":270118,"relics_obtained":[{"floor":7,"key":"Tiny Chest"},{"floor":9,"key":"Potion Belt"},{"floor":10,"key":"Gremlin Horn"},{"floor":14,"key":"Odd Mushroom"}],"event_choices":[{"event_name":"Big Fish","player_choice":"Donut","floor":3,"damage_taken":0},{"event_name":"Wheel of Change","player_choice":"Card Removal","floor":5,"damage_taken":0},{"event_name":"Mushrooms","player_choice":"Fought Mushrooms","floor":14,"damage_taken":0}],"is_beta":false,"boss_relics":[{"not_picked":["Fusion Hammer","White Beast Statue"],"picked":"Eternal Feather"}],"items_purged_floors":[2],"is_endless":false,"potions_floor_spawned":[4,14],"killed_by":"3 Byrds","ascension_level":17}