{"path_per_floor":["M","M","M","M","?","R","E","$","T","R","M","E","M","M","R"],"character_chosen":"THE_SILENT","items_purchased":["Catalyst","Envenom"],"gold_per_floor":[113,130,141,160,160,160,191,1,76,76,94,128,144,155,155,155],"floor_reached":16,"campfire_rested":2,"playtime":929,"item_purchase_floors":[8,8],"current_hp_per_floor":[57,57,57,55,55,55,28,28,28,47,37,19,2,6,25,0],"items_purged":[],"gold":155,"score":200,"play_id":"0a56bde4-c004-47d9-b8ac-472ab3ec3686","local_time":"20180620232152","is_prod":false,"is_daily":false,"chose_seed":false,"is_ascension_mode":true,"campfire_upgraded":1,"win_rate":0,"timestamp":1529529712,"campfire_choices":[{"data":"Neutralize","floor":6,"key":"SMITH"},{"floor":10,"key":"REST"},{"floor":15,"key":"REST"}],"path_taken":["M","M","?","M","?","R","E","$","T","R","M","E","M","M","R","BOSS"],"build_version":"2018-06-14v2","seed_source_timestamp":265624757644537,"purchased_purges":0,"victory":false,"master_deck":["Defend_G","Defend_G","Defend_G","Defend_G","Defend_G","Strike_G","Strike_G","Strike_G","Strike_G","Survivor","Neutralize+1","AscendersBane","Skewer","Quick Slash","Dagger Throw","Noxious Fumes","Predator","Catalyst","Envenom","Night Terror","Cloak And Dagger","Dodge and Roll"],"max_hp_per_floor":[66,66,66,66,66,66,66,66,66,66,66,66,66,66,66,66],"relics":["Ring of the Snake","Art of War","Shovel","Bottled Tornado","Orichalcum"],"card_choices":[{"not_picked":["Deflect","Underhanded Strike"],"picked":"Skewer","floor":1},{"not_picked":["Bane","Outmaneuver"],"picked":"Quick Slash","floor":2},{"not_picked":["PiercingWail","Prepared"],"picked":"Dagger Throw","floor":3},{"not_picked":["Deflect","Well Laid Plans"],"picked":"Noxious Fumes","floor":4},{"not_picked":["Cloak And Dagger","Outmaneuver"],"picked":"Predator","floor":7},{"not_picked":["Escape Plan","Bane","Reflex"],"picked":"SKIP","floor":11},{"not_picked":["Flechettes","Corpse Explosion"],"picked":"Night Terror","floor":12},{"not_picked":["Dagger Spray","Setup"],"picked":"Cloak And Dagger","floor":13},{"not_picked":["Poisoned Stab","Noxious Fumes"],"picked":"Dodge and Roll","floor":14}],"player_experience":643384,"potions_floor_usage":[12,12],"damage_taken":[{"damage":2,"enemies":"Cultist","floor":1,"turns":5},{"damage":0,"enemies":"2 Louse","floor":2,"turns":4},{"damage":0,"enemies":"Small Slimes","floor":3,"turns":5},{"damage":2,"enemies":"Looter","floor":4,"turns":5},{"damage":27,"enemies":"Gremlin Nob","floor":7,"turns":5},{"damage":10,"enemies":"2 Fungi Beasts","floor":11,"turns":3},{"damage":18,"enemies":"3 Sentries","floor":12,"turns":7},{"damage":17,"enemies":"Lots of Slimes","floor":13,"turns":6},{"damage":5,"enemies":"Looter","floor":14,"turns":3},{"damage":25,"enemies":"The Guardian","floor":16,"turns":10}],"relics_obtained":[{"floor":7,"key":"Shovel"},{"floor":9,"key":"Bottled Tornado"},{"floor":12,"key":"Orichalcum"}],"event_choices":[{"event_name":"Bonfire Elementals","player_choice":"BASIC","floor":5,"damage_taken":0}],"boss_relics":[],"items_purged_floors":[],"is_endless":false,"potions_floor_spawned":[2,3,12,13],"seed_played":"-8363374513424452351","killed_by":"The Guardian","ascension_level":15,"potions_obtained":[{"floor":2,"key":"PowerPotion"},{"floor":3,"key":"SneckoOil"},{"floor":12,"key":"FairyPotion"},{"floor":13,"key":"SpeedPotion"}],"is_trial":false}