{"path_per_floor":["M","?","M","?","M","E","R","?","T","R","M","E","M","M","R","B",null,"M","?","$","?","M","R","E","M","T"],"character_chosen":"DEFECT","items_purchased":["Toxic Egg 2","Capacitor"],"gold_per_floor":[114,114,127,127,142,185,185,185,185,185,203,237,256,271,271,390,390,410,410,38,38,51,51,86,109,109,109],"floor_reached":27,"campfire_rested":2,"playtime":1024,"item_purchase_floors":[20,20],"current_hp_per_floor":[56,39,38,38,38,11,11,11,11,31,29,32,17,13,35,35,75,71,71,71,71,69,69,56,46,56,0],"items_purged":["Strike_B"],"gold":109,"score":337,"play_id":"935d8638-5579-46b6-bd41-d7b2d33371fa","local_time":"20180520035743","is_prod":false,"is_daily":false,"chose_seed":false,"is_ascension_mode":true,"campfire_upgraded":2,"timestamp":1526756263,"campfire_choices":[{"data":"Zap","floor":7,"key":"SMITH"},{"floor":10,"key":"REST"},{"floor":15,"key":"REST"},{"data":"Capacitor","floor":23,"key":"SMITH"}],"path_taken":["M","?","M","?","M","E","R","?","T","R","?","E","M","M","R","BOSS","M","?","$","?","M","R","E","M","T","E"],"build_version":"2018-05-18","seed_source_timestamp":440946868892043,"purchased_purges":1,"victory":false,"master_deck":["Strike_B","Strike_B","Defend_B","Defend_B","Defend_B","Defend_B","Zap+1","Dualcast","Auto Shields","Rebound","Chill","Sunder+1","Capacitor","Cold Snap","Cold Snap","Beam Cell","Ball Lightning","Consume","Steam","Beam Cell","Coolheaded","Electrodynamics","Ball Lightning+1","Capacitor+1","Coolheaded+1","Recycle+1"],"max_hp_per_floor":[68,68,68,68,68,68,68,68,68,68,68,75,75,75,75,75,75,75,75,75,75,75,75,75,75,85,85],"relics":["Cracked Core","Prayer Wheel","Golden Idol","Darkstone Periapt","Kunai","Strawberry","Sozu","Toxic Egg 2","Blood Vial","Pear"],"card_choices":[{"not_picked":["Hologram","Undo"],"picked":"Auto Shields","floor":1},{"not_picked":["Leap","Turbo"],"picked":"Rebound","floor":1},{"not_picked":["Steam","Steam Power"],"picked":"Chill","floor":3},{"not_picked":["Go for the Eyes","Axe Kick"],"picked":"Sunder","floor":3},{"not_picked":["Chaos","Biased Cognition"],"picked":"Capacitor","floor":5},{"not_picked":["Sweeping Beam","Hologram"],"picked":"Cold Snap","floor":5},{"not_picked":["Stack","All For One"],"picked":"Cold Snap","floor":6},{"not_picked":["Stack","Rebound"],"picked":"Beam Cell","floor":11},{"not_picked":["BootSequence","Barrage"],"picked":"Ball Lightning","floor":11},{"not_picked":["Steam Power","Reinforced Body","Capacitor"],"picked":"SKIP","floor":12},{"not_picked":["Tempest","Darkness"],"picked":"Consume","floor":13},{"not_picked":["Skim","Sweeping Beam"],"picked":"Steam","floor":13},{"not_picked":["Fission","Leap"],"picked":"Beam Cell","floor":14},{"not_picked":["Turbo","Cold Snap"],"picked":"Coolheaded","floor":14},{"not_picked":["Creative AI","Buffer"],"picked":"Electrodynamics","floor":16},{"not_picked":["Axe Kick+1","Hologram"],"picked":"Ball Lightning+1","floor":18},{"not_picked":["Undo","Redo","Beam Cell"],"picked":"SKIP","floor":18},{"not_picked":["Chaos+1","Capacitor"],"picked":"Coolheaded+1","floor":22},{"not_picked":["Barrage","Darkness+1","Rebound+1"],"picked":"SKIP","floor":22},{"not_picked":["Meteor Strike","Undo+1","Redo+1"],"picked":"SKIP","floor":24},{"not_picked":["Cold Snap","Static Discharge"],"picked":"Recycle+1","floor":25},{"not_picked":["White Noise+1","Static Discharge+1","Lockon"],"picked":"SKIP","floor":25}],"player_experience":495389,"potions_floor_usage":[12,16,24],"damage_taken":[{"damage":12,"enemies":"Jaw Worm","floor":1,"turns":3},{"damage":1,"enemies":"Cultist","floor":3,"turns":4},{"damage":0,"enemies":"2 Louse","floor":5,"turns":2},{"damage":27,"enemies":"Gremlin Nob","floor":6,"turns":4},{"damage":2,"enemies":"Looter","floor":11,"turns":3},{"damage":4,"enemies":"3 Sentries","floor":12,"turns":5},{"damage":15,"enemies":"3 Louse","floor":13,"turns":2},{"damage":4,"enemies":"Blue Slaver","floor":14,"turns":2},{"damage":0,"enemies":"Slime Boss","floor":16,"turns":9},{"damage":4,"enemies":"3 Byrds","floor":18,"turns":6},{"damage":2,"enemies":"Chosen","floor":22,"turns":6},{"damage":13,"enemies":"Slavers","floor":24,"turns":6},{"damage":12,"enemies":"Snake Plant","floor":25,"turns":5},{"damage":65,"enemies":"Gremlin Leader","floor":27,"turns":7}],"relics_obtained":[{"floor":6,"key":"Darkstone Periapt"},{"floor":9,"key":"Kunai"},{"floor":12,"key":"Strawberry"},{"floor":24,"key":"Blood Vial"},{"floor":26,"key":"Pear"}],"event_choices":[{"event_name":"Golden Idol","player_choice":"Take Damage","floor":2,"damage_taken":0},{"event_name":"Living Wall","player_choice":"Grow","floor":4,"damage_taken":0},{"event_name":"Shining Light","player_choice":"Ignored","floor":8,"damage_taken":0},{"event_name":"Drug Dealer","player_choice":"Ignored","floor":19,"damage_taken":0},{"event_name":"Bonfire Elementals","player_choice":"BASIC","floor":21,"damage_taken":0}],"boss_relics":[{"not_picked":["Eternal Feather","White Beast Statue"],"picked":"Sozu"}],"items_purged_floors":[20],"potions_floor_spawned":[5,6,12,16,24,25],"seed_played":"7001653399489506629","killed_by":"Gremlin Leader","ascension_level":3,"potions_obtained":[{"floor":5,"key":"SpeedPotion"},{"floor":6,"key":"PowerPotion"},{"floor":12,"key":"FocusPotion"},{"floor":16,"key":"Energy Potion"}],"is_trial":false}