{"path_per_floor":["M","$","M","?","?","R","M","R","T","E","M","?","M","?","R","B",null,"M","?","?","$","M","R","M","?","T","M","E","R","E","M","R","B",null,"M","$","M"],"character_chosen":"THE_SILENT","items_purchased":["Outmaneuver","Bouncing Flask","Regen Potion","Mercury Hourglass"],"gold_per_floor":[116,90,106,56,56,56,73,73,73,104,117,117,135,201,201,301,301,318,233,133,6,20,20,35,35,89,104,134,134,161,176,176,280,280,292,50,70],"floor_reached":38,"campfire_rested":4,"playtime":3561,"current_hp_per_floor":[68,68,67,67,67,67,61,61,61,42,31,28,28,28,64,36,70,41,41,41,41,31,67,53,53,53,36,37,70,23,11,47,8,70,51,51,14],"items_purged":[],"gold":70,"play_id":"81c3c6a2-3ea8-4a6c-85c9-11ddd864befa","is_prod":false,"is_daily":false,"is_ascension_mode":false,"campfire_upgraded":2,"path_taken":["M","?","?","?","?","R","M","R","T","E","M","?","M","?","R","BOSS","M","?","?","$","M","R","M","?","T","M","E","R","E","M","R","BOSS","M","$","M","?"],"build_version":"2018-01-25-PROD3","purchased_purges":0,"victory":false,"master_deck":["Defend_G","Defend_G+1","Defend_G","Strike_G","Strike_G","Survivor+1","Neutralize","Distraction+1","Infinite Blades+1","Outmaneuver","Flying Knee","Poisoned Stab","Envenom","Backstab","Backflip","Corpse Explosion","Die Die Die+1","Calculated Gamble+1","Burst+1","PiercingWail+1","J.A.X.","Bouncing Flask","Bane","Noxious Fumes","Acrobatics","Dagger Spray","Poisoned Stab","Quick Slash","Adrenaline","All Out Attack+1"],"max_hp_per_floor":[70,70,70,70,70,70,70,70,70,70,70,70,70,70,70,70,70,70,70,70,70,70,70,70,70,70,70,70,70,70,70,70,70,70,70,70,70],"relics":["Ring of the Snake","Regal Pillow","Gambling Chip","Prayer Wheel","Astrolabe","Orichalcum","Bag of Preparation","Toolbox","War Paint","Black Star","Mercury Hourglass"],"card_choices":[{"not_picked":["Dagger Throw","Caltrops"],"picked":"Infinite Blades"},{"not_picked":["Underhanded Strike","Dash"],"picked":"Flying Knee"},{"not_picked":["Outmaneuver","Dagger Spray"],"picked":"Poisoned Stab"},{"not_picked":["Infinite Blades","Slice"],"picked":"Envenom"},{"not_picked":["Poisoned Stab","Outmaneuver"],"picked":"Backstab"},{"not_picked":["Eviscerate","Distraction"],"picked":"Backflip"},{"not_picked":["Wraith Form","Night Terror"],"picked":"Corpse Explosion"},{"not_picked":["Dodge and Roll","Dagger Throw"],"picked":"PiercingWail"},{"not_picked":["Quick Slash","Malaise"],"picked":"Noxious Fumes"},{"not_picked":["Underhanded Strike","Predator"],"picked":"Acrobatics"},{"not_picked":["Acrobatics","Backstab"],"picked":"Dagger Spray"},{"not_picked":["Dodge and Roll","Deadly Poison"],"picked":"Poisoned Stab"},{"not_picked":["PiercingWail","Heel Hook"],"picked":"Quick Slash"},{"not_picked":["Corpse Explosion","Doppelganger"],"picked":"Adrenaline"},{"not_picked":["Heel Hook","Dagger Throw"],"picked":"All Out Attack"}],"player_experience":41662,"potions_floor_usage":[10,13,16,22,28,28,31,31,33],"damage_taken":[{"damage":2,"enemies":"Blue Slaver","floor":1,"turns":6},{"damage":1,"enemies":"Small Slimes","floor":3,"turns":4},{"damage":6,"enemies":"Cultist","floor":7,"turns":4},{"damage":19,"enemies":"3 Sentries","floor":10,"turns":7},{"damage":11,"enemies":"2 Fungi Beasts","floor":11,"turns":3},{"damage":0,"enemies":"3 Louse","floor":13,"turns":1},{"damage":28,"enemies":"The Guardian","floor":16,"turns":9},{"damage":29,"enemies":"Spheric Guardian","floor":18,"turns":6},{"damage":22,"enemies":"3 Byrds","floor":22,"turns":5},{"damage":14,"enemies":"Snecko","floor":24,"turns":5},{"damage":17,"enemies":"Centurion and Healer","floor":27,"turns":6},{"damage":14,"enemies":"Book of Stabbing","floor":28,"turns":5},{"damage":47,"enemies":"Slavers","floor":30,"turns":6},{"damage":12,"enemies":"Snake Plant","floor":31,"turns":4},{"damage":39,"enemies":"Champ","floor":33,"turns":11},{"damage":19,"enemies":"Orb Walker","floor":35,"turns":4},{"damage":37,"enemies":"3 Shapes","floor":37,"turns":4},{"damage":18,"enemies":"3 Darklings","floor":38,"turns":2}],"event_choices":[{"event_name":"The Cleric","player_choice":"Card Removal","floor":4,"damage_taken":0},{"event_name":"Liars Game","player_choice":"disagreed","floor":5,"damage_taken":0},{"event_name":"Scrap Ooze","player_choice":"success","floor":12,"damage_taken":3},{"event_name":"Golden Wing","player_choice":"Gained Gold","floor":14,"damage_taken":0},{"event_name":"Addict","player_choice":"Obtained Relic","floor":19,"damage_taken":0},{"event_name":"Drug Dealer","player_choice":"Got JAXXED","floor":20,"damage_taken":0},{"event_name":"The Library","player_choice":"Read","floor":25,"damage_taken":0}],"boss_relics":[{"not_picked":["Runic Dome","Philosopher\u0027s Stone"],"picked":"Astrolabe"},{"not_picked":["White Beast Statue","Cursed Key"],"picked":"Black Star"}],"potions_floor_spawned":[1,7,11,13,16,24,30,31],"seed_played":"-4188739319107646070","killed_by":"3 Darklings","ascension_level":0,"is_trial":false}