{"gold_per_floor":[117,117,117,117,128,128,143,173,173,187,197,227,227,207,207,207],"floor_reached":16,"playtime":591,"items_purged":[],"score":225,"play_id":"89aea278-1469-44ea-88d3-ba6b4172f5f0","local_time":"20181123120041","is_ascension_mode":true,"campfire_choices":[{"data":"Zap","floor":6,"key":"SMITH"},{"floor":13,"key":"REST"},{"data":"Dualcast","floor":15,"key":"SMITH"}],"neow_cost":"NONE","seed_source_timestamp":5721465301039,"circlet_count":0,"master_deck":["AscendersBane","Strike_B","Strike_B","Strike_B","Defend_B","Defend_B","Defend_B","Defend_B","Zap+1","Dualcast+1","Cold Snap","Rebound","Chill","Coolheaded","Cold Snap"],"relics":["Cracked Core","Tiny Chest","Frozen Egg 2","Toxic Egg 2"],"potions_floor_usage":[12,13,14],"damage_taken":[{"damage":2,"enemies":"2 Louse","floor":1,"turns":3},{"damage":15,"enemies":"Small Slimes","floor":5,"turns":3},{"damage":0,"enemies":"Cultist","floor":7,"turns":3},{"damage":0,"enemies":"Exordium Wildlife","floor":10,"turns":3},{"damage":7,"enemies":"3 Louse","floor":11,"turns":3},{"damage":15,"enemies":"3 Sentries","floor":12,"turns":8},{"damage":74,"enemies":"Slime Boss","floor":16,"turns":13}],"seed_played":"-9167259449624146308","potions_obtained":[{"floor":7,"key":"SteroidPotion"},{"floor":12,"key":"Fruit Juice"},{"floor":14,"key":"Fruit Juice"}],"is_trial":false,"path_per_floor":["M","?","?","?","M","R","M","T","T","M","M","E","R","?","R","B"],"character_chosen":"DEFECT","items_purchased":[],"campfire_rested":1,"item_purchase_floors":[],"current_hp_per_floor":[69,69,74,74,59,59,59,59,59,59,52,37,68,73,73,0],"gold":207,"neow_bonus":"TEN_PERCENT_HP_BONUS","is_prod":false,"is_daily":false,"chose_seed":false,"campfire_upgraded":2,"win_rate":0,"timestamp":1543003241,"path_taken":["M","?","?","?","M","R","M","?","T","M","M","E","R","?","R","BOSS"],"build_version":"2018-11-15","purchased_purges":0,"victory":false,"max_hp_per_floor":[78,78,83,83,83,83,83,83,83,83,83,83,88,93,93,93],"card_choices":[{"not_picked":["Static Discharge","Leap"],"picked":"Cold Snap","floor":1},{"not_picked":["Beam Cell","Streamline","Rebound"],"picked":"SKIP","floor":5},{"not_picked":["Steam","Meteor Strike"],"picked":"Chill","floor":7},{"not_picked":["Leap","Steam","Force Field"],"picked":"SKIP","floor":10},{"not_picked":["Recycle","Leap"],"picked":"Coolheaded","floor":11},{"not_picked":["Storm+1","Static Discharge+1"],"picked":"Cold Snap","floor":12}],"player_experience":674586,"relics_obtained":[{"floor":8,"key":"Tiny Chest"},{"floor":9,"key":"Frozen Egg 2"},{"floor":12,"key":"Toxic Egg 2"}],"event_choices":[{"damage_healed":0,"gold_gain":0,"player_choice":"Ignored","damage_taken":0,"max_hp_gain":0,"max_hp_loss":0,"event_name":"Liars Game","floor":2,"gold_loss":0},{"damage_healed":0,"gold_gain":0,"player_choice":"Donut","damage_taken":0,"max_hp_gain":5,"max_hp_loss":0,"event_name":"Big Fish","floor":3,"gold_loss":0},{"damage_healed":0,"gold_gain":0,"cards_transformed":["Strike_B"],"player_choice":"Change","damage_taken":0,"max_hp_gain":0,"max_hp_loss":0,"event_name":"Living Wall","floor":4,"gold_loss":0,"cards_obtained":["Rebound"]},{"damage_healed":0,"gold_gain":0,"player_choice":"Bought 1 Potion","damage_taken":0,"max_hp_gain":0,"max_hp_loss":0,"event_name":"The Woman in Blue","floor":14,"gold_loss":0}],"is_beta":false,"boss_relics":[],"items_purged_floors":[],"is_endless":false,"potions_floor_spawned":[7,12],"killed_by":"Slime Boss","ascension_level":20}