{"gold_per_floor":[112,112,112,123,139,171,186,186,186,186,196,121,121,21,21,119,169,183,123,123,123,43,43,63,63,135,135,155,155,155,175,175,275,275,294,310,31,44,61,61,74,87,110,110,110,123,138,88,88,88,88,88,38,73,73],"floor_reached":55,"playtime":3904,"items_purged":["Strike_B","Strike_B","Strike_B","Parasite","Defend_B"],"score":644,"play_id":"3790b7e4-9ede-40f2-b79d-ada106d7ff20","local_time":"20190127141958","is_ascension_mode":false,"campfire_choices":[{"floor":10.0,"key":"REST"},{"floor":13.0,"key":"REST"},{"floor":15.0,"key":"REST"},{"data":"Defragment","floor":23.0,"key":"SMITH"},{"data":"Loop","floor":25.0,"key":"SMITH"},{"floor":27.0,"key":"RECALL"},{"data":"Capacitor","floor":29.0,"key":"SMITH"},{"floor":32.0,"key":"REST"},{"data":"Defragment","floor":40.0,"key":"SMITH"},{"floor":44.0,"key":"REST"},{"data":"Glacier","floor":49.0,"key":"SMITH"},{"data":"Leap","floor":52.0,"key":"SMITH"}],"neow_cost":"NONE","seed_source_timestamp":3628392303660359,"circlet_count":0,"master_deck":["Strike_B+1","Defend_B","Defend_B","Defend_B","Zap","Dualcast","Creative AI+1","Defragment+1","Leap+1","Capacitor+1","Conserve Battery","Chill","Amplify","Rainbow","Glacier+1","BootSequence","Loop+1","Seek","Defragment+1"],"special_seed":0,"relics":["Cracked Core","Art of War","Tiny House","Pear","Sozu","Oddly Smooth Stone","Smiling Mask","Dodecahedron"],"potions_floor_usage":[],"damage_taken":[{"damage":5.0,"enemies":"Small Slimes","floor":1.0,"turns":5.0},{"damage":0.0,"enemies":"2 Louse","floor":4.0,"turns":3.0},{"damage":6.0,"enemies":"Cultist","floor":5.0,"turns":5.0},{"damage":30.0,"enemies":"3 Sentries","floor":6.0,"turns":12.0},{"damage":18.0,"enemies":"2 Fungi Beasts","floor":7.0,"turns":4.0},{"damage":7.0,"enemies":"Exordium Wildlife","floor":11.0,"turns":5.0},{"damage":35.0,"enemies":"Slime Boss","floor":16.0,"turns":8.0},{"damage":8.0,"enemies":"Spheric Guardian","floor":18.0,"turns":9.0},{"damage":2.0,"enemies":"2 Thieves","floor":19.0,"turns":4.0},{"damage":12.0,"enemies":"Sentry and Sphere","floor":24.0,"turns":12.0},{"damage":2.0,"enemies":"Snecko","floor":28.0,"turns":7.0},{"damage":6.0,"enemies":"Centurion and Healer","floor":31.0,"turns":10.0},{"damage":39.0,"enemies":"Collector","floor":33.0,"turns":16.0},{"damage":0.0,"enemies":"3 Shapes","floor":35.0,"turns":7.0},{"damage":5.0,"enemies":"Orb Walker","floor":36.0,"turns":6.0},{"damage":0.0,"enemies":"Maw","floor":38.0,"turns":9.0},{"damage":13.0,"enemies":"Transient","floor":39.0,"turns":5.0},{"damage":0.0,"enemies":"Spire Growth","floor":41.0,"turns":7.0},{"damage":27.0,"enemies":"3 Darklings","floor":42.0,"turns":7.0},{"damage":3.0,"enemies":"Writhing Mass","floor":46.0,"turns":6.0},{"damage":3.0,"enemies":"Jaw Worm Horde","floor":47.0,"turns":8.0},{"damage":25.0,"enemies":"Awakened One","floor":50.0,"turns":26.0},{"damage":41.0,"enemies":"Shield and Spear","floor":54.0,"turns":12.0},{"damage":92,"enemies":"The Heart","floor":55,"turns":5}],"seed_played":"1278869359270941938","potions_obtained":[{"floor":1.0,"key":"AttackPotion"},{"floor":3.0,"key":"LiquidBronze"},{"floor":3.0,"key":"FairyPotion"},{"floor":7.0,"key":"Explosive Potion"},{"floor":16.0,"key":"Energy Potion"},{"floor":17.0,"key":"SteroidPotion"},{"floor":24.0,"key":"Regen Potion"},{"floor":33.0,"key":"Explosive Potion"}],"is_trial":false,"path_per_floor":["M","?","?","M","M","E","M","?","T","R","M","$","R","$","R","B",null,"M","M","?","$","$","R","M","R","T","R","M","R","?","M","R","B",null,"M","M","$","M","M","R","M","M","T","R","?","M","M","$","R","B",null,"R","$","E","B"],"character_chosen":"DEFECT","items_purchased":["Loop","Oddly Smooth Stone"],"campfire_rested":5,"item_purchase_floors":[22,37],"current_hp_per_floor":[70,70,70,70,64,34,16,16,16,38,31,31,53,53,75,40,80,72,70,70,70,70,70,58,58,68,68,66,66,66,60,87,63,90,90,85,85,85,72,72,72,45,45,72,72,69,66,66,66,41,87,87,87,46,0],"gold":73,"neow_bonus":"ONE_RANDOM_RARE_CARD","is_prod":false,"is_daily":false,"chose_seed":false,"campfire_upgraded":6,"win_rate":0,"timestamp":1548616798,"path_taken":["M","?","?","?","M","E","M","?","T","R","M","$","R","?","R","BOSS","M","M","?","?","$","R","M","R","T","R","M","R","?","M","R","BOSS","M","M","$","M","M","R","M","M","T","R","?","M","?","$","R","BOSS","R","$","E","BOSS"],"build_version":"2019-01-23","purchased_purges":5,"victory":false,"max_hp_per_floor":[75,75,75,75,75,75,75,75,75,75,75,75,75,75,75,75,80,80,80,80,80,80,80,80,80,90,90,90,90,90,90,90,90,90,90,90,90,90,90,90,90,90,90,90,90,90,90,87,87,87,87,87,87,87,87],"card_choices":[{"not_picked":["Streamline","Consume"],"picked":"Defragment","floor":1.0},{"not_picked":["Storm","Genetic Algorithm"],"picked":"Leap","floor":4.0},{"not_picked":["Darkness","Gash"],"picked":"Capacitor","floor":5.0},{"not_picked":["Chill","Sweeping Beam"],"picked":"Conserve Battery","floor":6.0},{"not_picked":["Sweeping Beam","Stack"],"picked":"Chill","floor":7.0},{"not_picked":["Go for the Eyes","Cold Snap"],"picked":"Amplify","floor":11.0},{"not_picked":["All For One","Meteor Strike"],"picked":"Rainbow","floor":16.0},{"not_picked":["Redo","Compile Driver"],"picked":"Glacier","floor":17.0},{"not_picked":["Lockon","Coolheaded+1","Compile Driver"],"picked":"SKIP","floor":18.0},{"not_picked":["Cold Snap","Static Discharge"],"picked":"BootSequence","floor":19.0},{"not_picked":["Conserve Battery","Hello World","Genetic Algorithm"],"picked":"SKIP","floor":24.0},{"not_picked":["Chaos","Rip and Tear","BootSequence"],"picked":"SKIP","floor":28.0},{"not_picked":["Go for the Eyes","Redo","Barrage"],"picked":"SKIP","floor":31.0},{"not_picked":["Machine Learning","Creative AI"],"picked":"Seek","floor":33.0},{"not_picked":["Steam Power","Rebound+1","White Noise"],"picked":"SKIP","floor":35.0},{"not_picked":["Compile Driver+1","Leap","Storm"],"picked":"SKIP","floor":36.0},{"not_picked":["Sweeping Beam+1","Multi-Cast"],"picked":"Defragment","floor":38.0},{"not_picked":["Conserve Battery+1","Gash","Blizzard"],"picked":"SKIP","floor":39.0},{"not_picked":["Self Repair","Beam Cell+1","Compile Driver+1"],"picked":"SKIP","floor":41.0},{"not_picked":["Barrage","Leap+1","Coolheaded"],"picked":"SKIP","floor":42.0},{"not_picked":["Loop","Scrape","Reinforced Body+1"],"picked":"SKIP","floor":46.0},{"not_picked":["Coolheaded","Lockon","Rebound+1"],"picked":"SKIP","floor":47.0},{"not_picked":["Doom and Gloom","Tempest+1","Echo Form"],"picked":"SKIP","floor":54.0}],"player_experience":46700,"relics_obtained":[{"floor":6.0,"key":"Art of War"},{"floor":26.0,"key":"Pear"},{"floor":43.0,"key":"Smiling Mask"},{"floor":54.0,"key":"Dodecahedron"}],"event_choices":[{"damage_healed":0.0,"max_hp_gain":0.0,"max_hp_loss":0.0,"gold_gain":0.0,"event_name":"Golden Idol","player_choice":"Ignored","floor":2.0,"gold_loss":0.0,"damage_taken":0.0},{"damage_healed":0.0,"max_hp_gain":0.0,"max_hp_loss":0.0,"gold_gain":0.0,"event_name":"Lab","player_choice":"Got Potions","floor":3.0,"gold_loss":0.0,"damage_taken":0.0},{"damage_healed":0.0,"max_hp_gain":0.0,"max_hp_loss":0.0,"gold_gain":0.0,"event_name":"Living Wall","player_choice":"Grow","floor":8.0,"gold_loss":0.0,"damage_taken":0.0,"cards_upgraded":["Creative AI"]},{"damage_healed":0.0,"max_hp_gain":0.0,"max_hp_loss":0.0,"gold_gain":0.0,"event_name":"Match and Keep!","player_choice":"0 cards matched","floor":20.0,"gold_loss":0.0,"damage_taken":0.0,"cards_obtained":[]},{"damage_healed":0.0,"max_hp_gain":0.0,"max_hp_loss":0.0,"gold_gain":0.0,"event_name":"Vampires","player_choice":"Ignored","floor":30.0,"gold_loss":0.0,"damage_taken":0.0},{"damage_healed":0.0,"max_hp_gain":0.0,"max_hp_loss":0.0,"gold_gain":0.0,"event_name":"SecretPortal","player_choice":"Ignored","floor":45.0,"gold_loss":0.0,"damage_taken":0.0}],"is_beta":false,"boss_relics":[{"not_picked":["Fusion Hammer","Eternal Feather"],"picked":"Tiny House"},{"not_picked":["FrozenCore","Nuclear Battery"],"picked":"Sozu"}],"items_purged_floors":[12,14,37,48,53],"is_endless":false,"potions_floor_spawned":[1,7,16,24,33,35,41,42,46,47],"killed_by":"The Heart","ascension_level":0}