{"gold_per_floor":[213,183,27,41,41,41,61,61,61,80,80,109,109,109,109,213,213,224,224,242,261,183,209,209,235,235,235,251,251,251,251],"floor_reached":31,"playtime":2269,"items_purged":["Strike_B"],"score":285,"play_id":"4b411767-b98d-42b7-ae7a-aa9f40cf8fe0","local_time":"20190208140913","is_ascension_mode":true,"campfire_choices":[{"data":"Zap","floor":6,"key":"SMITH"},{"data":"Streamline","floor":8,"key":"SMITH"},{"data":"Auto Shields","floor":13,"key":"SMITH"},{"data":"Melter","floor":15,"key":"SMITH"},{"floor":24,"key":"REST"},{"floor":27,"key":"REST"}],"neow_cost":"NONE","seed_source_timestamp":682704848430536,"circlet_count":0,"master_deck":["Strike_B","Strike_B","Strike_B","Defend_B","Defend_B","Defend_B","Defend_B","Zap+1","Dualcast","Barrage","FTL","Ball Lightning+1","Melter+1","Streamline+1","Auto Shields+1","Conserve Battery+1","Creative AI","Ball Lightning","Static Discharge","Thunder Strike","Loop+1"],"relics":["Cracked Core","Bag of Marbles","Matryoshka","Nuclear Battery","Nloth\u0027s Gift","Smiling Mask","Happy Flower","Bag of Preparation"],"potions_floor_usage":[12,16,16,18,23,31,31],"damage_taken":[{"damage":1,"enemies":"Jaw Worm","floor":1,"turns":4},{"damage":0,"enemies":"Cultist","floor":4,"turns":2},{"damage":0,"enemies":"2 Louse","floor":7,"turns":1},{"damage":0,"enemies":"Exordium Wildlife","floor":10,"turns":1},{"damage":4,"enemies":"3 Sentries","floor":12,"turns":5},{"damage":24,"enemies":"Hexaghost","floor":16,"turns":9},{"damage":0,"enemies":"2 Thieves","floor":18,"turns":3},{"damage":5,"enemies":"3 Byrds","floor":20,"turns":4},{"damage":35,"enemies":"Centurion and Healer","floor":21,"turns":5},{"damage":28,"enemies":"Gremlin Leader","floor":23,"turns":7},{"damage":19,"enemies":"Book of Stabbing","floor":25,"turns":4},{"damage":2,"enemies":"3 Cultists","floor":28,"turns":4},{"damage":53,"enemies":"Gremlin Leader","floor":31,"turns":5}],"seed_played":"-8230254122408663313","potions_obtained":[{"floor":2,"key":"Energy Potion"},{"floor":2,"key":"SkillPotion"},{"floor":4,"key":"Strength Potion"},{"floor":7,"key":"PowerPotion"},{"floor":16,"key":"LiquidBronze"},{"floor":21,"key":"Fire Potion"},{"floor":28,"key":"SteroidPotion"}],"is_trial":false,"path_per_floor":["M","?","$","M","?","R","M","R","T","M","?","E","R","$","R","B",null,"M","?","M","M","$","E","R","E","T","R","M","?","?","E"],"character_chosen":"DEFECT","items_purchased":["FTL","Ball Lightning","Static Discharge"],"campfire_rested":2,"item_purchase_floors":[3,3,22],"current_hp_per_floor":[74,74,74,74,67,67,67,67,67,67,67,63,63,63,63,39,75,75,75,70,35,35,7,29,10,10,32,30,55,41,0],"gold":251,"neow_bonus":"HUNDRED_GOLD","is_prod":false,"is_daily":false,"chose_seed":false,"campfire_upgraded":4,"win_rate":0,"timestamp":1549642153,"path_taken":["M","?","$","?","?","R","M","R","T","M","?","E","R","?","R","BOSS","M","?","?","M","$","E","R","E","T","R","M","?","?","E"],"build_version":"2019-01-23","purchased_purges":1,"victory":false,"max_hp_per_floor":[75,75,75,75,75,75,75,75,75,75,75,75,75,75,75,75,75,75,75,75,75,75,75,75,75,75,75,75,75,75,75],"card_choices":[{"not_picked":["Redo","Aggregate"],"picked":"Barrage","floor":1},{"not_picked":["Redo","Hologram"],"picked":"Melter","floor":4},{"not_picked":["White Noise","Heatsinks"],"picked":"Streamline","floor":7},{"not_picked":["Reprogram","Stack"],"picked":"Auto Shields","floor":10},{"not_picked":["FTL","Aggregate"],"picked":"Conserve Battery","floor":12},{"not_picked":["Seek+1","Meteor Strike"],"picked":"Creative AI","floor":16},{"not_picked":["Scrape","Gash","Force Field+1"],"picked":"SKIP","floor":18},{"not_picked":["Leap+1","Go for the Eyes"],"picked":"Ball Lightning","floor":20},{"not_picked":["Coolheaded","Rip and Tear","Conserve Battery"],"picked":"SKIP","floor":21},{"not_picked":["Ball Lightning","Undo"],"picked":"Thunder Strike","floor":23},{"not_picked":["Lockon","Turbo","Sweeping Beam"],"picked":"SKIP","floor":25},{"not_picked":["Coolheaded","Barrage"],"picked":"Loop+1","floor":28}],"player_experience":88702,"relics_obtained":[{"floor":9,"key":"Matryoshka"},{"floor":12,"key":"Toxic Egg 2"},{"floor":23,"key":"Smiling Mask"},{"floor":25,"key":"Happy Flower"},{"floor":26,"key":"Bag of Preparation"}],"event_choices":[{"damage_healed":0,"gold_gain":0,"player_choice":"Bought 2 Potions","damage_taken":0,"max_hp_gain":0,"max_hp_loss":0,"event_name":"The Woman in Blue","floor":2,"gold_loss":0},{"damage_healed":0,"gold_gain":0,"player_choice":"Success","damage_taken":7,"relics_obtained":["Bag of Marbles"],"max_hp_gain":0,"max_hp_loss":0,"event_name":"Scrap Ooze","floor":5,"gold_loss":0},{"damage_healed":0,"gold_gain":0,"player_choice":"Grow","damage_taken":0,"max_hp_gain":0,"max_hp_loss":0,"event_name":"Living Wall","floor":11,"gold_loss":0,"cards_upgraded":["Ball Lightning"]},{"damage_healed":0,"gold_gain":0,"player_choice":"Traded Relic","damage_taken":0,"relics_obtained":["Nloth\u0027s Gift"],"max_hp_gain":0,"max_hp_loss":0,"event_name":"N\u0027loth","floor":19,"relics_lost":["Toxic Egg 2"],"gold_loss":0},{"damage_healed":25,"gold_gain":0,"player_choice":"Heal","damage_taken":0,"max_hp_gain":0,"max_hp_loss":0,"event_name":"The Library","floor":29,"gold_loss":0},{"damage_healed":0,"gold_gain":0,"player_choice":"POTION ","damage_taken":14,"max_hp_gain":0,"max_hp_loss":0,"event_name":"Knowing Skull","floor":30,"potions_obtained":["SpeedPotion"],"gold_loss":0,"cards_obtained":[]}],"is_beta":false,"boss_relics":[{"not_picked":["Calling Bell","Philosopher\u0027s Stone"],"picked":"Nuclear Battery"}],"items_purged_floors":[3],"is_endless":false,"potions_floor_spawned":[4,7,10,16,21,28],"killed_by":"Gremlin Leader","ascension_level":1}