{"gold_per_floor":[113,113,133,133,58,58,93,103,103,115,129,29,29,49,49,49],"floor_reached":16,"playtime":1110,"items_purged":["Defend_G","Strike_G"],"score":102,"play_id":"4148fcc3-5a24-4260-a2c3-043d5e375ebd","local_time":"20180816212914","is_ascension_mode":false,"campfire_choices":[{"data":"Survivor","floor":6,"key":"SMITH"},{"data":"Dagger Throw","floor":15,"key":"SMITH"}],"neow_cost":"","seed_source_timestamp":64848670219072,"circlet_count":0,"master_deck":["Defend_G","Defend_G","Defend_G","Strike_G","Strike_G","Strike_G","Strike_G","Survivor+1","Neutralize+1","Expertise","Prepared","Dagger Throw+1"],"relics":["Ring of the Snake","Ornamental Fan","Pantograph"],"potions_floor_usage":[16],"damage_taken":[{"damage":2,"enemies":"Small Slimes","floor":1,"turns":4},{"damage":0,"enemies":"2 Louse","floor":3,"turns":2},{"damage":30,"enemies":"Gremlin Nob","floor":7,"turns":6},{"damage":0,"enemies":"Cultist","floor":8,"turns":4},{"damage":5,"enemies":"Blue Slaver","floor":10,"turns":5},{"damage":0,"enemies":"2 Fungi Beasts","floor":11,"turns":3},{"damage":7,"enemies":"Lots of Slimes","floor":14,"turns":5},{"damage":56,"enemies":"The Guardian","floor":16,"turns":17}],"seed_played":"34655966142414667","potions_obtained":[{"floor":7,"key":"Weak Potion"},{"floor":10,"key":"Block Potion"},{"floor":11,"key":"PowerPotion"}],"is_trial":false,"path_per_floor":["M","?","M","?","$","R","E","M","T","M","M","$","?","M","R"],"character_chosen":"THE_SILENT","items_purchased":[],"campfire_rested":0,"item_purchase_floors":[],"current_hp_per_floor":[68,61,61,61,61,61,31,31,31,26,26,26,26,19,19,0],"gold":49,"neow_bonus":"","is_prod":false,"is_daily":false,"chose_seed":false,"campfire_upgraded":2,"win_rate":0,"timestamp":1534469354,"path_taken":["M","?","M","?","$","R","E","M","T","M","M","?","?","?","R","BOSS"],"build_version":"2018-08-09","purchased_purges":2,"victory":false,"max_hp_per_floor":[70,70,70,70,70,70,70,70,70,70,70,70,70,70,70,70],"card_choices":[{"not_picked":["Sucker Punch","Blade Dance","PiercingWail"],"picked":"SKIP","floor":1},{"not_picked":["Leg Sweep","Bane","Choke"],"picked":"SKIP","floor":3},{"not_picked":["Outmaneuver","Slice"],"picked":"Expertise","floor":7},{"not_picked":["Blur","Riddle With Holes","Outmaneuver"],"picked":"SKIP","floor":8},{"not_picked":["Predator","Riddle With Holes"],"picked":"Prepared","floor":10},{"not_picked":["Skewer","Blade Dance"],"picked":"Dagger Throw","floor":11},{"not_picked":["Noxious Fumes","Flying Knee","Leg Sweep"],"picked":"SKIP","floor":14}],"player_experience":57484,"relics_obtained":[{"floor":7,"key":"Ornamental Fan"},{"floor":9,"key":"Pantograph"}],"event_choices":[{"event_name":"Golden Wing","player_choice":"Card Removal","floor":2,"damage_taken":0},{"event_name":"Accursed Blacksmith","player_choice":"Forge","floor":4,"damage_taken":0},{"event_name":"The Cleric","player_choice":"Leave","floor":13,"damage_taken":0}],"is_beta":false,"boss_relics":[],"items_purged_floors":[5,12],"is_endless":false,"potions_floor_spawned":[7,10,11,14],"killed_by":"The Guardian","ascension_level":0}