{"gold_per_floor":[111,59,71,19,29,64,64,74,74,101,101,101,133,143,143,247,247,261,261,45,65,78,78],"floor_reached":23,"playtime":1972,"items_purged":[],"score":274,"play_id":"28908c15-91fa-4759-883d-ef88d7ab94b8","local_time":"20190307213240","is_ascension_mode":true,"campfire_choices":[{"data":"Leg Sweep","floor":7,"key":"SMITH"},{"data":"Neutralize","floor":11,"key":"SMITH"},{"floor":15,"key":"REST"}],"neow_cost":"NONE","seed_source_timestamp":21251275018893,"circlet_count":0,"master_deck":["Defend_G+1","Defend_G","Defend_G+1","Defend_G","Defend_G","Strike_G","Strike_G","Strike_G","Strike_G","Strike_G","Survivor","Neutralize+1","Unload","Leg Sweep+1","Heel Hook","Infinite Blades","Cloak And Dagger+1","Deadly Poison+1","Adrenaline+1","Footwork+1","Footwork+1","Apotheosis+1","Backflip+1","Well Laid Plans"],"relics":["Ring of the Snake","Ninja Scroll","Meat on the Bone","Toxic Egg 2","War Paint","Smiling Mask","Black Star"],"potions_floor_usage":[6,6,10,10,13,18],"damage_taken":[{"damage":0,"enemies":"Cultist","floor":1,"turns":4},{"damage":0,"enemies":"2 Louse","floor":3,"turns":3},{"damage":1,"enemies":"Jaw Worm","floor":5,"turns":4},{"damage":21,"enemies":"Lagavulin","floor":6,"turns":6},{"damage":0,"enemies":"Exordium Wildlife","floor":8,"turns":3},{"damage":10,"enemies":"3 Sentries","floor":10,"turns":6},{"damage":20,"enemies":"Lagavulin","floor":13,"turns":7},{"damage":3,"enemies":"Looter","floor":14,"turns":2},{"damage":32,"enemies":"Hexaghost","floor":16,"turns":10},{"damage":4,"enemies":"Spheric Guardian","floor":18,"turns":5},{"damage":3,"enemies":"3 Byrds","floor":21,"turns":6},{"damage":13,"enemies":"Sentry and Sphere","floor":22,"turns":9},{"damage":51,"enemies":"Gremlin Leader","floor":23,"turns":7}],"seed_played":"-3718224690959320828","potions_obtained":[{"floor":3,"key":"SkillPotion"},{"floor":8,"key":"Strength Potion"},{"floor":10,"key":"Regen Potion"},{"floor":16,"key":"Swift Potion"}],"is_trial":false,"path_per_floor":["M","$","M","$","M","E","R","M","T","E","R","T","E","M","R","B",null,"M","?","$","M","M","E"],"character_chosen":"THE_SILENT","items_purchased":["Block Potion","Explosive Potion","Apotheosis+1","Backflip+1"],"campfire_rested":1,"item_purchase_floors":[2,4,20,20],"current_hp_per_floor":[63,63,63,63,62,41,41,41,41,43,43,43,38,47,68,36,62,58,58,58,55,42,0],"gold":78,"neow_bonus":"ONE_RANDOM_RARE_CARD","is_prod":false,"is_daily":false,"chose_seed":false,"campfire_upgraded":2,"win_rate":0,"timestamp":1552015960,"path_taken":["M","$","?","?","?","E","R","M","T","E","R","?","E","M","R","BOSS","M","?","$","M","?","E"],"build_version":"2019-01-23","purchased_purges":0,"victory":false,"max_hp_per_floor":[70,70,70,70,70,70,70,70,70,70,70,70,70,70,70,70,70,70,70,70,70,70,70],"card_choices":[{"not_picked":["Deflect","Backflip"],"picked":"Leg Sweep","floor":1},{"not_picked":["Choke","Underhanded Strike","Sucker Punch"],"picked":"SKIP","floor":3},{"not_picked":["Poisoned Stab","Dagger Throw"],"picked":"Heel Hook","floor":5},{"not_picked":["Catalyst","Slice","Leg Sweep"],"picked":"SKIP","floor":6},{"not_picked":["Slice","Bane"],"picked":"Infinite Blades","floor":8},{"not_picked":["Crippling Poison","Dash"],"picked":"Cloak And Dagger","floor":10},{"not_picked":["Setup+1","Grand Finale","Outmaneuver+1"],"picked":"SKIP","floor":13},{"not_picked":["Skewer","Well Laid Plans"],"picked":"Deadly Poison+1","floor":14},{"not_picked":["Grand Finale","Unload"],"picked":"Adrenaline+1","floor":16},{"not_picked":["Concentrate+1","Flying Knee"],"picked":"Footwork+1","floor":18},{"not_picked":["Dagger Throw","Flying Knee"],"picked":"Well Laid Plans","floor":21},{"not_picked":["Sucker Punch+1","Slice+1","Bane"],"picked":"SKIP","floor":22}],"player_experience":276221,"relics_obtained":[{"floor":6,"key":"Ninja Scroll"},{"floor":9,"key":"Meat on the Bone"},{"floor":10,"key":"Toxic Egg 2"},{"floor":12,"key":"War Paint"},{"floor":13,"key":"Smiling Mask"}],"event_choices":[{"damage_healed":0,"gold_gain":0,"player_choice":"Copied","damage_taken":0,"max_hp_gain":0,"max_hp_loss":0,"event_name":"Duplicator","floor":19,"gold_loss":0,"cards_obtained":["Footwork"]}],"is_beta":false,"boss_relics":[{"not_picked":["Lizard Tail","Eternal Feather"],"picked":"Black Star"}],"items_purged_floors":[],"is_endless":false,"potions_floor_spawned":[3,8,10,16],"killed_by":"Gremlin Leader","ascension_level":6}