{"gold_per_floor":[119,135,135,146,165,165,90,90,160,20,34,48,78,94,94,194,194,205,80,80,80,94,94,114,180,206,219,219],"floor_reached":28,"playtime":1323,"items_purged":["Strike_B","Compile Driver"],"score":224,"play_id":"a1be919a-00fd-454d-b2f9-f2e1a6fa9a96","local_time":"20190303142414","is_ascension_mode":false,"campfire_choices":[{"data":"Gash","floor":6,"key":"SMITH"},{"data":"Zap","floor":8,"key":"SMITH"},{"data":"Seek","floor":15,"key":"SMITH"},{"data":"Dualcast","floor":23,"key":"SMITH"}],"neow_cost":"NONE","seed_source_timestamp":90888677538854,"circlet_count":0,"master_deck":["Zap+1","Dualcast+1","Gash+1","Go for the Eyes","All For One","Seek+1","Gash","Glacier","Creative AI","Beam Cell","FTL","Double Energy","Lockon","Capacitor","Buffer","Auto Shields+1","Gash"],"relics":["Cracked Core","NeowsBlessing","Bottled Flame","Art of War","Pandora\u0027s Box","SsserpentHead","PreservedInsect"],"potions_floor_usage":[5,12,13,14,22,22,25,28],"damage_taken":[{"damage":0,"enemies":"2 Louse","floor":1,"turns":1},{"damage":0,"enemies":"Cultist","floor":2,"turns":1},{"damage":0,"enemies":"Jaw Worm","floor":4,"turns":1},{"damage":0,"enemies":"Red Slaver","floor":5,"turns":3},{"damage":1,"enemies":"2 Fungi Beasts","floor":11,"turns":2},{"damage":0,"enemies":"Blue Slaver","floor":12,"turns":2},{"damage":7,"enemies":"Lagavulin","floor":13,"turns":5},{"damage":0,"enemies":"Lots of Slimes","floor":14,"turns":4},{"damage":21,"enemies":"The Guardian","floor":16,"turns":8},{"damage":5,"enemies":"Chosen","floor":18,"turns":4},{"damage":0,"enemies":"3 Byrds","floor":22,"turns":4},{"damage":36,"enemies":"Sentry and Sphere","floor":24,"turns":4},{"damage":17,"enemies":"3 Cultists","floor":25,"turns":4},{"damage":0,"enemies":"Centurion and Healer","floor":27,"turns":4},{"damage":21,"enemies":"Snake Plant","floor":28,"turns":1}],"seed_played":"-456115989683443451","potions_obtained":[{"floor":2,"key":"Dexterity Potion"},{"floor":3,"key":"Weak Potion"},{"floor":3,"key":"Explosive Potion"},{"floor":3,"key":"PowerPotion"},{"floor":13,"key":"EssenceOfSteel"},{"floor":16,"key":"PowerPotion"},{"floor":18,"key":"Energy Potion"},{"floor":24,"key":"EssenceOfSteel"},{"floor":27,"key":"Strength Potion"}],"is_trial":false,"path_per_floor":["M","M","?","M","M","R","$","R","T","$","M","M","E","M","R","B",null,"M","$","?","$","M","R","M","M","T","M","M"],"character_chosen":"DEFECT","items_purchased":["All For One","Gash"],"campfire_rested":0,"item_purchase_floors":[10,19],"current_hp_per_floor":[75,75,75,75,75,75,75,75,75,75,74,74,67,67,67,46,75,70,70,70,70,70,70,34,17,17,17,0],"gold":219,"neow_bonus":"THREE_ENEMY_KILL","is_prod":false,"is_daily":false,"chose_seed":false,"campfire_upgraded":4,"win_rate":0,"timestamp":1551651854,"path_taken":["M","M","?","?","M","R","?","R","T","$","?","M","E","?","R","BOSS","M","$","?","$","M","R","M","?","T","M","M"],"build_version":"2019-01-23","purchased_purges":2,"victory":false,"max_hp_per_floor":[75,75,75,75,75,75,75,75,75,75,75,75,75,75,75,75,75,75,75,75,75,75,75,75,75,75,75,75],"card_choices":[{"not_picked":["Rebound","Rip and Tear"],"picked":"Gash","floor":1},{"not_picked":["Leap","Defragment"],"picked":"Go for the Eyes","floor":2},{"not_picked":["Barrage","White Noise","Go for the Eyes"],"picked":"SKIP","floor":4},{"not_picked":["Barrage","Sweeping Beam","Rebound"],"picked":"SKIP","floor":5},{"not_picked":["Compile Driver","Cold Snap"],"picked":"Seek","floor":11},{"not_picked":["Leap","Cold Snap"],"picked":"Gash","floor":12},{"not_picked":["Stack","Cold Snap"],"picked":"Glacier","floor":13},{"not_picked":["Melter","Auto Shields","Redo"],"picked":"SKIP","floor":14},{"not_picked":["Machine Learning","Amplify"],"picked":"Creative AI","floor":16},{"not_picked":["Turbo","Ball Lightning"],"picked":"Auto Shields+1","floor":18},{"not_picked":["Redo","Tempest","Rebound"],"picked":"SKIP","floor":22},{"not_picked":["White Noise","Fusion","Loop"],"picked":"SKIP","floor":24},{"not_picked":["Beam Cell","Skim","Machine Learning"],"picked":"SKIP","floor":25},{"not_picked":["Defragment+1","Conserve Battery+1","Capacitor"],"picked":"SKIP","floor":27}],"player_experience":265061,"relics_obtained":[{"floor":9,"key":"Bottled Flame"},{"floor":13,"key":"Art of War"},{"floor":26,"key":"PreservedInsect"}],"event_choices":[{"damage_healed":0,"gold_gain":0,"player_choice":"Got Potions","damage_taken":0,"max_hp_gain":0,"max_hp_loss":0,"event_name":"Lab","floor":3,"gold_loss":0},{"damage_healed":0,"gold_gain":0,"player_choice":"Trade","damage_taken":0,"relics_obtained":["SsserpentHead"],"max_hp_gain":0,"max_hp_loss":0,"event_name":"FaceTrader","floor":20,"gold_loss":0}],"is_beta":false,"boss_relics":[{"not_picked":["Busted Crown","Tiny House"],"picked":"Pandora\u0027s Box"}],"items_purged_floors":[7,19],"is_endless":false,"potions_floor_spawned":[2,4,13,16,18,24,27],"killed_by":"Snake Plant","ascension_level":0}