{"gold_per_floor":[114,114,114,114,133,133,58,92,117,129,129,129,154,207,207,207],"floor_reached":16,"playtime":580,"items_purged":["Strike_B"],"score":122,"play_id":"e28212d0-6a0b-4d69-953e-b3a973105f21","local_time":"20180916122318","is_ascension_mode":true,"campfire_choices":[{"data":"Defragment","floor":6,"key":"SMITH"},{"data":"Defragment","floor":12,"key":"SMITH"},{"data":"Loop","floor":15,"key":"SMITH"}],"neow_cost":"CURSE","seed_source_timestamp":151819556868923,"circlet_count":0,"master_deck":["Strike_B","Strike_B","Strike_B","Defend_B","Defend_B","Defend_B","Defend_B","Zap","Dualcast","Double Energy","Defragment+1","Defragment+1","Loop+1","Injury","Steam"],"relics":["Cracked Core","Calipers","Anchor","Spirit Poop","Lantern","Juzu Bracelet","Golden Idol","Bronze Scales"],"potions_floor_usage":[],"damage_taken":[{"damage":11,"enemies":"Small Slimes","floor":1,"turns":3},{"damage":0,"enemies":"Jaw Worm","floor":5,"turns":3},{"damage":20,"enemies":"Lagavulin","floor":8,"turns":7},{"damage":1,"enemies":"Cultist","floor":10,"turns":3},{"damage":7,"enemies":"3 Louse","floor":13,"turns":3},{"damage":34,"enemies":"The Guardian","floor":16,"turns":8}],"seed_played":"7750314475489110635","potions_obtained":[{"floor":8,"key":"FearPotion"},{"floor":13,"key":"SteroidPotion"}],"is_trial":false,"path_per_floor":["M","?","?","?","M","R","$","E","T","M","?","R","M","T","R"],"character_chosen":"DEFECT","items_purchased":[],"campfire_rested":0,"item_purchase_floors":[],"current_hp_per_floor":[64,57,62,62,62,62,62,42,42,41,41,41,34,34,34,0],"gold":207,"neow_bonus":"ONE_RARE_RELIC","is_prod":false,"is_daily":false,"chose_seed":false,"campfire_upgraded":3,"win_rate":0,"timestamp":1537114998,"path_taken":["M","?","?","?","M","R","$","E","T","M","?","R","M","?","R","BOSS"],"build_version":"2018-09-06","purchased_purges":1,"victory":false,"max_hp_per_floor":[75,75,80,80,80,80,80,80,80,80,80,80,80,80,80,80],"card_choices":[{"not_picked":["Rebound","Skim"],"picked":"Double Energy","floor":1},{"not_picked":["Reinforced Body","Beam Cell"],"picked":"Defragment","floor":5},{"not_picked":["Steam","Streamline"],"picked":"Defragment","floor":8},{"not_picked":["Redo","Leap"],"picked":"Loop","floor":10},{"not_picked":["Beam Cell","Compile Driver"],"picked":"Steam","floor":13}],"player_experience":188718,"relics_obtained":[{"floor":8,"key":"Lantern"},{"floor":9,"key":"Juzu Bracelet"},{"floor":14,"key":"Bronze Scales"}],"event_choices":[{"event_name":"Scrap Ooze","player_choice":"success","floor":2,"damage_taken":7},{"event_name":"Big Fish","player_choice":"Donut","floor":3,"damage_taken":0},{"event_name":"Bonfire Elementals","player_choice":"CURSE","floor":4,"damage_taken":0},{"event_name":"Golden Idol","player_choice":"Take Wound","floor":11,"damage_taken":0}],"is_beta":false,"boss_relics":[],"items_purged_floors":[7],"is_endless":false,"potions_floor_spawned":[8,13],"killed_by":"The Guardian","ascension_level":5}