{"gold_per_floor":[112,37,37,54,0,0,26,26,51,64,64,74,74,99,99,99],"floor_reached":16,"playtime":387,"items_purged":[],"score":216,"play_id":"de183ab1-85a0-4f61-9bdf-d7a2257d3762","local_time":"20181115213510","is_ascension_mode":true,"campfire_choices":[{"data":"Bash","floor":6.0,"key":"SMITH"},{"floor":11,"key":"REST"},{"floor":13,"key":"REST"},{"floor":15,"key":"REST"}],"neow_cost":"NONE","seed_source_timestamp":137625356691324,"circlet_count":0,"master_deck":["AscendersBane","Strike_R","Strike_R","Strike_R","Defend_R+1","Defend_R","Defend_R","Bash+1","Offering+1","Sever Soul","Barricade"],"special_seed":0,"relics":["Burning Blood","Boot","War Paint","Red Skull"],"potions_floor_usage":[7,14,16],"damage_taken":[{"damage":8.0,"enemies":"2 Louse","floor":1.0,"turns":3.0},{"damage":12.0,"enemies":"Jaw Worm","floor":4.0,"turns":2.0},{"damage":36,"enemies":"3 Sentries","floor":7,"turns":8},{"damage":6,"enemies":"Cultist","floor":10,"turns":2},{"damage":24,"enemies":"Exordium Thugs","floor":12,"turns":4},{"damage":38,"enemies":"Lagavulin","floor":14,"turns":4},{"damage":56,"enemies":"Hexaghost","floor":16,"turns":9}],"seed_played":"4115605599869700371","potions_obtained":[{"floor":7,"key":"Fire Potion"},{"floor":10,"key":"EssenceOfSteel"},{"floor":12,"key":"Regen Potion"}],"is_trial":false,"path_per_floor":["M","?","?","M","$","R","E","?","T","M","R","M","R","E","R","B"],"character_chosen":"IRONCLAD","items_purchased":["Fire Potion"],"campfire_rested":3,"item_purchase_floors":[5],"current_hp_per_floor":[66,66,59,53,53,53,23,23,23,23,45,27,49,29,51,0],"gold":99,"neow_bonus":"ONE_RANDOM_RARE_CARD","is_prod":false,"is_daily":false,"chose_seed":false,"campfire_upgraded":1,"win_rate":0,"timestamp":1542346510,"path_taken":["M","?","?","M","?","R","E","?","T","M","R","M","R","E","R","BOSS"],"build_version":"2018-11-15","purchased_purges":0,"victory":false,"max_hp_per_floor":[75,75,75,75,75,75,75,75,75,75,75,75,75,75,75,75],"card_choices":[{"not_picked":["Clothesline","Power Through","Body Slam"],"picked":"SKIP","floor":1.0},{"not_picked":["Twin Strike","Clothesline","Wild Strike"],"picked":"SKIP","floor":4.0},{"not_picked":["Clothesline","True Grit","Sever Soul"],"picked":"SKIP","floor":7},{"not_picked":["Bloodletting","Flex","Heavy Blade"],"picked":"SKIP","floor":10},{"not_picked":["Pommel Strike","Havoc","Heavy Blade"],"picked":"SKIP","floor":12},{"not_picked":["Clothesline","Hemokinesis"],"picked":"Barricade","floor":14}],"player_experience":644301,"relics_obtained":[{"floor":7,"key":"Boot"},{"floor":9,"key":"War Paint"},{"floor":14,"key":"Red Skull"}],"event_choices":[{"cards_removed":["Strike_R"],"damage_healed":0.0,"max_hp_gain":0.0,"max_hp_loss":0.0,"gold_gain":0.0,"event_name":"The Cleric","player_choice":"Card Removal","floor":2.0,"gold_loss":75.0,"damage_taken":0.0},{"cards_removed":["Defend_R"],"damage_healed":0.0,"max_hp_gain":0.0,"max_hp_loss":0.0,"gold_gain":0.0,"event_name":"Golden Wing","player_choice":"Card Removal","floor":3.0,"gold_loss":0.0,"damage_taken":7.0},{"damage_healed":0,"gold_gain":0,"cards_transformed":["Strike_R"],"player_choice":"Change","damage_taken":0,"max_hp_gain":0,"max_hp_loss":0,"event_name":"Living Wall","floor":8,"gold_loss":0,"cards_obtained":["Sever Soul"]}],"is_beta":false,"boss_relics":[],"items_purged_floors":[],"is_endless":false,"potions_floor_spawned":[7,10,12],"killed_by":"Hexaghost","ascension_level":20}