{"gold_per_floor":[209,1,1,1,21,21,41,68,68,68,94,19,19,31,31,130,130,146,46,57,57,57,57,91,103,103,116,116,116,147,164,164,267,267,282,157,157,168,268,268,300,300,326,338,348,153,153,170,170,170],"floor_reached":51,"playtime":3026,"items_purged":["Defend_G","Strike_G","Defend_G","Bite"],"score":732,"play_id":"0f5f1793-6c45-4240-bc20-222d1772da60","local_time":"20190106200926","is_ascension_mode":true,"campfire_choices":[{"floor":6.0,"key":"REST"},{"data":"Backflip","floor":10.0,"key":"SMITH"},{"data":"Dagger Spray","floor":15.0,"key":"SMITH"},{"floor":23.0,"key":"REST"},{"data":"Poisoned Stab","floor":29.0,"key":"SMITH"},{"data":"Defend_G","floor":32.0,"key":"PURGE"},{"data":"Envenom","floor":40,"key":"SMITH"},{"data":"Envenom","floor":42,"key":"SMITH"},{"floor":49,"key":"REST"}],"neow_cost":"NONE","seed_source_timestamp":0,"circlet_count":0,"master_deck":["Defend_G","Survivor+1","Neutralize","Dagger Spray+1","Crippling Poison","Backflip+1","Crippling Poison","Poisoned Stab+1","Outmaneuver","Night Terror","Crippling Poison+1","A Thousand Cuts+1","Leg Sweep+1","Poisoned Stab","Bite","Bite","Bite","Blur+1","Envenom+1","Envenom+1","Bane","Dark Shackles"],"special_seed":0,"relics":["Ring of the Snake","TwistedFunnel","Ninja Scroll","Orichalcum","Astrolabe","Pear","Gremlin Horn","Peace Pipe","Busted Crown","Tingsha","Tough Bandages","Smiling Mask","Snake Skull"],"potions_floor_usage":[33,33,41,50,50,50],"damage_taken":[{"damage":5.0,"enemies":"Cultist","floor":1.0,"turns":5.0},{"damage":0.0,"enemies":"Small Slimes","floor":5.0,"turns":2.0},{"damage":3.0,"enemies":"Jaw Worm","floor":7.0,"turns":4.0},{"damage":9.0,"enemies":"3 Sentries","floor":8.0,"turns":7.0},{"damage":8.0,"enemies":"Lagavulin","floor":11.0,"turns":5.0},{"damage":0.0,"enemies":"Blue Slaver","floor":14.0,"turns":2.0},{"damage":15.0,"enemies":"Hexaghost","floor":16.0,"turns":9.0},{"damage":9.0,"enemies":"Spheric Guardian","floor":18.0,"turns":4.0},{"damage":9.0,"enemies":"2 Thieves","floor":20.0,"turns":3.0},{"damage":23.0,"enemies":"Book of Stabbing","floor":24.0,"turns":6.0},{"damage":8.0,"enemies":"Centurion and Healer","floor":25.0,"turns":5.0},{"damage":2.0,"enemies":"Shelled Parasite and Fungi","floor":27.0,"turns":3.0},{"damage":13.0,"enemies":"Gremlin Leader","floor":30.0,"turns":6.0},{"damage":5.0,"enemies":"Snecko","floor":31.0,"turns":4.0},{"damage":67,"enemies":"Champ","floor":33,"turns":12},{"damage":9,"enemies":"3 Darklings","floor":35,"turns":4},{"damage":10,"enemies":"Orb Walker","floor":38,"turns":4},{"damage":2,"enemies":"Mind Bloom Boss Battle","floor":39,"turns":6},{"damage":10,"enemies":"Reptomancer","floor":41,"turns":6},{"damage":0,"enemies":"Maw","floor":44,"turns":6},{"damage":30,"enemies":"Writhing Mass","floor":45,"turns":6},{"damage":0,"enemies":"4 Shapes","floor":48,"turns":4},{"damage":78,"enemies":"Awakened One","floor":50,"turns":14}],"seed_played":"-727034598089639893","potions_obtained":[{"floor":1.0,"key":"Strength Potion"},{"floor":7.0,"key":"GamblersBrew"},{"floor":8.0,"key":"SkillPotion"},{"floor":14.0,"key":"SpeedPotion"},{"floor":25.0,"key":"Poison Potion"},{"floor":30.0,"key":"Poison Potion"},{"floor":31.0,"key":"SteroidPotion"},{"floor":39,"key":"Block Potion"},{"floor":41,"key":"SkillPotion"},{"floor":45,"key":"SkillPotion"}],"is_trial":false,"path_per_floor":["M","$","?","?","M","R","M","E","T","R","E","$","$","M","R","B",null,"M","$","M","?","?","R","E","M","T","M","?","R","E","M","R","B",null,"M","$","?","M","?","R","E","R","T","M","M","$","?","M","R","B",null],"character_chosen":"THE_SILENT","items_purchased":["TwistedFunnel","Snake Skull"],"campfire_rested":3,"item_purchase_floors":[2,46],"current_hp_per_floor":[65,65,51,51,51,70,67,58,58,58,52,52,52,54,54,41,70,61,61,54,54,54,70,67,65,65,69,69,69,66,63,63,8,80,77,77,80,70,78,78,72,72,72,80,55,55,55,57,80,20],"gold":170,"neow_bonus":"HUNDRED_GOLD","is_prod":false,"is_daily":false,"chose_seed":false,"campfire_upgraded":5,"win_rate":0,"timestamp":1546823366,"path_taken":["M","$","?","?","M","R","M","E","T","R","E","?","$","M","R","BOSS","M","$","M","?","?","R","E","?","T","M","?","R","E","M","R","BOSS","M","$","?","?","?","R","E","R","T","M","M","$","?","M","R","BOSS"],"build_version":"2019-01-03v4","purchased_purges":4,"victory":true,"max_hp_per_floor":[70,70,70,70,70,70,70,70,70,70,70,70,70,70,70,70,70,70,70,70,70,70,70,80,80,80,80,80,80,80,80,80,80,80,80,80,80,80,80,80,80,80,80,80,80,80,80,80,80,80],"card_choices":[{"not_picked":["Flechettes","Backflip"],"picked":"Dagger Spray","floor":1.0},{"not_picked":["Reflex","Escape Plan"],"picked":"Crippling Poison","floor":5.0},{"not_picked":["Sucker Punch","Outmaneuver"],"picked":"Backflip","floor":7.0},{"not_picked":["Outmaneuver","Reflex"],"picked":"Crippling Poison","floor":8.0},{"not_picked":["Sucker Punch","Riddle With Holes"],"picked":"Poisoned Stab","floor":11.0},{"not_picked":["Dagger Spray","Blur"],"picked":"Outmaneuver","floor":14.0},{"not_picked":["Burst","After Image"],"picked":"Night Terror","floor":16.0},{"not_picked":["Underhanded Strike","Outmaneuver","Dagger Spray+1"],"picked":"SKIP","floor":18.0},{"not_picked":["Dodge and Roll+1","Quick Slash"],"picked":"Poisoned Stab","floor":20.0},{"not_picked":["Deflect","Expertise","Glass Knife"],"picked":"SKIP","floor":24.0},{"not_picked":["PiercingWail","Predator"],"picked":"Blur+1","floor":25.0},{"not_picked":["Dagger Throw","Choke","Endless Agony+1"],"picked":"SKIP","floor":27.0},{"not_picked":["PiercingWail+1","Prepared+1"],"picked":"Envenom","floor":30.0},{"not_picked":["Blade Dance","Deflect","Quick Slash+1"],"picked":"SKIP","floor":31.0},{"not_picked":["Glass Knife","Phantasmal Killer"],"picked":"Envenom","floor":33},{"not_picked":[],"picked":"Bane","floor":35},{"not_picked":["Prepared+1"],"picked":"SKIP","floor":38},{"not_picked":["Caltrops+1"],"picked":"SKIP","floor":41},{"not_picked":["Calculated Gamble+1"],"picked":"SKIP","floor":44},{"not_picked":["Crippling Poison"],"picked":"SKIP","floor":45},{"not_picked":[],"picked":"Dark Shackles","floor":47},{"not_picked":["Flechettes+1"],"picked":"SKIP","floor":48}],"player_experience":20097,"relics_obtained":[{"floor":8.0,"key":"Blood Vial"},{"floor":9.0,"key":"Ninja Scroll"},{"floor":11.0,"key":"Orichalcum"},{"floor":24.0,"key":"Pear"},{"floor":26.0,"key":"Gremlin Horn"},{"floor":30.0,"key":"Peace Pipe"},{"floor":39,"key":"Tingsha"},{"floor":41,"key":"Tough Bandages"},{"floor":43,"key":"Smiling Mask"}],"event_choices":[{"damage_healed":0.0,"max_hp_gain":0.0,"max_hp_loss":0.0,"gold_gain":0.0,"event_name":"Shining Light","player_choice":"Entered Light","floor":3.0,"gold_loss":0.0,"damage_taken":14.0,"cards_upgraded":["Survivor","Strike_G"]},{"damage_healed":0.0,"max_hp_gain":0.0,"max_hp_loss":0.0,"gold_gain":0.0,"event_name":"Golden Idol","player_choice":"Ignored","floor":4.0,"gold_loss":0.0,"damage_taken":0.0},{"damage_healed":0.0,"max_hp_gain":0.0,"max_hp_loss":0.0,"gold_gain":0.0,"event_name":"Vampires","player_choice":"Became a vampire (Vial)","floor":21.0,"relics_lost":["Blood Vial"],"gold_loss":0.0,"damage_taken":0.0,"cards_obtained":["Bite","Bite","Bite","Bite","Bite"]},{"damage_healed":0.0,"max_hp_gain":0.0,"max_hp_loss":0.0,"gold_gain":0.0,"event_name":"The Woman in Blue","player_choice":"Bought 0 Potions","floor":22.0,"gold_loss":0.0,"damage_taken":0.0},{"damage_healed":0.0,"max_hp_gain":0.0,"max_hp_loss":0.0,"gold_gain":0.0,"event_name":"Ghosts","player_choice":"Ignored","floor":28.0,"gold_loss":0.0,"damage_taken":0.0},{"cards_removed":["Bite"],"damage_healed":5,"gold_gain":0,"player_choice":"Offered Special","damage_taken":0,"max_hp_gain":0,"max_hp_loss":0,"event_name":"Bonfire Elementals","floor":37,"gold_loss":0},{"damage_healed":0,"gold_gain":0,"player_choice":"Fight","damage_taken":0,"max_hp_gain":0,"max_hp_loss":0,"event_name":"MindBloom","floor":39,"gold_loss":0},{"damage_healed":0,"gold_gain":0,"player_choice":"Memory 1","damage_taken":0,"max_hp_gain":0,"max_hp_loss":0,"event_name":"SensoryStone","floor":47,"gold_loss":0}],"is_beta":false,"boss_relics":[{"not_picked":["Empty Cage","HoveringKite"],"picked":"Astrolabe"},{"not_picked":["Cursed Key","WristBlade"],"picked":"Busted Crown"}],"items_purged_floors":[12,19,36,46],"is_endless":false,"potions_floor_spawned":[1,7,8,14,25,30,31,39,41,45],"ascension_level":1}