{"gold_per_floor":[110,87,105,119,132,132,163,163,163,113,129,6,6,18,18,113,163,176,176,189,202,103,103,117,117,117,149,167,200,200,200,200,301,301,315,315,331,341,88,88,188,203,203,203,218,232,232,245,245,245],"floor_reached":50,"playtime":1877,"items_purged":["Bash","Defend_R","Defend_R"],"score":536,"play_id":"c3a5d07a-6695-4677-8b76-418fe88c46ff","local_time":"20190226092142","is_ascension_mode":false,"campfire_choices":[{"data":"Perfected Strike","floor":6.0,"key":"SMITH"},{"data":"Perfected Strike","floor":13.0,"key":"SMITH"},{"data":"Seeing Red","floor":15.0,"key":"SMITH"},{"data":"Double Tap","floor":23.0,"key":"SMITH"},{"data":"Flame Barrier","floor":25.0,"key":"SMITH"},{"data":"Defend_R","floor":32.0,"key":"SMITH"},{"data":"Double Tap","floor":40,"key":"SMITH"},{"floor":44,"key":"REST"},{"data":"Pommel Strike","floor":47,"key":"SMITH"},{"data":"Entrench","floor":49,"key":"SMITH"}],"neow_cost":"NONE","seed_source_timestamp":1167853562022945,"circlet_count":0,"master_deck":["Strike_R","Strike_R","Strike_R","Strike_R","Strike_R","Defend_R+1","Defend_R+1","Perfected Strike+1","Perfected Strike+1","Flame Barrier+1","Perfected Strike+1","Seeing Red+1","Double Tap+1","Clash","Wild Strike+1","Pommel Strike+1","Wild Strike","Pommel Strike+1","Double Tap+1","Seeing Red+1","Sentinel","Entrench+1","Parasite"],"special_seed":0,"relics":["Burning Blood","Smiling Mask","Pen Nib","Tiny House","Kunai","The Courier","Bag of Marbles","Empty Cage","Orichalcum","Pocketwatch","Singing Bowl"],"potions_floor_usage":[33,41,41,46,48,50,50],"damage_taken":[{"damage":9.0,"enemies":"2 Louse","floor":1.0,"turns":4.0},{"damage":1.0,"enemies":"Cultist","floor":3.0,"turns":3.0},{"damage":6.0,"enemies":"Jaw Worm","floor":4.0,"turns":3.0},{"damage":12.0,"enemies":"Gremlin Gang","floor":5.0,"turns":5.0},{"damage":14.0,"enemies":"Gremlin Nob","floor":7.0,"turns":3.0},{"damage":8.0,"enemies":"3 Louse","floor":11.0,"turns":3.0},{"damage":12.0,"enemies":"Blue Slaver","floor":14.0,"turns":2.0},{"damage":36.0,"enemies":"Hexaghost","floor":16.0,"turns":8.0},{"damage":10.0,"enemies":"2 Thieves","floor":18.0,"turns":3.0},{"damage":7.0,"enemies":"Shell Parasite","floor":20.0,"turns":3.0},{"damage":21.0,"enemies":"Shelled Parasite and Fungi","floor":21.0,"turns":4.0},{"damage":15.0,"enemies":"Snecko","floor":24.0,"turns":3.0},{"damage":18.0,"enemies":"Book of Stabbing","floor":27.0,"turns":3.0},{"damage":0.0,"enemies":"Snake Plant","floor":28.0,"turns":1.0},{"damage":15.0,"enemies":"Slavers","floor":29.0,"turns":4.0},{"damage":72,"enemies":"Collector","floor":33,"turns":6},{"damage":7,"enemies":"Orb Walker","floor":35,"turns":2},{"damage":9,"enemies":"3 Shapes","floor":37,"turns":4},{"damage":5,"enemies":"Jaw Worm Horde","floor":38,"turns":3},{"damage":30,"enemies":"Mind Bloom Boss Battle","floor":41,"turns":5},{"damage":20,"enemies":"Spire Growth","floor":42,"turns":3},{"damage":0,"enemies":"Writhing Mass","floor":45,"turns":2},{"damage":0,"enemies":"3 Darklings","floor":46,"turns":2},{"damage":2,"enemies":"Transient","floor":48,"turns":5},{"damage":111,"enemies":"Awakened One","floor":50,"turns":10}],"seed_played":"3336834227335508923","potions_obtained":[{"floor":1.0,"key":"GamblersBrew"},{"floor":4.0,"key":"EntropicBrew"},{"floor":5.0,"key":"Dexterity Potion"},{"floor":7.0,"key":"Fire Potion"},{"floor":17.0,"key":"Explosive Potion"},{"floor":18.0,"key":"BloodPotion"},{"floor":21.0,"key":"SkillPotion"},{"floor":33,"key":"LiquidBronze"},{"floor":37,"key":"Fruit Juice"},{"floor":45,"key":"AttackPotion"},{"floor":46,"key":"PowerPotion"},{"floor":48,"key":"FearPotion"}],"is_trial":false,"path_per_floor":["M","$","M","M","M","R","E","?","T","$","M","$","R","M","R","B",null,"M","?","M","M","$","R","M","R","T","E","M","E","?","?","R","B",null,"M","?","M","M","$","R","?","M","T","R","M","M","R","M","R","B"],"character_chosen":"IRONCLAD","items_purchased":["Perfected Strike","Seeing Red","Wild Strike","Orichalcum","Block Potion","Sentinel","Entrench"],"campfire_rested":1,"item_purchase_floors":[2,12,22,39,39,39,39],"current_hp_per_floor":[85,85,88,88,82,82,74,74,74,74,72,72,72,66,66,36,93,89,93,92,77,77,77,68,68,68,56,62,53,84,84,84,27,93,92,92,89,90,90,90,66,52,52,79,87,95,95,99,99,0],"gold":245,"neow_bonus":"TEN_PERCENT_HP_BONUS","is_prod":false,"is_daily":false,"chose_seed":false,"campfire_upgraded":9,"win_rate":0,"timestamp":1551190902,"path_taken":["M","$","M","M","M","R","E","?","T","?","?","$","R","M","R","BOSS","M","?","M","?","$","R","M","R","T","E","M","E","?","?","R","BOSS","M","?","M","M","$","R","?","M","T","R","M","M","R","M","R","BOSS"],"build_version":"2019-01-23","purchased_purges":3,"victory":false,"max_hp_per_floor":[88,88,88,88,88,88,88,88,88,88,88,88,88,88,88,88,93,93,93,93,93,93,93,93,93,93,93,93,93,93,93,93,93,93,93,93,93,93,93,93,93,93,93,93,95,97,97,99,99,104],"card_choices":[{"not_picked":["Clothesline","Combust"],"picked":"Whirlwind","floor":1.0},{"not_picked":["Thunderclap","Second Wind"],"picked":"Perfected Strike","floor":3.0},{"not_picked":["Body Slam","Armaments"],"picked":"Clash","floor":4.0},{"not_picked":["Warcry","Anger"],"picked":"Flame Barrier","floor":5.0},{"not_picked":["Corruption","Bloodletting","Sentinel"],"picked":"SKIP","floor":7.0},{"not_picked":["Anger","Warcry"],"picked":"Perfected Strike","floor":11.0},{"not_picked":["Bloodletting","Armaments","Clothesline"],"picked":"SKIP","floor":14.0},{"not_picked":["Bludgeon","Demon Form"],"picked":"Double Tap","floor":16.0},{"not_picked":["Armaments","Dual Wield"],"picked":"Clash","floor":17.0},{"not_picked":["Uppercut","Headbutt","Wild Strike+1"],"picked":"SKIP","floor":18.0},{"not_picked":["Uppercut","Headbutt"],"picked":"Wild Strike+1","floor":18.0},{"not_picked":["Metallicize+1","Flame Barrier"],"picked":"Pommel Strike","floor":20.0},{"not_picked":["Shrug It Off+1","Headbutt+1","Sentinel"],"picked":"SKIP","floor":21.0},{"not_picked":["Thunderclap+1","Shrug It Off+1"],"picked":"Pommel Strike+1","floor":24.0},{"not_picked":["Reaper","Body Slam","Infernal Blade"],"picked":"SKIP","floor":27.0},{"not_picked":["True Grit","Clash","Iron Wave+1"],"picked":"SKIP","floor":28.0},{"not_picked":["Sword Boomerang","Rupture","Uppercut"],"picked":"SKIP","floor":29.0},{"not_picked":["Brutality","Demon Form"],"picked":"Double Tap","floor":33},{"not_picked":["Shockwave+1","Carnage","Body Slam"],"picked":"SKIP","floor":35},{"not_picked":["Wild Strike","Heavy Blade","Cleave+1"],"picked":"SKIP","floor":37},{"not_picked":["Wild Strike","Twin Strike+1"],"picked":"Seeing Red+1","floor":38},{"not_picked":["Thunderclap+1","Fire Breathing","Second Wind"],"picked":"SKIP","floor":42},{"not_picked":["Armaments+1","Fiend Fire","Cleave"],"picked":"Singing Bowl","floor":45},{"not_picked":["Dual Wield+1","Rage","Clothesline"],"picked":"Singing Bowl","floor":46},{"not_picked":["Warcry+1","Flex","Dropkick+1"],"picked":"Singing Bowl","floor":48}],"player_experience":486101,"relics_obtained":[{"floor":7.0,"key":"Smiling Mask"},{"floor":9.0,"key":"Pen Nib"},{"floor":26.0,"key":"Kunai"},{"floor":27.0,"key":"The Courier"},{"floor":29.0,"key":"Bag of Marbles"},{"floor":41,"key":"Pocketwatch"},{"floor":43,"key":"Singing Bowl"}],"event_choices":[{"damage_healed":0.0,"max_hp_gain":0.0,"max_hp_loss":0.0,"gold_gain":0.0,"event_name":"Accursed Blacksmith","player_choice":"Forge","floor":8.0,"gold_loss":0.0,"damage_taken":0.0,"cards_upgraded":["Perfected Strike"]},{"damage_healed":4.0,"max_hp_gain":0.0,"max_hp_loss":0.0,"gold_gain":0.0,"event_name":"Wheel of Change","player_choice":"Full Heal","floor":19.0,"gold_loss":0.0,"damage_taken":0.0},{"damage_healed":31.0,"max_hp_gain":0.0,"max_hp_loss":0.0,"gold_gain":0.0,"event_name":"The Library","player_choice":"Heal","floor":30.0,"gold_loss":0.0,"damage_taken":0.0},{"damage_healed":0.0,"max_hp_gain":0.0,"max_hp_loss":0.0,"gold_gain":0.0,"event_name":"Ghosts","player_choice":"Ignored","floor":31.0,"gold_loss":0.0,"damage_taken":0.0},{"damage_healed":0,"gold_gain":0,"player_choice":"Ignored","damage_taken":0,"max_hp_gain":0,"max_hp_loss":0,"event_name":"Tomb of Lord Red Mask","floor":36,"gold_loss":0},{"damage_healed":0,"gold_gain":0,"player_choice":"Fight","damage_taken":0,"max_hp_gain":0,"max_hp_loss":0,"event_name":"MindBloom","floor":41,"gold_loss":0}],"is_beta":false,"boss_relics":[{"not_picked":["Snecko Eye","Runic Pyramid"],"picked":"Tiny House"},{"not_picked":["White Beast Statue","Calling Bell"],"picked":"Empty Cage"}],"items_purged_floors":[10,12,22],"is_endless":false,"potions_floor_spawned":[1,4,5,7,18,21,33,37,45,46,48],"killed_by":"Awakened One","ascension_level":0}