{"gold_per_floor":[110,123,143,318,45,45,75,75,75,93,12,12,41,41,41,145,145,157,82,95,111,143,143,161,193,193,193,193],"floor_reached":28,"playtime":1492,"items_purged":["Doubt"],"score":285,"play_id":"3cfb7446-55f5-40ad-a878-b567a862ec7d","local_time":"20181015000013","is_ascension_mode":true,"campfire_choices":[{"data":"Storm of Steel","floor":6,"key":"SMITH"},{"data":"Accuracy","floor":8,"key":"SMITH"},{"data":"Accuracy","floor":12,"key":"SMITH"},{"data":"Infinite Blades","floor":15,"key":"SMITH"},{"data":"Cloak And Dagger","floor":23,"key":"SMITH"}],"neow_cost":"NONE","seed_source_timestamp":16671759594229,"circlet_count":0,"master_deck":["Defend_G","Defend_G","Defend_G","Defend_G","Defend_G","Strike_G","Survivor","Neutralize","Doppelganger+1","Deflect+1","Backflip+1","Underhanded Strike","Quick Slash","Storm of Steel+1","Accuracy+1","Cloak And Dagger+1","Accuracy+1","Deflect","Infinite Blades+1","Prepared","Bullet Time","Prepared","Expertise+1","Dash+1","Distraction+1","Blade Dance","Accuracy"],"relics":["Astrolabe","Tiny Chest","Letter Opener","Meat on the Bone","Smiling Mask","Black Star","Red Mask","Ancient Tea Set","Juzu Bracelet","Darkstone Periapt","MutagenicStrength"],"potions_floor_usage":[16,22,22,22,25,28],"damage_taken":[{"damage":0,"enemies":"Jaw Worm","floor":1,"turns":7},{"damage":0,"enemies":"2 Louse","floor":2,"turns":4},{"damage":0,"enemies":"Cultist","floor":3,"turns":4},{"damage":22,"enemies":"3 Sentries","floor":7,"turns":8},{"damage":17,"enemies":"Gremlin Gang","floor":10,"turns":4},{"damage":0,"enemies":"Lagavulin","floor":13,"turns":4},{"damage":17,"enemies":"The Guardian","floor":16,"turns":9},{"damage":4,"enemies":"Chosen","floor":18,"turns":4},{"damage":14,"enemies":"2 Thieves","floor":20,"turns":4},{"damage":3,"enemies":"Centurion and Healer","floor":21,"turns":6},{"damage":28,"enemies":"Masked Bandits","floor":22,"turns":4},{"damage":7,"enemies":"Shelled Parasite and Fungi","floor":24,"turns":3},{"damage":37,"enemies":"Slavers","floor":25,"turns":4},{"damage":16,"enemies":"Cultist and Chosen","floor":28,"turns":4}],"seed_played":"6124527681698887743","potions_obtained":[{"floor":1,"key":"EssenceOfSteel"},{"floor":7,"key":"LiquidBronze"},{"floor":10,"key":"Dexterity Potion"},{"floor":18,"key":"Dexterity Potion"},{"floor":24,"key":"Swift Potion"},{"floor":25,"key":"Swift Potion"}],"is_trial":false,"path_per_floor":["M","M","M","?","$","R","E","R","T","M","$","R","E","$","R","B",null,"M","?","M","M","?","R","M","E","T","?"],"character_chosen":"THE_SILENT","items_purchased":["Accuracy","Cloak And Dagger","Tiny Chest","Infinite Blades"],"campfire_rested":0,"item_purchase_floors":[5,5,5,11],"current_hp_per_floor":[70,70,70,70,70,70,48,48,48,43,43,43,43,43,43,38,70,66,66,52,49,33,33,38,13,13,13,0],"gold":193,"neow_bonus":"BOSS_RELIC","is_prod":false,"is_daily":false,"chose_seed":false,"campfire_upgraded":5,"win_rate":0,"timestamp":1539586813,"path_taken":["M","M","M","?","?","R","E","R","T","?","$","R","E","$","R","BOSS","M","?","?","M","?","R","M","E","T","?","M"],"build_version":"2018-10-11","purchased_purges":1,"victory":false,"max_hp_per_floor":[70,70,70,70,70,70,70,70,70,70,70,70,70,70,70,70,70,70,70,70,70,70,70,70,70,70,70,70],"card_choices":[{"not_picked":["Tactician","Deflect"],"picked":"Underhanded Strike","floor":1},{"not_picked":["Accuracy","Cloak And Dagger"],"picked":"Quick Slash","floor":2},{"not_picked":["Outmaneuver","Underhanded Strike"],"picked":"Storm of Steel","floor":3},{"not_picked":["Eviscerate","Slice"],"picked":"Accuracy","floor":7},{"not_picked":["Crippling Poison","Prepared"],"picked":"Deflect","floor":10},{"not_picked":["PiercingWail","Poisoned Stab"],"picked":"Prepared","floor":13},{"not_picked":["Envenom","Die Die Die"],"picked":"Bullet Time","floor":16},{"not_picked":["Catalyst","Setup"],"picked":"Prepared","floor":18},{"not_picked":["Dodge and Roll","Eviscerate"],"picked":"Expertise+1","floor":20},{"not_picked":["Leg Sweep","Sucker Punch"],"picked":"Dash+1","floor":21},{"not_picked":["Deadly Poison","Bane"],"picked":"Distraction+1","floor":22},{"not_picked":["Reflex","Outmaneuver"],"picked":"Blade Dance","floor":24},{"not_picked":["Underhanded Strike","Blade Dance"],"picked":"Accuracy","floor":25}],"player_experience":263499,"relics_obtained":[{"floor":7,"key":"Letter Opener"},{"floor":9,"key":"Meat on the Bone"},{"floor":13,"key":"Smiling Mask"},{"floor":22,"key":"Red Mask"},{"floor":25,"key":"Ancient Tea Set"},{"floor":25,"key":"Juzu Bracelet"},{"floor":26,"key":"Darkstone Periapt"}],"event_choices":[{"event_name":"Liars Game","player_choice":"agreed","floor":4,"damage_taken":0},{"event_name":"Beggar","player_choice":"Gave Gold","floor":19,"damage_taken":0},{"event_name":"Masked Bandits","player_choice":"Fought Bandits","floor":22,"damage_taken":0},{"event_name":"Drug Dealer","player_choice":"Inject Mutagens","floor":27,"damage_taken":0}],"is_beta":false,"boss_relics":[{"not_picked":["Cursed Key","Philosopher\u0027s Stone"],"picked":"Black Star"}],"items_purged_floors":[5],"is_endless":false,"potions_floor_spawned":[1,7,10,18,24,25],"killed_by":"Cultist and Chosen","ascension_level":1}