{"gold_per_floor":[117,128,142,142,157,157,182,182,182,282,282,292,318,332,332,437,437,456,456,440,440,456,484,484,502,502,513,232,243,257,271,271,368,368,384,129,146,146,158,158,188,188,188,188,188,198,198,198,198,198],"floor_reached":50,"playtime":2275,"items_purged":["Writhe","Strike_B"],"score":531,"play_id":"ec04621b-7f56-45a1-9944-b9fc54813655","local_time":"20190305125501","is_ascension_mode":false,"campfire_choices":[{"data":"Zap","floor":6.0,"key":"SMITH"},{"floor":8.0,"key":"REST"},{"data":"Auto Shields","floor":11.0,"key":"SMITH"},{"data":"Machine Learning","floor":15.0,"key":"SMITH"},{"floor":24,"key":"REST"},{"floor":32,"key":"REST"},{"floor":40,"key":"REST"},{"floor":42,"key":"REST"},{"floor":44,"key":"RECALL"},{"floor":47,"key":"REST"},{"data":"Echo Form","floor":49,"key":"SMITH"}],"neow_cost":"NONE","seed_source_timestamp":6821848928811830,"circlet_count":0,"master_deck":["Strike_B","Strike_B","Strike_B","Defend_B+1","Defend_B","Defend_B","Defend_B","Zap+1","Dualcast+1","Blind+1","BootSequence","Ball Lightning","Auto Shields+1","Sweeping Beam","White Noise","Machine Learning+1","Lockon","Echo Form+1","Storm","Conserve Battery","Capacitor","Creative AI","Ball Lightning","Defragment","Leap+1","Enlightenment"],"special_seed":0,"relics":["Cracked Core","DataDisk","Singing Bowl","Cursed Key","Bottled Flame","Meat on the Bone","White Beast Statue","War Paint","Ornamental Fan"],"potions_floor_usage":[23,31,35,37,41,50,50],"damage_taken":[{"damage":8.0,"enemies":"2 Louse","floor":1.0,"turns":3.0},{"damage":0.0,"enemies":"Cultist","floor":2.0,"turns":3.0},{"damage":0.0,"enemies":"Small Slimes","floor":3.0,"turns":3.0},{"damage":0.0,"enemies":"3 Louse","floor":5.0,"turns":4.0},{"damage":30.0,"enemies":"Gremlin Nob","floor":7.0,"turns":5.0},{"damage":0.0,"enemies":"Looter","floor":12.0,"turns":3.0},{"damage":3.0,"enemies":"Lagavulin","floor":13.0,"turns":6.0},{"damage":1.0,"enemies":"Exordium Thugs","floor":14.0,"turns":4.0},{"damage":20.0,"enemies":"Hexaghost","floor":16.0,"turns":8.0},{"damage":13.0,"enemies":"Shell Parasite","floor":18.0,"turns":6.0},{"damage":5.0,"enemies":"2 Thieves","floor":20.0,"turns":4.0},{"damage":21.0,"enemies":"3 Cultists","floor":22.0,"turns":7.0},{"damage":26,"enemies":"Book of Stabbing","floor":23,"turns":5},{"damage":23,"enemies":"Centurion and Healer","floor":25,"turns":7},{"damage":6,"enemies":"Snecko","floor":27,"turns":5},{"damage":23,"enemies":"Shelled Parasite and Fungi","floor":29,"turns":7},{"damage":6,"enemies":"Centurion and Healer","floor":30,"turns":5},{"damage":18,"enemies":"Cultist and Chosen","floor":31,"turns":5},{"damage":2,"enemies":"Champ","floor":33,"turns":8},{"damage":42,"enemies":"3 Darklings","floor":35,"turns":5},{"damage":17,"enemies":"Orb Walker","floor":37,"turns":4},{"damage":24,"enemies":"Sphere and 2 Shapes","floor":39,"turns":5},{"damage":22,"enemies":"Nemesis","floor":41,"turns":7},{"damage":52,"enemies":"Jaw Worm Horde","floor":46,"turns":7},{"damage":72,"enemies":"Donu and Deca","floor":50,"turns":5}],"seed_played":"-5656110823498850987","potions_obtained":[{"floor":1.0,"key":"LiquidBronze"},{"floor":2.0,"key":"SpeedPotion"},{"floor":7.0,"key":"Fruit Juice"},{"floor":12.0,"key":"Regen Potion"},{"floor":14.0,"key":"Regen Potion"},{"floor":16.0,"key":"GamblersBrew"},{"floor":25,"key":"LiquidBronze"},{"floor":27,"key":"FocusPotion"},{"floor":31,"key":"FearPotion"},{"floor":33,"key":"Regen Potion"},{"floor":35,"key":"GamblersBrew"},{"floor":37,"key":"FocusPotion"},{"floor":41,"key":"Swift Potion"},{"floor":46,"key":"SkillPotion"}],"is_trial":false,"path_per_floor":["M","M","M","?","M","R","E","R","T","?","R","M","E","M","R","B",null,"M","?","M","?","M","E","R","M","T","M","$","M","M","M","R","B",null,"M","$","M","?","M","R","E","R","T","R","?","M","R","?","R","B"],"character_chosen":"DEFECT","items_purchased":["Creative AI","Ball Lightning","War Paint"],"campfire_rested":6,"item_purchase_floors":[28,28,36],"current_hp_per_floor":[67,67,67,67,67,67,37,59,59,59,59,64,70,69,69,49,80,67,67,64,64,55,29,53,32,32,40,40,31,37,33,60,60,92,61,61,58,58,48,75,55,83,83,83,83,43,71,71,71,0],"gold":198,"neow_bonus":"RANDOM_COLORLESS","is_prod":false,"is_daily":false,"chose_seed":false,"campfire_upgraded":4,"win_rate":0,"timestamp":1551808501,"path_taken":["M","M","M","?","M","R","E","R","T","?","R","?","E","M","R","BOSS","M","?","M","?","M","E","R","M","T","M","$","M","M","M","R","BOSS","M","$","M","?","M","R","E","R","T","R","?","M","R","?","R","BOSS"],"build_version":"2019-01-23","purchased_purges":2,"victory":false,"max_hp_per_floor":[75,75,75,75,75,75,75,75,75,75,75,80,80,80,80,80,80,80,80,82,82,82,82,82,84,84,86,86,88,88,90,90,92,92,94,94,96,91,93,93,95,95,95,95,95,95,95,95,95,95],"card_choices":[{"not_picked":["Stack","FTL"],"picked":"BootSequence","floor":1.0},{"not_picked":["Stack","Coolheaded"],"picked":"Ball Lightning","floor":2.0},{"not_picked":["Force Field","Genetic Algorithm"],"picked":"Auto Shields","floor":3.0},{"not_picked":["Cold Snap","Rip and Tear","Steam"],"picked":"SKIP","floor":5.0},{"not_picked":["Compile Driver","Leap"],"picked":"Sweeping Beam","floor":7.0},{"not_picked":["Go for the Eyes","Consume"],"picked":"White Noise","floor":12.0},{"not_picked":["Sunder","Blizzard"],"picked":"Machine Learning","floor":13.0},{"not_picked":["Beam Cell","Sweeping Beam"],"picked":"Lockon","floor":14.0},{"not_picked":["Machine Learning","Core Surge"],"picked":"Echo Form","floor":16.0},{"not_picked":["Steam","Streamline+1"],"picked":"Storm","floor":18.0},{"not_picked":["Reinforced Body","Steam Power+1","Redo"],"picked":"Singing Bowl","floor":20.0},{"not_picked":["Chill","Storm"],"picked":"Capacitor","floor":22.0},{"not_picked":["Rebound","Ball Lightning+1","Sweeping Beam"],"picked":"SKIP","floor":23},{"not_picked":["Force Field","Capacitor","Recycle"],"picked":"Singing Bowl","floor":25},{"not_picked":["Redo","Reprogram","Streamline"],"picked":"Singing Bowl","floor":27},{"not_picked":["Storm+1","Beam Cell+1","Go for the Eyes"],"picked":"Singing Bowl","floor":29},{"not_picked":["Gash","Compile Driver"],"picked":"Defragment","floor":30},{"not_picked":["Reboot","Coolheaded+1","Hello World+1"],"picked":"Singing Bowl","floor":31},{"not_picked":["Hyperbeam","Creative AI","Biased Cognition"],"picked":"Singing Bowl","floor":33},{"not_picked":["Turbo+1","Sweeping Beam+1","Stack+1"],"picked":"Singing Bowl","floor":35},{"not_picked":["Reprogram","Rebound","Genetic Algorithm+1"],"picked":"Singing Bowl","floor":37},{"not_picked":["Hologram","Redo+1","Genetic Algorithm+1"],"picked":"Singing Bowl","floor":39},{"not_picked":["Force Field+1","Beam Cell+1","Melter+1"],"picked":"Singing Bowl","floor":41},{"not_picked":["Darkness+1","Rebound+1"],"picked":"Leap+1","floor":46},{"not_picked":["Forethought","The Bomb"],"picked":"Enlightenment","floor":48}],"player_experience":104796,"relics_obtained":[{"floor":7.0,"key":"DataDisk"},{"floor":13.0,"key":"Singing Bowl"},{"floor":23,"key":"Bottled Flame"},{"floor":26,"key":"Meat on the Bone"},{"floor":41,"key":"Ornamental Fan"}],"event_choices":[{"damage_healed":0.0,"max_hp_gain":0.0,"max_hp_loss":0.0,"gold_gain":0.0,"event_name":"Living Wall","player_choice":"Grow","floor":4.0,"gold_loss":0.0,"damage_taken":0.0,"cards_upgraded":["Blind"]},{"damage_healed":0.0,"max_hp_gain":0.0,"max_hp_loss":0.0,"gold_gain":100.0,"event_name":"Wheel of Change","player_choice":"Gold","floor":10.0,"gold_loss":0.0,"damage_taken":0.0},{"damage_healed":0.0,"max_hp_gain":0.0,"max_hp_loss":0.0,"gold_gain":0.0,"event_name":"Cursed Tome","player_choice":"Ignored","floor":19.0,"gold_loss":0.0,"damage_taken":0.0},{"damage_healed":0.0,"max_hp_gain":0.0,"max_hp_loss":0.0,"gold_gain":0.0,"event_name":"The Library","player_choice":"Read","floor":21.0,"gold_loss":0.0,"damage_taken":0.0,"cards_obtained":["Conserve Battery"]},{"damage_healed":0,"gold_gain":0,"player_choice":"Max HP","damage_taken":0,"max_hp_gain":0,"max_hp_loss":5,"event_name":"Winding Halls","floor":38,"gold_loss":0},{"damage_healed":0,"gold_gain":0,"player_choice":"Ignored","damage_taken":0,"max_hp_gain":0,"max_hp_loss":0,"event_name":"Tomb of Lord Red Mask","floor":45,"gold_loss":0},{"damage_healed":0,"gold_gain":0,"player_choice":"Memory 1","damage_taken":0,"max_hp_gain":0,"max_hp_loss":0,"event_name":"SensoryStone","floor":48,"gold_loss":0}],"is_beta":false,"boss_relics":[{"not_picked":["Busted Crown","Calling Bell"],"picked":"Cursed Key"},{"not_picked":["FrozenCore","Snecko Eye"],"picked":"White Beast Statue"}],"items_purged_floors":[28,36],"is_endless":false,"potions_floor_spawned":[1,2,7,12,14,16,25,27,29,31,33,35,37,39,41,46],"killed_by":"Donu and Deca","ascension_level":0}