{"gold_per_floor":[113,125,138,156,156,168,160,187,199,60,71,21,21,41,41,117,117,91,91,10,10,26,26],"floor_reached":23,"playtime":709,"items_purged":["Defend_G"],"score":366,"play_id":"b0574a97-f2d0-4d61-a93d-b7ead69ca529","local_time":"20181102080855","is_ascension_mode":true,"campfire_choices":[{"floor":6,"key":"REST"},{"floor":13,"key":"REST"},{"floor":15,"key":"REST"}],"neow_cost":"NONE","seed_source_timestamp":42448958739958,"circlet_count":0,"master_deck":["AscendersBane","Defend_G","Defend_G","Defend_G","Defend_G","Strike_G","Strike_G","Strike_G","Strike_G","Strike_G","Survivor","Neutralize","Burst","Footwork","Footwork","Backflip","Bouncing Flask","Malaise","Noxious Fumes","Writhe","Leg Sweep"],"relics":["Velvet Choker","MawBank","Oddly Smooth Stone","Black Star","Kunai"],"potions_floor_usage":[16,16],"damage_taken":[{"damage":1,"enemies":"Cultist","floor":1,"turns":4},{"damage":3,"enemies":"Small Slimes","floor":2,"turns":4},{"damage":0,"enemies":"Jaw Worm","floor":3,"turns":4},{"damage":16,"enemies":"Lots of Slimes","floor":4,"turns":8},{"damage":3,"enemies":"Red Slaver","floor":8,"turns":4},{"damage":21,"enemies":"Exordium Thugs","floor":11,"turns":9},{"damage":5,"enemies":"3 Louse","floor":14,"turns":5},{"damage":16,"enemies":"Hexaghost","floor":16,"turns":12},{"damage":33,"enemies":"2 Thieves","floor":18,"turns":4},{"damage":23,"enemies":"Chosen","floor":22,"turns":6},{"damage":5,"enemies":"Gremlin Leader","floor":23,"turns":1}],"seed_played":"-1478037068856275152","potions_obtained":[{"floor":4,"key":"Ancient Potion"},{"floor":7,"key":"Energy Potion"},{"floor":11,"key":"SkillPotion"},{"floor":14,"key":"Block Potion"}],"is_trial":false,"path_per_floor":["M","M","M","M","?","R","?","M","T","$","M","$","R","M","R","B",null,"M","?","$","?","M","E"],"character_chosen":"THE_SILENT","items_purchased":["Footwork","Backflip","Leg Sweep"],"campfire_rested":3,"item_purchase_floors":[10,12,20],"current_hp_per_floor":[58,55,55,39,28,47,47,44,44,44,23,23,42,37,56,40,60,27,27,27,27,4,0],"gold":26,"neow_bonus":"BOSS_RELIC","is_prod":false,"is_daily":false,"chose_seed":false,"campfire_upgraded":0,"win_rate":0,"timestamp":1541171335,"path_taken":["M","?","M","M","?","R","?","?","T","?","M","$","R","M","R","BOSS","M","?","$","?","M","E"],"build_version":"2018-11-01","purchased_purges":1,"victory":false,"max_hp_per_floor":[66,66,66,66,66,66,66,66,66,66,66,66,66,66,66,66,66,66,66,66,66,66,66],"card_choices":[{"not_picked":["Bane","Acrobatics","Slice"],"picked":"SKIP","floor":1},{"not_picked":["PiercingWail","Distraction","Accuracy"],"picked":"SKIP","floor":2},{"not_picked":["Caltrops","Poisoned Stab","Deadly Poison"],"picked":"SKIP","floor":3},{"not_picked":["Endless Agony","Infinite Blades"],"picked":"Burst","floor":4},{"not_picked":["Outmaneuver","Blade Dance","Dagger Throw"],"picked":"SKIP","floor":8},{"not_picked":["Blur","Bane"],"picked":"Footwork","floor":11},{"not_picked":["Reflex","Escape Plan"],"picked":"Bouncing Flask","floor":14},{"not_picked":["Grand Finale","Tools of the Trade"],"picked":"Malaise","floor":16},{"not_picked":["Terror","Dagger Spray"],"picked":"Noxious Fumes","floor":18},{"not_picked":["PiercingWail","Acrobatics","Deadly Poison"],"picked":"SKIP","floor":22}],"player_experience":587932,"relics_obtained":[{"floor":9,"key":"Oddly Smooth Stone"}],"event_choices":[{"damage_healed":0,"gold_gain":0,"player_choice":"Success","damage_taken":11,"relics_obtained":["MawBank"],"max_hp_gain":0,"max_hp_loss":0,"event_name":"Scrap Ooze","floor":5,"gold_loss":0},{"damage_healed":0,"gold_gain":0,"player_choice":"Bought 1 Potion","damage_taken":0,"max_hp_gain":0,"max_hp_loss":0,"event_name":"The Woman in Blue","floor":7,"gold_loss":0},{"damage_healed":0,"gold_gain":0,"player_choice":"Opened","damage_taken":0,"relics_obtained":["Kunai"],"max_hp_gain":0,"max_hp_loss":0,"event_name":"The Mausoleum","floor":19,"gold_loss":0,"cards_obtained":["Writhe"]},{"damage_healed":0,"gold_gain":0,"player_choice":"Ignored","damage_taken":0,"max_hp_gain":0,"max_hp_loss":0,"event_name":"Vampires","floor":21,"gold_loss":0}],"is_beta":false,"boss_relics":[{"not_picked":["Tiny House","White Beast Statue"],"picked":"Black Star"}],"items_purged_floors":[10],"is_endless":false,"potions_floor_spawned":[4,8,11,14],"killed_by":"Gremlin Leader","ascension_level":20}