{"path_per_floor":["M","M","M","$","?","R","?","R","T","M","M","R","T","$","R","B",null,"M","M","?","M"],"character_chosen":"IRONCLAD","items_purchased":["Rampage"],"gold_per_floor":[17,31,42,42,42,42,73,73,73,94,115,115,115,0,0,119,119,139,155,155,180,180],"floor_reached":22,"campfire_rested":1,"playtime":834,"item_purchase_floors":[14],"current_hp_per_floor":[65,59,64,64,64,64,55,55,55,52,53,53,53,53,74,23,74,46,43,37,27,0],"items_purged":["Strike_R"],"gold":180,"score":176,"play_id":"61ca07ba-9d96-41cd-9720-a4b287b9c357","local_time":"20180624205345","is_prod":false,"is_daily":false,"chose_seed":false,"is_ascension_mode":false,"campfire_upgraded":3,"win_rate":0,"timestamp":1529837625,"campfire_choices":[{"data":"Fire Breathing","floor":6,"key":"SMITH"},{"data":"Anger","floor":8,"key":"SMITH"},{"data":"Whirlwind","floor":12,"key":"SMITH"},{"floor":15,"key":"REST"}],"path_taken":["M","M","?","$","?","R","?","R","T","M","M","R","?","?","R","BOSS","M","M","?","M","M"],"build_version":"2018-06-21","seed_source_timestamp":15290418071159,"purchased_purges":1,"circlet_count":0,"victory":false,"master_deck":["Strike_R","Strike_R","Strike_R","Defend_R","Defend_R","Defend_R","Defend_R","Fire Breathing+1","Anger","Anger+1","Iron Wave","Whirlwind+1","Rampage","Demon Form","Writhe","Doubt","Decay","Clash","Fire Breathing+1","RitualDagger","Heavy Blade"],"max_hp_per_floor":[80,80,80,80,74,74,74,74,74,74,74,74,74,74,74,74,74,74,74,74,74,74],"relics":["Burning Blood","Golden Idol","Odd Mushroom","Juzu Bracelet","Ornamental Fan","Calling Bell","Blood Vial","Kunai","Dead Branch"],"card_choices":[{"not_picked":["True Grit","Pommel Strike","Body Slam"],"picked":"SKIP","floor":1},{"not_picked":["True Grit","Dual Wield"],"picked":"Fire Breathing","floor":2},{"not_picked":["Burning Pact","Carnage"],"picked":"Anger","floor":3},{"not_picked":["Burning Pact","Shrug It Off"],"picked":"Anger","floor":7},{"not_picked":["Carnage","Pommel Strike"],"picked":"Iron Wave","floor":10},{"not_picked":["Bludgeon","True Grit"],"picked":"Whirlwind","floor":11},{"not_picked":["Feed","Exhume"],"picked":"Demon Form","floor":16},{"not_picked":["True Grit","Anger+1"],"picked":"Clash","floor":18},{"not_picked":["Twin Strike+1","Anger"],"picked":"Fire Breathing+1","floor":19},{"not_picked":["Twin Strike+1","Cleave"],"picked":"Heavy Blade","floor":21}],"player_experience":461313,"potions_floor_usage":[7,11,16,21],"damage_taken":[{"damage":21,"enemies":"Cultist","floor":1,"turns":7},{"damage":12,"enemies":"Jaw Worm","floor":2,"turns":7},{"damage":1,"enemies":"2 Louse","floor":3,"turns":3},{"damage":15,"floor":7,"turns":5},{"damage":9,"enemies":"Large Slime","floor":10,"turns":6},{"damage":5,"enemies":"Exordium Wildlife","floor":11,"turns":3},{"damage":57,"enemies":"The Guardian","floor":16,"turns":15},{"damage":34,"enemies":"Shell Parasite","floor":18,"turns":7},{"damage":11,"enemies":"3 Byrds","floor":19,"turns":5},{"damage":18,"enemies":"Snecko","floor":21,"turns":5},{"damage":36,"enemies":"Slaver and Parasite","floor":22,"turns":3}],"relics_obtained":[{"floor":7,"key":"Odd Mushroom"},{"floor":9,"key":"Juzu Bracelet"},{"floor":13,"key":"Ornamental Fan"},{"floor":17,"key":"Blood Vial"},{"floor":17,"key":"Kunai"},{"floor":17,"key":"Dead Branch"}],"event_choices":[{"event_name":"Golden Idol","player_choice":"Lose Max HP","floor":5,"damage_taken":0},{"event_name":"Mushrooms","player_choice":"Fought Mushrooms","floor":7,"damage_taken":0},{"event_name":"Nest","player_choice":"Joined the Cult","floor":20,"damage_taken":0}],"boss_relics":[{"not_picked":["Cursed Key","Velvet Choker"],"picked":"Calling Bell"}],"items_purged_floors":[14],"is_endless":true,"potions_floor_spawned":[3,10,11,16],"seed_played":"-3699241579749995604","killed_by":"Slaver and Parasite","ascension_level":0,"potions_obtained":[{"floor":3,"key":"Weak Potion"},{"floor":10,"key":"Ancient Potion"},{"floor":11,"key":"Dexterity Potion"},{"floor":16,"key":"FearPotion"}],"is_trial":false}