{"gold_per_floor":[118,118,68,83,102,102,134,145,191,69,79,79,54,54,54,154,154,167,182,129,144,243,243,243,243,298,298,315,335,335,250,250,250],"floor_reached":33,"playtime":1442,"items_purged":["Strike_B"],"score":319,"play_id":"44d4e84d-e513-4478-8640-9a3aee6186b8","local_time":"20181015043639","is_ascension_mode":true,"campfire_choices":[{"data":"Fission","floor":6,"key":"SMITH"},{"data":"Echo Form","floor":15,"key":"SMITH"},{"floor":23,"key":"REST"},{"data":"Echo Form","floor":25,"key":"SMITH"},{"data":"Chill","floor":27,"key":"SMITH"},{"data":"Consume","floor":32,"key":"SMITH"}],"neow_cost":"NONE","seed_source_timestamp":33308484973006,"circlet_count":0,"master_deck":["Strike_B","Defend_B","Defend_B","Defend_B","Defend_B","Zap","Dualcast","Fission+1","Fusion","Blizzard+1","Consume+1","Echo Form+1","Chill+1","Ball Lightning+1","Coolheaded","Echo Form+1","Coolheaded","Self Repair+1","Leap","Storm+1","Storm"],"relics":["FrozenCore","Molten Egg 2","Lantern","Boot","Pear","MutagenicStrength","Tiny Chest","Letter Opener"],"potions_floor_usage":[16,16,33,33,33],"damage_taken":[{"damage":1,"enemies":"Cultist","floor":1,"turns":4},{"damage":0,"enemies":"Small Slimes","floor":4,"turns":3},{"damage":0,"enemies":"2 Louse","floor":5,"turns":2},{"damage":58,"enemies":"Lagavulin","floor":7,"turns":8},{"damage":3,"enemies":"Blue Slaver","floor":8,"turns":4},{"damage":1,"enemies":"2 Fungi Beasts","floor":11,"turns":3},{"damage":28,"enemies":"The Guardian","floor":16,"turns":14},{"damage":34,"enemies":"2 Thieves","floor":18,"turns":4},{"damage":3,"enemies":"Spheric Guardian","floor":19,"turns":7},{"damage":23,"enemies":"Centurion and Healer","floor":21,"turns":5},{"damage":18,"enemies":"3 Cultists","floor":28,"turns":4},{"damage":1,"enemies":"Snecko","floor":29,"turns":5},{"damage":58,"enemies":"Collector","floor":33,"turns":5}],"seed_played":"-3827234041888067382","potions_obtained":[{"floor":1,"key":"Dexterity Potion"},{"floor":5,"key":"EssenceOfSteel"},{"floor":7,"key":"AttackPotion"},{"floor":11,"key":"SmokeBomb"},{"floor":18,"key":"FearPotion"},{"floor":21,"key":"FocusPotion"},{"floor":28,"key":"SkillPotion"}],"is_trial":false,"path_per_floor":["M","?","?","M","M","R","E","M","T","$","M","?","$","?","R","B",null,"M","M","$","M","?","R","?","R","T","R","M","M","?","?","R"],"character_chosen":"DEFECT","items_purchased":["Ball Lightning+1","Coolheaded","Coolheaded"],"campfire_rested":1,"item_purchase_floors":[10,13,20],"current_hp_per_floor":[67,67,67,67,67,67,9,6,6,6,5,15,15,43,43,15,68,34,31,31,8,8,33,33,33,33,33,25,44,44,44,44,0],"gold":250,"neow_bonus":"TRANSFORM_CARD","is_prod":false,"is_daily":false,"chose_seed":false,"campfire_upgraded":5,"win_rate":0,"timestamp":1539603399,"path_taken":["M","?","?","M","?","R","E","?","T","$","M","?","?","?","R","BOSS","M","M","$","M","?","R","?","R","T","R","M","M","?","?","R","BOSS"],"build_version":"2018-10-11","purchased_purges":1,"victory":false,"max_hp_per_floor":[75,75,75,75,75,75,75,75,75,75,75,85,85,85,85,85,85,85,85,85,85,85,85,85,85,85,85,85,85,85,85,85,85],"card_choices":[{"not_picked":["Barrage","Chaos"],"picked":"Fusion","floor":1},{"not_picked":["Beam Cell+1","Tempest"],"picked":"Blizzard+1","floor":4},{"not_picked":["Rebound+1","Self Repair"],"picked":"Consume","floor":5},{"not_picked":["Rebound+1","Compile Driver+1"],"picked":"Echo Form","floor":7},{"not_picked":["Turbo","Loop"],"picked":"Chill","floor":8},{"not_picked":["Ball Lightning+1","Turbo","BootSequence"],"picked":"SKIP","floor":11},{"not_picked":["Rainbow","Machine Learning"],"picked":"Echo Form","floor":16},{"not_picked":["Scrape+1","Ball Lightning+1","Redo"],"picked":"SKIP","floor":18},{"not_picked":["Chaos","Conserve Battery","Hologram"],"picked":"SKIP","floor":19},{"not_picked":["Steam","Conserve Battery+1"],"picked":"Self Repair+1","floor":21},{"not_picked":["Beam Cell+1","Go for the Eyes+1"],"picked":"Leap","floor":28},{"not_picked":["Redo+1","Amplify"],"picked":"Storm+1","floor":29}],"player_experience":266924,"relics_obtained":[{"floor":7,"key":"Lantern"},{"floor":9,"key":"Boot"},{"floor":12,"key":"Pear"},{"floor":26,"key":"Tiny Chest"}],"event_choices":[{"event_name":"WeMeetAgain","player_choice":"Potion","floor":2,"damage_taken":0},{"event_name":"The Cleric","player_choice":"Card Removal","floor":3,"damage_taken":0},{"event_name":"Wheel of Change","player_choice":"Relic","floor":12,"damage_taken":0},{"event_name":"Big Fish","player_choice":"Banana","floor":14,"damage_taken":0},{"event_name":"Nest","player_choice":"Stole From Cult","floor":22,"damage_taken":0},{"event_name":"Drug Dealer","player_choice":"Inject Mutagens","floor":24,"damage_taken":0},{"event_name":"The Library","player_choice":"Read","floor":30,"damage_taken":0},{"event_name":"Addict","player_choice":"Obtained Relic","floor":31,"damage_taken":0}],"is_beta":false,"boss_relics":[{"not_picked":["Velvet Choker","Ectoplasm"],"picked":"FrozenCore"}],"items_purged_floors":[10],"is_endless":false,"potions_floor_spawned":[1,5,7,11,18,21,28],"killed_by":"Collector","ascension_level":6}