{"gold_per_floor":[14,28,28,303,87,87,119,130,155,182,182,211,227,52,52,52],"floor_reached":16,"playtime":671,"items_purged":["Regret","Strike_R"],"score":201,"play_id":"31fc2926-f645-403b-892f-7113ec66d4c1","local_time":"20190216065740","is_ascension_mode":true,"campfire_choices":[{"data":"True Grit","floor":6.0,"key":"SMITH"},{"data":"Body Slam","floor":15.0,"key":"SMITH"}],"neow_cost":"NO_GOLD","seed_source_timestamp":30147291751099,"circlet_count":0,"master_deck":["AscendersBane","Strike_R","Strike_R+1","Strike_R","Defend_R","Defend_R","Defend_R","Defend_R","Bash+1","Reckless Charge","Clash","Flash of Steel","True Grit+1","Feel No Pain","Flame Barrier","Body Slam+1","Impervious","Iron Wave","Hemokinesis","Clothesline"],"special_seed":0,"relics":["Burning Blood","Lantern","Smiling Mask","Ancient Tea Set","Regal Pillow"],"potions_floor_usage":[16],"damage_taken":[{"damage":1.0,"enemies":"Cultist","floor":1.0,"turns":3.0},{"damage":3.0,"enemies":"2 Louse","floor":2.0,"turns":4.0},{"damage":37.0,"enemies":"Lagavulin","floor":7.0,"turns":6.0},{"damage":0.0,"enemies":"Jaw Worm","floor":8.0,"turns":2.0},{"damage":15.0,"enemies":"3 Sentries","floor":10.0,"turns":9.0},{"damage":8.0,"enemies":"Gremlin Nob","floor":12.0,"turns":5.0},{"damage":6.0,"enemies":"Looter","floor":13.0,"turns":2.0},{"damage":38,"enemies":"Slime Boss","floor":16,"turns":10}],"seed_played":"-300747679507495243","potions_obtained":[{"floor":1.0,"key":"Ancient Potion"},{"floor":8.0,"key":"EntropicBrew"},{"floor":13.0,"key":"SkillPotion"}],"is_trial":false,"path_per_floor":["M","M","?","?","$","R","E","M","T","E","?","E","M","$","R","B"],"character_chosen":"IRONCLAD","items_purchased":["Flash of Steel","True Grit","Hemokinesis","Clothesline"],"campfire_rested":0,"item_purchase_floors":[5,5,14,14],"current_hp_per_floor":[87,89,71,71,71,71,40,46,46,37,37,35,35,35,35,0],"gold":52,"neow_bonus":"TWENTY_PERCENT_HP_BONUS","is_prod":false,"is_daily":false,"chose_seed":false,"campfire_upgraded":2,"win_rate":0,"timestamp":1550318260,"path_taken":["M","M","?","?","$","R","E","?","T","E","?","E","M","$","R","BOSS"],"build_version":"2019-01-23","purchased_purges":2,"victory":false,"max_hp_per_floor":[89,89,89,89,89,89,89,89,89,89,89,89,89,89,89,89],"card_choices":[{"not_picked":["Second Wind","Thunderclap"],"picked":"Reckless Charge","floor":1.0},{"not_picked":["Sever Soul","Thunderclap"],"picked":"Clash","floor":2.0},{"not_picked":["Flex","Pommel Strike"],"picked":"Feel No Pain","floor":7.0},{"not_picked":["Pummel","Searing Blow"],"picked":"Flame Barrier","floor":8.0},{"not_picked":["Battle Trance","Hemokinesis"],"picked":"Body Slam","floor":10.0},{"not_picked":["Sentinel","True Grit"],"picked":"Impervious","floor":12.0},{"not_picked":["Sword Boomerang","Armaments"],"picked":"Iron Wave","floor":13.0}],"player_experience":438344,"relics_obtained":[{"floor":7.0,"key":"Lantern"},{"floor":9.0,"key":"Smiling Mask"},{"floor":10.0,"key":"Ancient Tea Set"},{"floor":12.0,"key":"Regal Pillow"}],"event_choices":[{"damage_healed":0.0,"max_hp_gain":0.0,"max_hp_loss":0.0,"gold_gain":0.0,"event_name":"Shining Light","player_choice":"Entered Light","floor":3.0,"gold_loss":0.0,"damage_taken":18.0,"cards_upgraded":["Bash","Strike_R"]},{"damage_healed":0.0,"max_hp_gain":0.0,"max_hp_loss":0.0,"gold_gain":275.0,"event_name":"Golden Shrine","player_choice":"Desecrate","floor":4.0,"gold_loss":0.0,"damage_taken":0.0,"cards_obtained":["Regret"]},{"cards_removed":["Strike_R"],"damage_healed":0.0,"max_hp_gain":0.0,"max_hp_loss":0.0,"gold_gain":0.0,"event_name":"Wheel of Change","player_choice":"Card Removal","floor":11.0,"gold_loss":0.0,"damage_taken":0.0}],"is_beta":false,"boss_relics":[],"items_purged_floors":[5,14],"is_endless":false,"potions_floor_spawned":[1,8,13],"killed_by":"Slime Boss","ascension_level":14}