{"gold_per_floor":[113,113,113,130,140,168,188,188,188,188,198,198,229,229,229,333,333,352,363,363,363,375,375,475,502,527,537,556,585,585,157,157,262,262,272,10,0,0,15,15,46,59,59,59,92,92,92,111,111,111],"floor_reached":51,"playtime":1759,"items_purged":["Strike_G"],"score":903,"play_id":"68fa4532-1c38-49f2-bba5-cbf48cafb995","local_time":"20180928153124","is_ascension_mode":false,"campfire_choices":[{"data":"Neutralize","floor":8.0,"key":"SMITH"},{"data":"Predator","floor":10.0,"key":"SMITH"},{"data":"Well Laid Plans","floor":12.0,"key":"SMITH"},{"data":"Masterful Stab","floor":15.0,"key":"SMITH"},{"data":"RitualDagger","floor":30,"key":"SMITH"},{"data":"Trip","floor":32,"key":"SMITH"},{"data":"Eviscerate","floor":40,"key":"SMITH"},{"data":"Glass Knife","floor":44,"key":"SMITH"},{"data":"Acrobatics","floor":46,"key":"SMITH"},{"data":"Tools of the Trade","floor":49,"key":"SMITH"}],"neow_cost":"","seed_source_timestamp":43853084269317,"circlet_count":0,"master_deck":["Defend_G","Defend_G+1","Defend_G","Defend_G","Defend_G","Strike_G","Strike_G+1","Strike_G","Survivor","Neutralize+1","Dagger Spray+1","Predator+1","Backflip","Heel Hook","Well Laid Plans+1","Masterful Stab+1","Unload+1","PiercingWail+1","Eviscerate+1","Dash+1","RitualDagger+1","Acrobatics+1","Terror+1","Noxious Fumes+1","Backstab+1","Sucker Punch+1","Dagger Spray+1","Trip+1","Tools of the Trade+1","Calculated Gamble+1","Dagger Spray+1","Glass Knife+1","Backflip+1"],"special_seed":0,"relics":["Ring of the Snake","Thread and Needle","Matryoshka","Pear","Prayer Wheel","Strawberry","Ornamental Fan","Black Star","MutagenicStrength","The Specimen","Sundial","Bag of Preparation","War Paint","Lantern","Anchor","Vajra","Art of War","Pantograph","Coffee Dripper","Mercury Hourglass","Red Mask","Blood Vial","Snake Skull","Darkstone Periapt","Pen Nib","Whetstone"],"potions_floor_usage":[22,24,24,33,41,50,50,50],"damage_taken":[{"damage":0.0,"enemies":"2 Louse","floor":1.0,"turns":3.0},{"damage":0.0,"enemies":"Cultist","floor":4.0,"turns":3.0},{"damage":0.0,"enemies":"Small Slimes","floor":5.0,"turns":3.0},{"damage":11.0,"enemies":"Gremlin Nob","floor":6.0,"turns":4.0},{"damage":0.0,"enemies":"2 Fungi Beasts","floor":7.0,"turns":2.0},{"damage":3.0,"enemies":"Exordium Thugs","floor":11.0,"turns":3.0},{"damage":0.0,"enemies":"3 Sentries","floor":13.0,"turns":6.0},{"damage":0.0,"enemies":"Slime Boss","floor":16.0,"turns":8.0},{"damage":0.0,"enemies":"Chosen","floor":18.0,"turns":3.0},{"damage":0.0,"enemies":"3 Byrds","floor":19.0,"turns":7.0},{"damage":14,"enemies":"Shelled Parasite and Fungi","floor":22,"turns":5},{"damage":0,"enemies":"Colosseum Slavers","floor":24,"turns":3},{"damage":28,"enemies":"Colosseum Nobs","floor":24,"turns":6},{"damage":20,"enemies":"Book of Stabbing","floor":25,"turns":5},{"damage":0,"enemies":"3 Cultists","floor":27,"turns":4},{"damage":0,"enemies":"Cultist and Chosen","floor":28,"turns":4},{"damage":0,"enemies":"Gremlin Leader","floor":29,"turns":4},{"damage":24,"enemies":"Champ","floor":33,"turns":9},{"damage":2,"enemies":"3 Shapes","floor":35,"turns":6},{"damage":0,"enemies":"3 Darklings","floor":39,"turns":2},{"damage":9,"enemies":"Giant Head","floor":41,"turns":6},{"damage":0,"enemies":"Sphere and 2 Shapes","floor":42,"turns":1},{"damage":14,"enemies":"2 Orb Walkers","floor":45,"turns":3},{"damage":0,"enemies":"Spire Growth","floor":48,"turns":2},{"damage":31,"enemies":"Donu and Deca","floor":50,"turns":6}],"seed_played":"-9067920205232929003","potions_obtained":[{"floor":4.0,"key":"Regen Potion"},{"floor":11.0,"key":"Explosive Potion"},{"floor":13.0,"key":"Swift Potion"},{"floor":16.0,"key":"FearPotion"},{"floor":22,"key":"Energy Potion"},{"floor":28,"key":"GhostInAJar"},{"floor":29,"key":"Strength Potion"},{"floor":39,"key":"EssenceOfSteel"},{"floor":42,"key":"SkillPotion"}],"is_trial":false,"path_per_floor":["M","?","?","M","M","E","M","R","T","R","M","R","E","?","R","B",null,"M","M","?","?","M","?","?","E","T","M","M","E","R","$","R","B",null,"M","$","?","?","M","R","E","M","T","R","E","R","?","M","R","B"],"character_chosen":"THE_SILENT","items_purchased":["Pantograph","Trip","Mercury Hourglass"],"campfire_rested":0,"item_purchase_floors":[31,31,36],"current_hp_per_floor":[70,63,63,63,63,52,52,52,62,62,59,59,66,66,66,66,87,87,87,81,81,67,51,38,18,18,18,18,18,18,18,18,19,87,85,85,85,85,85,85,76,78,78,78,66,66,66,68,68,52],"gold":111,"neow_bonus":"","is_prod":false,"is_daily":false,"chose_seed":false,"campfire_upgraded":10,"win_rate":0,"timestamp":1538116284,"path_taken":["M","?","?","M","M","E","?","R","T","R","M","R","E","?","R","BOSS","M","M","?","?","M","?","?","E","T","M","?","E","R","$","R","BOSS","M","$","?","?","?","R","E","M","T","R","E","R","?","M","R","BOSS"],"build_version":"2018-09-27","purchased_purges":1,"victory":true,"max_hp_per_floor":[70,70,70,70,70,70,70,70,80,80,80,80,87,87,87,87,87,87,87,87,87,87,87,87,87,87,87,87,87,87,87,87,87,87,87,87,87,87,87,87,87,87,87,87,87,87,83,83,83,83],"card_choices":[{"not_picked":["Slice","Prepared"],"picked":"Dagger Spray","floor":1.0},{"not_picked":["Flying Knee","Underhanded Strike"],"picked":"Predator","floor":4.0},{"not_picked":["Skewer","Caltrops","Dodge and Roll"],"picked":"SKIP","floor":5.0},{"not_picked":["Dodge and Roll","All Out Attack"],"picked":"Backflip","floor":6.0},{"not_picked":["Reflex","Slice"],"picked":"Heel Hook","floor":7.0},{"not_picked":["Dagger Throw","Flechettes"],"picked":"Well Laid Plans","floor":11.0},{"not_picked":["Deadly Poison","Distraction","Slice"],"picked":"SKIP","floor":11.0},{"not_picked":["Tactician","Reflex"],"picked":"Masterful Stab","floor":13.0},{"not_picked":["Storm of Steel","A Thousand Cuts"],"picked":"Unload","floor":16.0},{"not_picked":["Blade Dance","Bane"],"picked":"PiercingWail+1","floor":18.0},{"not_picked":["Distraction","Poisoned Stab"],"picked":"Eviscerate","floor":18.0},{"not_picked":["Riddle With Holes","Backflip"],"picked":"Dash+1","floor":19.0},{"not_picked":["Dodge and Roll","All Out Attack+1","Skewer"],"picked":"SKIP","floor":19.0},{"not_picked":["Cloak And Dagger","Flying Knee+1"],"picked":"Acrobatics","floor":22},{"not_picked":["Acrobatics","Bane+1"],"picked":"Terror","floor":24},{"not_picked":["Underhanded Strike","Eviscerate+1"],"picked":"Noxious Fumes+1","floor":25},{"not_picked":["Predator","Dagger Throw"],"picked":"Backstab+1","floor":27},{"not_picked":["A Thousand Cuts","Slice"],"picked":"Sucker Punch+1","floor":27},{"not_picked":["Outmaneuver","Bane","Underhanded Strike+1"],"picked":"SKIP","floor":28},{"not_picked":["Noxious Fumes","Eviscerate","Quick Slash"],"picked":"SKIP","floor":28},{"not_picked":["Backflip","Deadly Poison"],"picked":"Dagger Spray+1","floor":29},{"not_picked":["Wraith Form v2","Grand Finale"],"picked":"Tools of the Trade","floor":33},{"not_picked":["Leg Sweep+1","Dagger Throw"],"picked":"Calculated Gamble+1","floor":35},{"not_picked":["Deadly Poison","All Out Attack+1","Prepared"],"picked":"SKIP","floor":35},{"not_picked":["Infinite Blades+1","Concentrate+1"],"picked":"Dagger Spray+1","floor":39},{"not_picked":["Blade Dance+1","Expertise","Backflip"],"picked":"SKIP","floor":39},{"not_picked":["Distraction+1","Riddle With Holes+1"],"picked":"Glass Knife","floor":41},{"not_picked":["Outmaneuver+1","Deflect"],"picked":"Backflip+1","floor":42},{"not_picked":["Outmaneuver+1","Heel Hook","PiercingWail+1"],"picked":"SKIP","floor":42},{"not_picked":["Sucker Punch","Venomology","Distraction+1"],"picked":"SKIP","floor":45},{"not_picked":["Blade Dance+1","Dodge and Roll","Concentrate"],"picked":"SKIP","floor":48},{"not_picked":["Outmaneuver+1","Cloak And Dagger+1","Quick Slash+1"],"picked":"SKIP","floor":48}],"player_experience":682661,"relics_obtained":[{"floor":6.0,"key":"Matryoshka"},{"floor":9.0,"key":"Pear"},{"floor":9.0,"key":"Prayer Wheel"},{"floor":13.0,"key":"Strawberry"},{"floor":24,"key":"The Specimen"},{"floor":24,"key":"Sundial"},{"floor":25,"key":"Bag of Preparation"},{"floor":25,"key":"War Paint"},{"floor":26,"key":"Lantern"},{"floor":26,"key":"Anchor"},{"floor":29,"key":"Vajra"},{"floor":29,"key":"Art of War"},{"floor":41,"key":"Blood Vial"},{"floor":41,"key":"Snake Skull"},{"floor":43,"key":"Darkstone Periapt"},{"floor":45,"key":"Pen Nib"},{"floor":45,"key":"Whetstone"}],"event_choices":[{"event_name":"Scrap Ooze","player_choice":"success","floor":2.0,"damage_taken":7.0},{"event_name":"Accursed Blacksmith","player_choice":"Forge","floor":3.0,"damage_taken":0.0},{"event_name":"WeMeetAgain","player_choice":"Potion","floor":14.0,"damage_taken":0.0},{"event_name":"Nest","player_choice":"Joined the Cult","floor":20.0,"damage_taken":0.0},{"event_name":"Drug Dealer","player_choice":"Inject Mutagens","floor":21,"damage_taken":0},{"event_name":"Cursed Tome","player_choice":"Obtained Book","floor":23,"damage_taken":0},{"event_name":"Colosseum","player_choice":"Fight","floor":24,"damage_taken":0},{"event_name":"Colosseum","player_choice":"Fought Nobs","floor":24,"damage_taken":0},{"event_name":"Tomb of Lord Red Mask","player_choice":"Paid","floor":37,"damage_taken":0},{"event_name":"Falling","player_choice":"Removed Attack","floor":38,"damage_taken":0},{"event_name":"Winding Halls","player_choice":"Max HP","floor":47,"damage_taken":0}],"is_beta":false,"boss_relics":[{"not_picked":["Snecko Eye","Runic Pyramid"],"picked":"Black Star"},{"not_picked":["Orrery","Ring of the Serpent"],"picked":"Coffee Dripper"}],"items_purged_floors":[31],"is_endless":false,"potions_floor_spawned":[4,11,13,16,19,22,24,28,29,39,42,45],"ascension_level":0}