{"gold_per_floor":[114,125,125,137,16,16,191,210,210,210,220,63,63,132,132,232,232,244,244,256,272,286,286,317,317,317,331,344,27,38,38,38,38],"floor_reached":33,"playtime":2145,"items_purged":[],"score":259,"play_id":"e104e71d-7665-4caf-838c-c6b91a449a18","local_time":"20190113155451","is_ascension_mode":false,"campfire_choices":[{"floor":6,"key":"RECALL"},{"data":"After Image","floor":13,"key":"SMITH"},{"floor":15,"key":"REST"},{"floor":23,"key":"REST"},{"floor":25,"key":"REST"},{"floor":32,"key":"REST"}],"neow_cost":"NONE","seed_source_timestamp":403620379353188,"circlet_count":0,"master_deck":["Survivor","Neutralize","A Thousand Cuts","Crippling Poison","Calculated Gamble","Glass Knife","Venomology","Night Terror","Underhanded Strike","After Image+1","Underhanded Strike","PiercingWail","Flying Knee","PiercingWail","Blur","Footwork","Poisoned Stab+1","Doubt","Bane+1","Flying Knee+1","Die Die Die+1","Concentrate","Dash+1","Terror","Bane+1","Malaise","Dash+1","Backflip","Bouncing Flask","Acrobatics"],"relics":["Pandora\u0027s Box","Molten Egg 2","Omamori","Nloth\u0027s Gift","Art of War","Paper Crane","Mummified Hand"],"potions_floor_usage":[8,16,18,20,21,24,24,33,33,33],"damage_taken":[{"damage":0,"enemies":"2 Louse","floor":1,"turns":3},{"damage":9,"enemies":"Jaw Worm","floor":2,"turns":4},{"damage":2,"enemies":"Small Slimes","floor":4,"turns":3},{"damage":0,"enemies":"Exordium Wildlife","floor":8,"turns":3},{"damage":2,"enemies":"Red Slaver","floor":11,"turns":4},{"damage":36,"enemies":"Hexaghost","floor":16,"turns":10},{"damage":9,"enemies":"Chosen","floor":18,"turns":5},{"damage":15,"enemies":"3 Byrds","floor":20,"turns":6},{"damage":11,"enemies":"Snecko","floor":21,"turns":6},{"damage":4,"enemies":"Snake Plant","floor":22,"turns":5},{"damage":40,"enemies":"Gremlin Leader","floor":24,"turns":7},{"damage":5,"enemies":"Shelled Parasite and Fungi","floor":27,"turns":5},{"damage":18,"enemies":"Snecko","floor":28,"turns":5},{"damage":4,"enemies":"Cultist and Chosen","floor":30,"turns":5},{"damage":60,"enemies":"Champ","floor":33,"turns":11}],"seed_played":"8789763042645046480","potions_obtained":[{"floor":2,"key":"GamblersBrew"},{"floor":16,"key":"PowerPotion"},{"floor":22,"key":"Block Potion"},{"floor":24,"key":"SpeedPotion"},{"floor":30,"key":"Strength Potion"}],"is_trial":false,"path_per_floor":["M","M","?","M","$","R","?","M","T","?","M","$","R","?","R","B",null,"M","?","M","M","M","R","E","R","T","M","M","$","M","?","R","B"],"character_chosen":"THE_SILENT","items_purchased":["Footwork","Poisoned Stab+1","Omamori","Mummified Hand","Bouncing Flask"],"campfire_rested":4,"item_purchase_floors":[5,5,12,29,29],"current_hp_per_floor":[70,61,49,47,47,47,47,47,47,52,50,50,50,50,72,36,75,66,66,63,52,48,70,30,52,52,47,29,29,25,25,47,0],"gold":38,"neow_bonus":"BOSS_RELIC","is_prod":false,"is_daily":false,"chose_seed":false,"campfire_upgraded":1,"win_rate":0,"timestamp":1547412891,"path_taken":["M","M","?","M","$","R","?","M","T","?","?","?","R","?","R","BOSS","M","?","M","M","?","R","E","R","T","M","M","$","M","?","R","BOSS"],"build_version":"2019-01-10","purchased_purges":0,"victory":false,"max_hp_per_floor":[70,70,70,70,70,70,70,70,70,75,75,75,75,75,75,75,75,75,75,75,75,75,75,75,75,75,75,75,75,75,75,75,75],"card_choices":[{"not_picked":["Dagger Throw","Accuracy"],"picked":"Flying Knee","floor":1},{"not_picked":["Flechettes","Endless Agony"],"picked":"PiercingWail","floor":2},{"not_picked":["Acrobatics","Dodge and Roll"],"picked":"Blur","floor":4},{"not_picked":["Sucker Punch+1","Backflip"],"picked":"Bane+1","floor":8},{"not_picked":["Sucker Punch+1","Expertise"],"picked":"Flying Knee+1","floor":11},{"not_picked":["Burst","Unload+1"],"picked":"Die Die Die+1","floor":16},{"not_picked":[],"picked":"Concentrate","floor":18},{"not_picked":["All Out Attack+1","Backflip"],"picked":"Dash+1","floor":20},{"not_picked":["Deflect","Quick Slash+1"],"picked":"Terror","floor":21},{"not_picked":["Deadly Poison+1","Crippling Poison"],"picked":"Bane+1","floor":22},{"not_picked":["Endless Agony+1","Reflex"],"picked":"Malaise","floor":24},{"not_picked":["Dagger Spray+1","Blade Dance"],"picked":"Dash+1","floor":27},{"not_picked":["Blade Dance","Prepared"],"picked":"Backflip","floor":28},{"not_picked":["Outmaneuver","Finisher+1"],"picked":"Acrobatics","floor":30}],"player_experience":58064,"relics_obtained":[{"floor":24,"key":"Art of War"},{"floor":26,"key":"Paper Crane"}],"event_choices":[{"damage_healed":0,"gold_gain":0,"player_choice":"Success","damage_taken":12,"relics_obtained":["Molten Egg 2"],"max_hp_gain":0,"max_hp_loss":0,"event_name":"Scrap Ooze","floor":3,"gold_loss":0},{"damage_healed":0,"gold_gain":175,"player_choice":"AGREE","damage_taken":0,"max_hp_gain":0,"max_hp_loss":0,"event_name":"Liars Game","floor":7,"gold_loss":0,"cards_obtained":["Doubt"]},{"damage_healed":0,"gold_gain":0,"player_choice":"Donut","damage_taken":0,"max_hp_gain":5,"max_hp_loss":0,"event_name":"Big Fish","floor":10,"gold_loss":0},{"damage_healed":0,"gold_gain":69,"player_choice":"Gained Gold","damage_taken":0,"max_hp_gain":0,"max_hp_loss":0,"event_name":"Golden Wing","floor":14,"gold_loss":0},{"damage_healed":0,"gold_gain":0,"player_choice":"Traded Relic","damage_taken":0,"relics_obtained":["Nloth\u0027s Gift"],"max_hp_gain":0,"max_hp_loss":0,"event_name":"N\u0027loth","floor":19,"relics_lost":["Busted Crown"],"gold_loss":0},{"damage_healed":0,"gold_gain":0,"player_choice":"Ignored","damage_taken":0,"max_hp_gain":0,"max_hp_loss":0,"event_name":"Beggar","floor":31,"gold_loss":0}],"is_beta":false,"boss_relics":[{"not_picked":["Coffee Dripper","Eternal Feather"],"picked":"Busted Crown"}],"items_purged_floors":[],"is_endless":false,"potions_floor_spawned":[2,16,20,22,24,30],"killed_by":"Champ","ascension_level":0}