{"gold_per_floor":[111,127,143,161,161,161,46,82,109,109,129,172,172,186,186,282,282,297,119,140,140,160,160,160],"floor_reached":24,"playtime":845,"items_purged":["Strike_B","Strike_B"],"score":516,"play_id":"c25bd9b7-88c9-4ad7-8093-d01ecec14b1c","local_time":"20190303172706","is_ascension_mode":true,"campfire_choices":[{"data":"Defragment","floor":6.0,"key":"SMITH"},{"data":"Zap","floor":10.0,"key":"SMITH"},{"data":"Buffer","floor":13.0,"key":"SMITH"},{"floor":15.0,"key":"REST"},{"data":"Buffer","floor":23.0,"key":"SMITH"}],"neow_cost":"NONE","seed_source_timestamp":205142835589727,"circlet_count":0,"master_deck":["AscendersBane","Strike_B","Strike_B","Defend_B","Defend_B","Defend_B","Defend_B","Zap+1","Dualcast","Gash","Defragment+1","Buffer+1","Cold Snap","Doom and Gloom","Sweeping Beam","Conserve Battery","Buffer+1","Rip and Tear","Fission","Go for the Eyes+1","Seek","Conserve Battery","RitualDagger","Capacitor"],"special_seed":0,"relics":["Cracked Core","Golden Idol","Regal Pillow","Omamori","Boot","Sozu"],"potions_floor_usage":[],"damage_taken":[{"damage":2.0,"enemies":"2 Louse","floor":1.0,"turns":4.0},{"damage":7.0,"enemies":"Jaw Worm","floor":2.0,"turns":3.0},{"damage":0.0,"enemies":"Small Slimes","floor":3.0,"turns":3.0},{"damage":14.0,"enemies":"Exordium Thugs","floor":4.0,"turns":4.0},{"damage":2.0,"enemies":"Lagavulin","floor":8.0,"turns":7.0},{"damage":6.0,"enemies":"Gremlin Gang","floor":11.0,"turns":2.0},{"damage":21.0,"enemies":"Gremlin Nob","floor":12.0,"turns":4.0},{"damage":11.0,"enemies":"3 Louse","floor":14.0,"turns":3.0},{"damage":0.0,"enemies":"Slime Boss","floor":16.0,"turns":6.0},{"damage":0.0,"enemies":"Spheric Guardian","floor":18.0,"turns":5.0},{"damage":2.0,"enemies":"Chosen","floor":20.0,"turns":6.0},{"damage":6.0,"enemies":"Snake Plant","floor":22.0,"turns":4.0},{"damage":59,"enemies":"Slavers","floor":24,"turns":4}],"seed_played":"-2710593024551411633","potions_obtained":[{"floor":2.0,"key":"Weak Potion"},{"floor":3.0,"key":"Explosive Potion"},{"floor":8.0,"key":"SkillPotion"},{"floor":11.0,"key":"Energy Potion"},{"floor":16.0,"key":"SneckoOil"}],"is_trial":false,"path_per_floor":["M","M","M","M","?","R","$","E","T","R","M","E","R","M","R","B",null,"M","$","M","?","M","R","E"],"character_chosen":"DEFECT","items_purchased":["Doom and Gloom","Seek"],"campfire_rested":1,"item_purchase_floors":[7,19],"current_hp_per_floor":[69,62,62,48,48,48,48,46,46,46,40,19,19,8,44,44,64,64,64,62,56,50,50,0],"gold":160,"neow_bonus":"TEN_PERCENT_HP_BONUS","is_prod":false,"is_daily":false,"chose_seed":false,"campfire_upgraded":4,"win_rate":0,"timestamp":1551652026,"path_taken":["M","M","M","M","?","R","$","E","T","R","M","E","R","M","R","BOSS","M","$","M","?","M","R","E"],"build_version":"2019-01-23","purchased_purges":2,"victory":false,"max_hp_per_floor":[78,78,78,78,71,71,71,71,71,71,71,71,71,71,71,71,71,71,71,71,71,71,71,71],"card_choices":[{"not_picked":["Barrage","Recycle"],"picked":"Gash","floor":1.0},{"not_picked":["Redo","Ball Lightning"],"picked":"Defragment","floor":2.0},{"not_picked":["Consume","Genetic Algorithm"],"picked":"Buffer","floor":3.0},{"not_picked":["Conserve Battery","Beam Cell"],"picked":"Cold Snap","floor":4.0},{"not_picked":["Hologram","Compile Driver"],"picked":"Sweeping Beam","floor":8.0},{"not_picked":["Aggregate","Turbo"],"picked":"Conserve Battery","floor":11.0},{"not_picked":["Scrape","Cold Snap"],"picked":"Buffer","floor":12.0},{"not_picked":["Compile Driver","Darkness"],"picked":"Rip and Tear","floor":14.0},{"not_picked":["Meteor Strike","Machine Learning"],"picked":"Fission","floor":16.0},{"not_picked":["Blizzard","Darkness"],"picked":"Go for the Eyes+1","floor":18.0},{"not_picked":["Hologram","Fusion"],"picked":"Conserve Battery","floor":20.0},{"not_picked":["Heatsinks","Scrape+1"],"picked":"Capacitor","floor":22.0}],"player_experience":670667,"relics_obtained":[{"floor":8.0,"key":"Regal Pillow"},{"floor":9.0,"key":"Omamori"},{"floor":12.0,"key":"Boot"}],"event_choices":[{"damage_healed":0.0,"max_hp_gain":0.0,"max_hp_loss":7.0,"gold_gain":0.0,"event_name":"Golden Idol","player_choice":"Lose Max HP","floor":5.0,"gold_loss":0.0,"damage_taken":0.0,"relics_obtained":["Golden Idol"]},{"damage_healed":0.0,"max_hp_gain":0.0,"max_hp_loss":0.0,"gold_gain":0.0,"event_name":"Nest","player_choice":"Joined the Cult","floor":21.0,"gold_loss":0.0,"damage_taken":6.0,"cards_obtained":["RitualDagger"]}],"is_beta":false,"boss_relics":[{"not_picked":["Empty Cage","Astrolabe"],"picked":"Sozu"}],"items_purged_floors":[7,19],"is_endless":false,"potions_floor_spawned":[2,3,8,11,16,20,22],"killed_by":"Slavers","ascension_level":20}