{"path_per_floor":["M","?","M","?","M","E","M","E","T","M","E","M","M","?","R","B",null,"M","M","M","?","M","E","$","R","T","?","E","M"],"character_chosen":"THE_SILENT","items_purchased":["War Paint","Jack Of All Trades"],"gold_per_floor":[109,109,128,303,320,345,356,383,409,425,453,471,486,486,486,589,589,605,616,628,628,646,679,356,356,356,406,435,450,450],"floor_reached":30,"campfire_rested":1,"playtime":3235,"item_purchase_floors":[24,24],"current_hp_per_floor":[70,56,56,56,56,47,44,31,31,20,20,20,10,10,10,6,70,70,56,24,24,6,6,6,42,42,42,14,1,0],"items_purged":["Strike_G"],"gold":450,"score":319,"play_id":"2c728eb7-ff0f-4fd1-9cf7-ca153199a591","local_time":"20180615183609","is_prod":false,"is_daily":false,"chose_seed":false,"is_ascension_mode":false,"campfire_upgraded":1,"win_rate":0,"timestamp":1529112969,"campfire_choices":[{"data":"Envenom","floor":15,"key":"SMITH"},{"floor":25,"key":"REST"}],"path_taken":["M","?","M","?","M","E","M","E","T","M","E","M","M","?","R","BOSS","M","M","M","?","M","E","?","R","T","?","E","M","M"],"build_version":"2018-06-14v2","seed_source_timestamp":9350477785065760,"purchased_purges":1,"victory":false,"master_deck":["Defend_G","Defend_G","Defend_G","Defend_G","Defend_G","Strike_G","Strike_G+1","Survivor","Neutralize","Glass Knife+1","Cloak And Dagger","Blade Dance","Poisoned Stab","Tactician","Backflip","Flechettes","Cloak And Dagger+1","Predator","Envenom+1","Dagger Spray","Bullet Time+1","Caltrops+1","Reflex+1","Prepared+1","Dagger Throw+1","Envenom","Jack Of All Trades","Tactician","Dodge and Roll+1"],"max_hp_per_floor":[70,70,70,70,70,70,70,70,70,70,70,70,70,70,70,70,70,70,70,70,70,70,70,70,70,70,70,70,70,70],"relics":["Ring of the Snake","Potion Belt","Regal Pillow","Singing Bowl","Orichalcum","Empty Cage","Snake Skull","War Paint","Dodecahedron","Pen Nib"],"card_choices":[{"not_picked":["Reflex","Underhanded Strike"],"picked":"Cloak And Dagger","floor":1},{"not_picked":["Endless Agony","All Out Attack"],"picked":"Blade Dance","floor":3},{"not_picked":["Heel Hook","Deflect"],"picked":"Poisoned Stab","floor":5},{"not_picked":["Flechettes","Sucker Punch"],"picked":"Tactician","floor":6},{"not_picked":["Expertise","Escape Plan"],"picked":"Backflip","floor":7},{"not_picked":["All Out Attack","Deadly Poison"],"picked":"Flechettes","floor":8},{"not_picked":["Sucker Punch","Crippling Poison"],"picked":"Cloak And Dagger","floor":10},{"not_picked":["Deflect","Prepared"],"picked":"Predator","floor":11},{"not_picked":["Predator","Heel Hook"],"picked":"Envenom","floor":12},{"not_picked":["Poisoned Stab","PiercingWail"],"picked":"Dagger Spray","floor":13},{"not_picked":["Wraith Form v2","Doppelganger"],"picked":"Bullet Time","floor":16},{"not_picked":["Prepared","Flechettes"],"picked":"Caltrops+1","floor":18},{"not_picked":["Deadly Poison+1","Cloak And Dagger"],"picked":"Reflex+1","floor":19},{"not_picked":["Expertise","Escape Plan"],"picked":"Prepared+1","floor":20},{"not_picked":["Prepared","Underhanded Strike"],"picked":"Dagger Throw+1","floor":22},{"not_picked":["Poisoned Stab","Flying Knee"],"picked":"Envenom","floor":23},{"not_picked":["Quick Slash","Dagger Throw"],"picked":"Tactician","floor":28},{"not_picked":["Backflip","Quick Slash"],"picked":"Dodge and Roll+1","floor":29}],"player_experience":79592,"potions_floor_usage":[8,11,11,16,16,23,23,23,28,28],"damage_taken":[{"damage":0,"enemies":"Jaw Worm","floor":1,"turns":2},{"damage":0,"enemies":"Small Slimes","floor":3,"turns":3},{"damage":0,"enemies":"2 Louse","floor":5,"turns":2},{"damage":9,"enemies":"3 Sentries","floor":6,"turns":8},{"damage":3,"enemies":"Exordium Thugs","floor":7,"turns":4},{"damage":13,"enemies":"Lagavulin","floor":8,"turns":8},{"damage":11,"enemies":"Large Slime","floor":10,"turns":6},{"damage":0,"enemies":"Gremlin Nob","floor":11,"turns":2},{"damage":0,"enemies":"2 Fungi Beasts","floor":12,"turns":4},{"damage":10,"enemies":"Red Slaver","floor":13,"turns":4},{"damage":4,"enemies":"The Guardian","floor":16,"turns":12},{"damage":0,"enemies":"3 Byrds","floor":18,"turns":3},{"damage":14,"enemies":"Spheric Guardian","floor":19,"turns":4},{"damage":32,"enemies":"Snake Plant","floor":20,"turns":4},{"damage":18,"enemies":"Cultist and Chosen","floor":22,"turns":7},{"damage":8,"enemies":"Book of Stabbing","floor":23,"turns":4},{"damage":37,"enemies":"Slavers","floor":28,"turns":5},{"damage":13,"enemies":"Centurion and Healer","floor":29,"turns":3},{"damage":1,"enemies":"3 Cultists","floor":30,"turns":2}],"relics_obtained":[{"floor":6,"key":"Potion Belt"},{"floor":8,"key":"Regal Pillow"},{"floor":9,"key":"Singing Bowl"},{"floor":11,"key":"Orichalcum"},{"floor":23,"key":"Snake Skull"},{"floor":26,"key":"Dodecahedron"},{"floor":28,"key":"Pen Nib"}],"event_choices":[{"event_name":"Shining Light","player_choice":"Entered Light","floor":2,"damage_taken":0},{"event_name":"Liars Game","player_choice":"agreed","floor":4,"damage_taken":0},{"event_name":"Purifier","player_choice":"One Purge","floor":14,"damage_taken":0},{"event_name":"The Lab","player_choice":"Got Potions","floor":21,"damage_taken":0},{"event_name":"The Joust","player_choice":"Bet on Murderer","floor":27,"damage_taken":0}],"boss_relics":[{"not_picked":["Velvet Choker","Orrery"],"picked":"Empty Cage"}],"items_purged_floors":[24],"is_endless":false,"potions_floor_spawned":[1,6,7,10,11,12,20,23],"seed_played":"2746791860456370537","killed_by":"3 Cultists","ascension_level":0,"potions_obtained":[{"floor":1,"key":"Strength Potion"},{"floor":6,"key":"Energy Potion"},{"floor":7,"key":"Weak Potion"},{"floor":10,"key":"Ancient Potion"},{"floor":11,"key":"Swift Potion"},{"floor":12,"key":"GhostInAJar"},{"floor":20,"key":"Energy Potion"},{"floor":21,"key":"GamblersBrew"},{"floor":21,"key":"FairyPotion"},{"floor":21,"key":"Weak Potion"},{"floor":23,"key":"Regen Potion"}],"is_trial":false}