{"gold_per_floor":[116,116,133,103,115,141,141,151,151,162,181,196,216,391,391,496,496,506,506,520,82,100,100,118,130,154,154,166,166],"floor_reached":29,"playtime":1120,"items_purged":[],"score":245,"play_id":"acdcc615-eae7-4738-bc84-5d9eccda4b8c","local_time":"20190121215203","is_ascension_mode":true,"campfire_choices":[{"floor":7,"key":"RECALL"},{"floor":15,"key":"REST"},{"floor":23,"key":"REST"},{"floor":27,"key":"REST"}],"neow_cost":"NONE","seed_source_timestamp":1117283540124081,"circlet_count":0,"master_deck":["Strike_R","Strike_R","Strike_R","Strike_R","Strike_R","Defend_R","Defend_R","Defend_R","Defend_R","Bash","Twin Strike","Reckless Charge","Twin Strike","Perfected Strike","Inflame","Sword Boomerang","Cleave","Flame Barrier","Doubt","Reaper","Rampage","Heavy Blade","Shrug It Off","Apotheosis","Spot Weakness","Twin Strike","Clash","Rampage","Warcry"],"relics":["Burning Blood","Red Skull","White Beast Statue","Membership Card","Regal Pillow"],"potions_floor_usage":[6,16,20,25,29,29],"damage_taken":[{"damage":14,"enemies":"Jaw Worm","floor":1,"turns":4},{"damage":2,"enemies":"2 Louse","floor":3,"turns":3},{"damage":1,"enemies":"Cultist","floor":5,"turns":3},{"damage":49,"enemies":"Lagavulin","floor":6,"turns":6},{"damage":4,"enemies":"Gremlin Gang","floor":8,"turns":3},{"damage":11,"enemies":"Large Slime","floor":10,"turns":3},{"damage":0,"enemies":"2 Fungi Beasts","floor":11,"turns":2},{"damage":8,"enemies":"Exordium Thugs","floor":12,"turns":4},{"damage":7,"enemies":"Looter","floor":13,"turns":4},{"damage":51,"enemies":"Hexaghost","floor":16,"turns":9},{"damage":28,"enemies":"2 Thieves","floor":18,"turns":4},{"damage":15,"enemies":"3 Byrds","floor":20,"turns":6},{"damage":45,"enemies":"Sentry and Sphere","floor":22,"turns":6},{"damage":21,"enemies":"Chosen and Byrds","floor":24,"turns":5},{"damage":10,"enemies":"Cultist and Chosen","floor":25,"turns":4},{"damage":46,"enemies":"Shelled Parasite and Fungi","floor":28,"turns":6},{"damage":78,"enemies":"Slavers","floor":29,"turns":5}],"seed_played":"1213894677740883290","potions_obtained":[{"floor":1,"key":"Ancient Potion"},{"floor":4,"key":"Ancient Potion"},{"floor":4,"key":"Swift Potion"},{"floor":6,"key":"SpeedPotion"},{"floor":10,"key":"AttackPotion"},{"floor":18,"key":"SkillPotion"},{"floor":20,"key":"Strength Potion"},{"floor":22,"key":"BloodPotion"},{"floor":25,"key":"Weak Potion"}],"is_trial":false,"path_per_floor":["M","?","M","?","M","E","R","M","T","M","M","M","M","?","R","B",null,"M","?","M","$","M","R","M","M","T","R","M","E"],"character_chosen":"IRONCLAD","items_purchased":["Apotheosis","Spot Weakness","Membership Card"],"campfire_rested":3,"item_purchase_floors":[21,21,21],"current_hp_per_floor":[80,80,84,84,88,45,45,47,47,42,48,46,45,45,71,26,88,66,66,63,63,24,50,41,57,57,88,59,0],"gold":166,"neow_bonus":"TEN_PERCENT_HP_BONUS","is_prod":false,"is_daily":false,"chose_seed":false,"campfire_upgraded":0,"win_rate":0,"timestamp":1548125523,"path_taken":["M","?","M","?","M","E","R","M","T","M","?","M","?","?","R","BOSS","M","?","M","$","M","R","M","M","T","R","M","E"],"build_version":"2019-01-17v2","purchased_purges":0,"victory":false,"max_hp_per_floor":[88,88,88,88,88,88,88,88,88,88,88,88,88,88,88,88,88,88,88,88,88,88,88,88,88,88,88,88,88],"card_choices":[{"not_picked":["Blood for Blood","Shrug It Off"],"picked":"Twin Strike","floor":1},{"not_picked":["Evolve","Wild Strike"],"picked":"Reckless Charge","floor":3},{"not_picked":["Thunderclap","Corruption"],"picked":"Twin Strike","floor":5},{"not_picked":["Body Slam","Dark Embrace"],"picked":"Sentinel","floor":6},{"not_picked":["Iron Wave","Sever Soul"],"picked":"Perfected Strike","floor":8},{"not_picked":["Anger","Iron Wave"],"picked":"Inflame","floor":10},{"not_picked":["Warcry","Anger"],"picked":"Sword Boomerang","floor":11},{"not_picked":["Armaments","Headbutt"],"picked":"Cleave","floor":12},{"not_picked":["Body Slam","Burning Pact"],"picked":"Flame Barrier","floor":13},{"not_picked":["Bludgeon","Berserk"],"picked":"Reaper","floor":16},{"not_picked":["Ghostly Armor","Armaments"],"picked":"Rampage","floor":18},{"not_picked":["Clothesline","Dropkick"],"picked":"Shrug It Off","floor":20},{"not_picked":["Sentinel+1","Warcry"],"picked":"Twin Strike","floor":22},{"not_picked":["Seeing Red","Shrug It Off"],"picked":"Clash","floor":24},{"not_picked":["Body Slam","Wild Strike"],"picked":"Rampage","floor":25},{"not_picked":["True Grit","Berserk"],"picked":"Warcry","floor":28}],"player_experience":97138,"relics_obtained":[{"floor":6,"key":"Red Skull"},{"floor":26,"key":"Regal Pillow"}],"event_choices":[{"damage_healed":0,"gold_gain":0,"player_choice":"Ignored","damage_taken":0,"max_hp_gain":0,"max_hp_loss":0,"event_name":"Golden Wing","floor":2,"gold_loss":0},{"damage_healed":0,"gold_gain":0,"player_choice":"Bought 2 Potions","damage_taken":0,"max_hp_gain":0,"max_hp_loss":0,"event_name":"The Woman in Blue","floor":4,"gold_loss":0},{"damage_healed":0,"gold_gain":175,"player_choice":"AGREE","damage_taken":0,"max_hp_gain":0,"max_hp_loss":0,"event_name":"Liars Game","floor":14,"gold_loss":0,"cards_obtained":["Doubt"]},{"damage_healed":0,"gold_gain":0,"cards_transformed":["Sentinel"],"player_choice":"Transformed","damage_taken":0,"max_hp_gain":0,"max_hp_loss":0,"event_name":"Transmorgrifier","floor":19,"gold_loss":0,"cards_obtained":["Heavy Blade"]}],"is_beta":false,"boss_relics":[{"not_picked":["Black Blood","Empty Cage"],"picked":"White Beast Statue"}],"items_purged_floors":[],"is_endless":false,"potions_floor_spawned":[1,6,10,11,18,20,22,24,25,28],"killed_by":"Slavers","ascension_level":1}