{"gold_per_floor":[119,119,119,119,133,458,469,469,469,485,485,497,528,547,547,644,644],"floor_reached":17,"playtime":687,"items_purged":[],"score":167,"play_id":"71173364-41ab-4657-ab85-17f53058ffbc","local_time":"20181223052844","is_ascension_mode":false,"campfire_choices":[{"floor":8,"key":"REST"},{"floor":11,"key":"REST"},{"floor":15,"key":"REST"}],"neow_cost":"NONE","seed_source_timestamp":70848514802991,"circlet_count":0,"master_deck":["Strike_B","Strike_B","Strike_B","Defend_B","Defend_B","Defend_B","Zap","Dualcast","Conserve Battery","White Noise","Capacitor","Coolheaded","Tempest","Storm","Multi-Cast","Ball Lightning","Multi-Cast"],"special_seed":0,"relics":["Cracked Core","Darkstone Periapt","Old Coin","Symbiotic Virus","Vajra"],"potions_floor_usage":[6,16,16],"damage_taken":[{"damage":1.0,"enemies":"Cultist","floor":1.0,"turns":4.0},{"damage":2.0,"enemies":"Small Slimes","floor":5.0,"turns":3.0},{"damage":45,"enemies":"Gremlin Nob","floor":6,"turns":6},{"damage":2,"enemies":"2 Louse","floor":7,"turns":3},{"damage":16,"enemies":"2 Fungi Beasts","floor":10,"turns":4},{"damage":8,"enemies":"Red Slaver","floor":12,"turns":2},{"damage":8,"enemies":"Lagavulin","floor":13,"turns":5},{"damage":11,"enemies":"Exordium Thugs","floor":14,"turns":4},{"damage":33,"enemies":"Hexaghost","floor":16,"turns":8}],"seed_played":"-8775290182158311385","potions_obtained":[{"floor":1.0,"key":"FairyPotion"},{"floor":5.0,"key":"EssenceOfSteel"},{"floor":12,"key":"LiquidBronze"},{"floor":13,"key":"LiquidBronze"},{"floor":16,"key":"AttackPotion"}],"is_trial":false,"path_per_floor":["M","?","?","?","M","E","M","R","T","M","R","M","E","M","R","B",null],"character_chosen":"DEFECT","items_purchased":[],"campfire_rested":3,"item_purchase_floors":[],"current_hp_per_floor":[81,78,78,71,69,24,22,46,46,30,54,46,38,27,51,18,18],"gold":644,"neow_bonus":"TEN_PERCENT_HP_BONUS","is_prod":false,"is_daily":false,"chose_seed":false,"campfire_upgraded":0,"win_rate":0,"timestamp":1545560924,"path_taken":["M","?","?","?","M","E","M","R","T","M","R","M","E","M","R","BOSS"],"build_version":"2018-12-20","purchased_purges":0,"victory":false,"max_hp_per_floor":[82,82,82,82,82,82,82,82,82,82,82,82,82,82,82,82,82],"card_choices":[{"not_picked":["Self Repair","Hologram"],"picked":"Conserve Battery","floor":1.0},{"not_picked":["Steam","Barrage"],"picked":"White Noise","floor":5.0},{"not_picked":["Chaos","Auto Shields"],"picked":"Capacitor","floor":6},{"not_picked":["Steam","Barrage"],"picked":"Coolheaded","floor":7},{"not_picked":["Cold Snap","Steam"],"picked":"Tempest","floor":10},{"not_picked":["Creative AI","Gash"],"picked":"Storm","floor":12},{"not_picked":["Steam","Sweeping Beam"],"picked":"Multi-Cast","floor":13},{"not_picked":["Sunder","Stack"],"picked":"Ball Lightning","floor":14},{"not_picked":["Core Surge","Biased Cognition"],"picked":"Multi-Cast","floor":16}],"player_experience":337433,"relics_obtained":[{"floor":6,"key":"Old Coin"},{"floor":9,"key":"Symbiotic Virus"},{"floor":13,"key":"Vajra"}],"event_choices":[{"damage_healed":0.0,"max_hp_gain":0.0,"max_hp_loss":0.0,"gold_gain":0.0,"event_name":"Scrap Ooze","player_choice":"Success","floor":2.0,"gold_loss":0.0,"damage_taken":3.0,"relics_obtained":["Darkstone Periapt"]},{"cards_removed":["Defend_B"],"damage_healed":0.0,"max_hp_gain":0.0,"max_hp_loss":0.0,"gold_gain":0.0,"event_name":"Living Wall","player_choice":"Forget","floor":3.0,"gold_loss":0.0,"damage_taken":0.0},{"cards_removed":["Strike_B"],"damage_healed":0.0,"max_hp_gain":0.0,"max_hp_loss":0.0,"gold_gain":0.0,"event_name":"Golden Wing","player_choice":"Card Removal","floor":4.0,"gold_loss":0.0,"damage_taken":7.0}],"is_beta":false,"boss_relics":[],"items_purged_floors":[],"is_endless":false,"potions_floor_spawned":[1,5,12,13,16],"ascension_level":0}