{"gold_per_floor":[119,119,139,150,69,102,102,127,152,152,152,4,15,15,15,139,139,155,169,169,94,112,147,147,166,213,213,234,250,250,281,281,410,410,429,329,383,7,7,38,38,62,85,85,103,103,325,340,340,340],"floor_reached":51,"playtime":1882,"items_purged":["Defend_B","Strike_B","Defend_B"],"score":878,"play_id":"a5db1cab-1baf-4554-b4b4-bbe3d1676034","local_time":"20180831193339","is_ascension_mode":false,"campfire_choices":[{"data":"Storm","floor":7,"key":"SMITH"},{"data":"Force Field","floor":15,"key":"SMITH"},{"floor":24,"key":"REST"},{"data":"Consume","floor":27,"key":"SMITH"},{"data":"Storm","floor":30,"key":"SMITH"},{"floor":32,"key":"REST"},{"data":"Capacitor","floor":41,"key":"SMITH"},{"floor":44,"key":"REST"},{"data":"Force Field","floor":49,"key":"SMITH"}],"neow_cost":"NONE","seed_source_timestamp":5440059957234,"circlet_count":0,"master_deck":["Strike_B+1","Zap","Dualcast+1","Biased Cognition","FTL","Self Repair","White Noise","Storm+1","Conserve Battery","Storm+1","Capacitor+1","Force Field+1","Buffer","Auto Shields","Heatsinks","Consume+1","Barrage+1","Conserve Battery","White Noise","Biased Cognition","Conserve Battery+1","Biased Cognition","Heatsinks","Mayhem","Secret Technique","Secret Weapon","Conserve Battery+1","Defragment+1","Force Field+1"],"relics":["Cracked Core","DataDisk","Bag of Marbles","Omamori","Golden Idol","Empty Cage","Dream Catcher","Mummified Hand","Regal Pillow","Red Mask","Busted Crown","Happy Flower","Dodecahedron","Strawberry"],"potions_floor_usage":[19,50],"damage_taken":[{"damage":5,"enemies":"Small Slimes","floor":1,"turns":2},{"damage":1,"enemies":"Cultist","floor":3,"turns":3},{"damage":6,"enemies":"Jaw Worm","floor":4,"turns":3},{"damage":21,"enemies":"Lagavulin","floor":6,"turns":4},{"damage":0,"enemies":"Gremlin Nob","floor":8,"turns":3},{"damage":6,"enemies":"3 Louse","floor":13,"turns":2},{"damage":9,"enemies":"Hexaghost","floor":16,"turns":5},{"damage":0,"enemies":"Spheric Guardian","floor":18,"turns":3},{"damage":20,"enemies":"3 Byrds","floor":19,"turns":3},{"damage":10,"enemies":"Snake Plant","floor":22,"turns":3},{"damage":44,"enemies":"Gremlin Leader","floor":23,"turns":5},{"damage":10,"enemies":"Cultist and Chosen","floor":25,"turns":3},{"damage":0,"enemies":"Centurion and Healer","floor":28,"turns":3},{"damage":8,"enemies":"Snake Plant","floor":29,"turns":3},{"damage":10,"enemies":"Masked Bandits","floor":31,"turns":2},{"damage":0,"enemies":"Champ","floor":33,"turns":5},{"damage":24,"enemies":"3 Darklings","floor":35,"turns":3},{"damage":21,"enemies":"Nemesis","floor":40,"turns":3},{"damage":0,"enemies":"3 Shapes","floor":42,"turns":2},{"damage":0,"enemies":"Maw","floor":45,"turns":3},{"damage":0,"enemies":"4 Shapes","floor":48,"turns":2},{"damage":0,"enemies":"Donu and Deca","floor":50,"turns":3}],"seed_played":"-5543882713047955915","potions_obtained":[{"floor":1,"key":"Ancient Potion"},{"floor":4,"key":"Explosive Potion"},{"floor":13,"key":"GamblersBrew"},{"floor":22,"key":"Strength Potion"},{"floor":40,"key":"Swift Potion"},{"floor":42,"key":"FocusPotion"}],"is_trial":false,"path_per_floor":["M","?","M","M","$","E","R","E","T","?","?","$","M","?","R","B",null,"M","M","?","$","M","E","R","M","T","R","M","M","R","?","R","B",null,"M","$","T","$","?","E","R","M","T","R","M","?","?","M","R","B"],"character_chosen":"DEFECT","items_purchased":["Storm","Capacitor","Heatsinks","Heatsinks","Mayhem"],"campfire_rested":3,"item_purchase_floors":[5,12,21,38,38],"current_hp_per_floor":[70,70,69,70,70,56,56,63,63,48,48,48,49,49,49,47,75,75,62,62,62,59,22,44,41,41,41,48,54,54,44,75,75,75,58,58,58,58,48,41,41,41,48,82,82,82,82,82,82,82],"gold":340,"neow_bonus":"ONE_RANDOM_RARE_CARD","is_prod":false,"is_daily":false,"chose_seed":false,"campfire_upgraded":6,"win_rate":0,"timestamp":1535758419,"path_taken":["M","?","M","M","$","E","R","E","T","?","?","$","M","?","R","BOSS","M","M","?","$","?","E","R","M","T","R","M","M","R","?","R","BOSS","M","$","?","$","?","E","R","M","T","R","?","?","?","M","R","BOSS"],"build_version":"2018-08-30","purchased_purges":3,"victory":true,"max_hp_per_floor":[75,75,75,75,75,75,75,75,75,75,75,75,75,75,75,75,75,75,75,75,75,75,75,75,75,75,75,75,75,75,75,75,75,75,75,75,75,75,75,75,75,75,82,82,82,82,82,82,82,82],"card_choices":[{"not_picked":["Sweeping Beam","Turbo"],"picked":"FTL","floor":1},{"not_picked":["Sweeping Beam","Stack"],"picked":"Self Repair","floor":3},{"not_picked":["Hologram","Tempest"],"picked":"White Noise","floor":4},{"not_picked":["Cold Snap","Leap"],"picked":"Conserve Battery","floor":6},{"not_picked":["Reinforced Body","Rebound"],"picked":"Storm","floor":8},{"not_picked":["Sweeping Beam","Capacitor"],"picked":"Force Field","floor":13},{"not_picked":["Multi-Cast","Rainbow"],"picked":"Buffer","floor":16},{"not_picked":["Turbo+1","Compile Driver","Leap"],"picked":"SKIP","floor":18},{"not_picked":["Beam Cell","Aggregate"],"picked":"Auto Shields","floor":19},{"not_picked":["Stack+1","Ball Lightning+1"],"picked":"Consume","floor":22},{"not_picked":["Thunder Strike","Sweeping Beam"],"picked":"Barrage+1","floor":23},{"not_picked":["Blizzard+1","Cold Snap+1"],"picked":"Conserve Battery","floor":24},{"not_picked":["Glacier","Go for the Eyes+1","Barrage+1"],"picked":"SKIP","floor":25},{"not_picked":["Streamline+1","Go for the Eyes"],"picked":"White Noise","floor":28},{"not_picked":["Rebound","Hologram","Rip and Tear"],"picked":"SKIP","floor":29},{"not_picked":["Sweeping Beam","Recycle"],"picked":"Biased Cognition","floor":31},{"not_picked":["Turbo","Hologram"],"picked":"Conserve Battery+1","floor":32},{"not_picked":["Rainbow","Fission"],"picked":"Biased Cognition","floor":33},{"not_picked":["Streamline+1"],"picked":"SKIP","floor":35},{"not_picked":[],"picked":"Secret Technique","floor":39},{"not_picked":[],"picked":"Secret Weapon","floor":39},{"not_picked":[],"picked":"Conserve Battery+1","floor":40},{"not_picked":["Cold Snap+1"],"picked":"SKIP","floor":42},{"not_picked":[],"picked":"Defragment+1","floor":44},{"not_picked":["Chaos"],"picked":"SKIP","floor":45},{"not_picked":[],"picked":"Force Field","floor":48}],"player_experience":150192,"relics_obtained":[{"floor":6,"key":"DataDisk"},{"floor":8,"key":"Bag of Marbles"},{"floor":9,"key":"Omamori"},{"floor":23,"key":"Mummified Hand"},{"floor":26,"key":"Regal Pillow"},{"floor":31,"key":"Red Mask"},{"floor":37,"key":"Happy Flower"},{"floor":40,"key":"Dodecahedron"},{"floor":43,"key":"Strawberry"}],"event_choices":[{"event_name":"Bonfire Elementals","player_choice":"BASIC","floor":2,"damage_taken":0},{"event_name":"Shining Light","player_choice":"Entered Light","floor":10,"damage_taken":0},{"event_name":"Living Wall","player_choice":"Forget","floor":11,"damage_taken":0},{"event_name":"Golden Idol","player_choice":"Take Wound","floor":14,"damage_taken":0},{"event_name":"The Mausoleum","player_choice":"Yes","floor":20,"damage_taken":0},{"event_name":"Masked Bandits","player_choice":"Fought Bandits","floor":31,"damage_taken":0},{"event_name":"SensoryStone","player_choice":"Memory 3","floor":39,"damage_taken":0},{"event_name":"SecretPortal","player_choice":"Rejected Portal.","floor":46,"damage_taken":0},{"event_name":"Tomb of Lord Red Mask","player_choice":"Wore Mask","floor":47,"damage_taken":0}],"is_beta":false,"boss_relics":[{"not_picked":["White Beast Statue","Black Star"],"picked":"Empty Cage"},{"not_picked":["Velvet Choker","Coffee Dripper"],"picked":"Busted Crown"}],"items_purged_floors":[12,36,38],"is_endless":false,"potions_floor_spawned":[1,4,13,16,18,22,25,29,40,42,45,48],"ascension_level":0}