{"gold_per_floor":[113,113,113,134,209,209,250,250,275,275],"floor_reached":10,"playtime":196,"items_purged":[],"score":156,"play_id":"a1f3ce75-8957-463b-b03e-119079c89ec9","local_time":"20190115204144","is_ascension_mode":true,"campfire_choices":[{"data":"Zap","floor":6,"key":"SMITH"},{"data":"Glacier","floor":8,"key":"SMITH"}],"neow_cost":"NONE","seed_source_timestamp":448034851679600,"circlet_count":0,"master_deck":["AscendersBane","Strike_B+1","Strike_B","Strike_B+1","Strike_B","Defend_B","Defend_B","Defend_B","Defend_B","Zap+1","Dualcast","Gash","Storm","Glacier+1"],"relics":["Cracked Core","NeowsBlessing","Happy Flower","Golden Idol","Blue Candle","Whetstone"],"potions_floor_usage":[5],"damage_taken":[{"damage":0,"enemies":"2 Louse","floor":1,"turns":1},{"damage":0,"enemies":"Small Slimes","floor":4,"turns":1},{"damage":0,"enemies":"3 Sentries","floor":7,"turns":1},{"damage":23,"enemies":"Lagavulin","floor":10,"turns":7}],"seed_played":"-5484631705616274415","potions_obtained":[{"floor":4,"key":"Fruit Juice"}],"is_trial":false,"path_per_floor":["M","?","?","M","?","R","E","R","T","E"],"character_chosen":"DEFECT","items_purchased":[],"campfire_rested":0,"item_purchase_floors":[],"current_hp_per_floor":[64,29,29,29,23,23,23,23,23,0],"gold":275,"neow_bonus":"THREE_ENEMY_KILL","is_prod":false,"is_daily":false,"chose_seed":false,"campfire_upgraded":2,"win_rate":0,"timestamp":1547613704,"path_taken":["M","?","?","M","?","R","E","R","T","E"],"build_version":"2019-01-10","purchased_purges":0,"victory":false,"max_hp_per_floor":[71,71,64,64,69,69,69,69,69,69],"card_choices":[{"not_picked":["Cold Snap","Rebound"],"picked":"Gash","floor":1},{"not_picked":["Leap","Conserve Battery"],"picked":"Storm","floor":4},{"not_picked":["Heatsinks","Sweeping Beam"],"picked":"Glacier","floor":7}],"player_experience":481069,"relics_obtained":[{"floor":7,"key":"Blue Candle"},{"floor":9,"key":"Whetstone"}],"event_choices":[{"damage_healed":0,"gold_gain":0,"player_choice":"Success","damage_taken":35,"relics_obtained":["Happy Flower"],"max_hp_gain":0,"max_hp_loss":0,"event_name":"Scrap Ooze","floor":2,"gold_loss":0},{"damage_healed":0,"gold_gain":0,"player_choice":"Lose Max HP","damage_taken":0,"relics_obtained":["Golden Idol"],"max_hp_gain":0,"max_hp_loss":7,"event_name":"Golden Idol","floor":3,"gold_loss":0},{"damage_healed":0,"gold_gain":75,"player_choice":"Gather Gold","damage_taken":11,"max_hp_gain":0,"max_hp_loss":0,"event_name":"World of Goop","floor":5,"gold_loss":0}],"is_beta":false,"boss_relics":[],"items_purged_floors":[],"is_endless":false,"potions_floor_spawned":[4],"killed_by":"Lagavulin","ascension_level":15}