{"gold_per_floor":[111,127,127,52,62,62,80,80,80,8,35,10,42,42,42,146,146,159,159,179,197,17,17,37,37,37,49,49,49,63,82,82,82],"floor_reached":33,"playtime":2265,"items_purged":["Strike_G","Strike_G"],"score":257,"play_id":"826b8c22-7f62-4623-9da6-c1aa12af0ad0","local_time":"20180813234815","is_ascension_mode":false,"campfire_choices":[{"data":"Neutralize","floor":6,"key":"SMITH"},{"data":"Catalyst","floor":8,"key":"SMITH"},{"data":"Noxious Fumes","floor":15,"key":"SMITH"},{"data":"Prepared","floor":23,"key":"SMITH"},{"data":"Reflex","floor":28,"key":"SMITH"},{"floor":32,"key":"REST"}],"neow_cost":"NONE","seed_source_timestamp":282776346133375,"circlet_count":0,"master_deck":["Defend_G","Defend_G","Defend_G","Defend_G","Strike_G","Survivor","Neutralize+1","Poisoned Stab","Reflex+1","Catalyst+1","Noxious Fumes+1","Dagger Throw+1","Backflip","Adrenaline","Prepared+1","Bouncing Flask","Well Laid Plans"],"relics":["Ring of the Snake","Juzu Bracelet","Gremlin Horn","Molten Egg 2","Potion Belt","Empty Cage","Dodecahedron"],"potions_floor_usage":[31],"damage_taken":[{"damage":1,"enemies":"Small Slimes","floor":1,"turns":5},{"damage":0,"enemies":"Jaw Worm","floor":2,"turns":3},{"damage":0,"enemies":"2 Louse","floor":5,"turns":3},{"damage":3,"enemies":"Exordium Thugs","floor":7,"turns":5},{"damage":11,"enemies":"Lagavulin","floor":11,"turns":8},{"damage":14,"enemies":"Gremlin Nob","floor":13,"turns":4},{"damage":35,"enemies":"Slime Boss","floor":16,"turns":10},{"damage":15,"enemies":"3 Byrds","floor":18,"turns":4},{"damage":0,"enemies":"Shell Parasite","floor":20,"turns":6},{"damage":10,"enemies":"Centurion and Healer","floor":21,"turns":7},{"damage":12,"enemies":"Snake Plant","floor":24,"turns":3},{"damage":0,"enemies":"Snecko","floor":27,"turns":3},{"damage":4,"enemies":"Centurion and Healer","floor":30,"turns":7},{"damage":18,"enemies":"Sentry and Sphere","floor":31,"turns":5},{"damage":27,"enemies":"Collector","floor":33,"turns":3}],"seed_played":"-3307750713937614855","potions_obtained":[{"floor":1,"key":"Strength Potion"},{"floor":11,"key":"Strength Potion"},{"floor":13,"key":"Weak Potion"},{"floor":20,"key":"SteroidPotion"},{"floor":24,"key":"LiquidBronze"},{"floor":31,"key":"GamblersBrew"}],"is_trial":false,"path_per_floor":["M","M","?","$","M","R","M","R","T","$","E","$","E","?","R","B",null,"M","?","M","M","$","R","M","$","T","M","R","?","M","M","R"],"character_chosen":"THE_SILENT","items_purchased":["Noxious Fumes","Dagger Throw+1","Well Laid Plans"],"campfire_rested":1,"item_purchase_floors":[10,12,22],"current_hp_per_floor":[69,69,62,62,62,62,59,59,59,59,48,48,34,39,39,4,75,60,46,46,36,36,36,24,24,24,24,24,24,20,2,26,0],"gold":82,"neow_bonus":"RANDOM_COMMON_RELIC","is_prod":false,"is_daily":false,"chose_seed":false,"campfire_upgraded":5,"win_rate":0,"timestamp":1534171695,"path_taken":["M","M","?","$","M","R","M","R","T","$","E","?","E","?","R","BOSS","M","?","M","M","$","R","M","?","T","M","R","?","M","M","R","BOSS"],"build_version":"2018-08-09","purchased_purges":2,"victory":false,"max_hp_per_floor":[70,70,70,70,70,70,70,70,70,70,70,70,70,75,75,75,75,75,80,80,80,80,80,80,80,80,80,80,80,80,80,80,80],"card_choices":[{"not_picked":["Accuracy","Quick Slash"],"picked":"Poisoned Stab","floor":1},{"not_picked":["Setup","Dodge and Roll","Bane"],"picked":"SKIP","floor":2},{"not_picked":["Deflect","Endless Agony"],"picked":"Reflex","floor":5},{"not_picked":["Dodge and Roll","Slice"],"picked":"Catalyst","floor":7},{"not_picked":["Predator","Deflect","Cloak And Dagger"],"picked":"SKIP","floor":11},{"not_picked":["All Out Attack+1","Malaise"],"picked":"Backflip","floor":13},{"not_picked":["Phantasmal Killer","Doppelganger"],"picked":"Adrenaline","floor":16},{"not_picked":["Prepared","Sucker Punch+1","Underhanded Strike+1"],"picked":"SKIP","floor":18},{"not_picked":["Prepared","Flechettes+1","Outmaneuver"],"picked":"SKIP","floor":20},{"not_picked":["Flechettes+1","Outmaneuver"],"picked":"Prepared","floor":20},{"not_picked":["PiercingWail","Prepared"],"picked":"Bouncing Flask","floor":21},{"not_picked":["Dagger Throw+1","Prepared","Flying Knee+1"],"picked":"SKIP","floor":24},{"not_picked":["Caltrops","Prepared","Cloak And Dagger+1"],"picked":"SKIP","floor":27},{"not_picked":["Prepared","PiercingWail","Quick Slash+1"],"picked":"SKIP","floor":30},{"not_picked":["Caltrops","Deadly Poison","Poisoned Stab+1"],"picked":"SKIP","floor":31}],"player_experience":607160,"relics_obtained":[{"floor":9,"key":"Gremlin Horn"},{"floor":11,"key":"Molten Egg 2"},{"floor":13,"key":"Potion Belt"},{"floor":26,"key":"Dodecahedron"}],"event_choices":[{"event_name":"Golden Wing","player_choice":"Card Removal","floor":3,"damage_taken":0},{"event_name":"Big Fish","player_choice":"Donut","floor":14,"damage_taken":0},{"event_name":"Forgotten Altar","player_choice":"Shed Blood","floor":19,"damage_taken":0},{"event_name":"Match and Keep!","player_choice":"0 cards matched","floor":29,"damage_taken":0}],"is_beta":false,"boss_relics":[{"not_picked":["Calling Bell","Pandora\u0027s Box"],"picked":"Empty Cage"}],"items_purged_floors":[4,22],"is_endless":false,"potions_floor_spawned":[1,11,13,20,24,31],"killed_by":"Collector","ascension_level":0}