{"gold_per_floor":[369,184,199,213,101,130,130,164,164,164,178,203,222,234,234,313,313,330,345,345,7,7,7,33,33,84,113,126,139,139,174,174,252,252,268,282,282,17,0,0,27,127,199,199,218,238,268,280,280,280,280],"floor_reached":51,"playtime":4206,"items_purged":[],"score":1770,"play_id":"5a52becc-d3e4-440d-9046-11835b4a28dd","local_time":"20190306010544","is_ascension_mode":true,"campfire_choices":[{"floor":7,"key":"REST"},{"floor":10,"key":"REST"},{"data":"Defragment","floor":15,"key":"SMITH"},{"data":"Defragment","floor":23,"key":"SMITH"},{"floor":25,"key":"REST"},{"data":"Zap","floor":32,"key":"SMITH"},{"data":"Biased Cognition","floor":40,"key":"SMITH"},{"floor":44,"key":"RECALL"},{"floor":49,"key":"REST"}],"neow_cost":"PERCENT_DAMAGE","seed_source_timestamp":298575881786160,"circlet_count":0,"master_deck":["AscendersBane","Strike_B+1","Strike_B+1","Strike_B+1","Strike_B+1","Defend_B+1","Defend_B+1","Defend_B+1","Defend_B+1","Zap+1","Dualcast","Cold Snap","Capacitor","Ball Lightning","Cold Snap","BootSequence","Conserve Battery","Defragment+1","Leap","Defragment+1","Ball Lightning","Creative AI","Biased Cognition+1","Echo Form","Ball Lightning+1","Ghostly","Ghostly","Ghostly","Panacea","Storm+1","Coolheaded+1","Chill","Sweeping Beam","Biased Cognition","Master of Strategy","Finesse","Blind","Turbo+1","Cold Snap+1"],"relics":["Cracked Core","Bottled Flame","Thread and Needle","Emotion Chip","StoneCalendar","Inserter","OrangePellets","Meat on the Bone","Oddly Smooth Stone","Cables","Lantern","Velvet Choker","Bottled Tornado","Red Mask","Kunai","Pocketwatch","Prayer Wheel"],"potions_floor_usage":[6,12,16,19,24,24,31,31,33,46,51],"damage_taken":[{"damage":2,"enemies":"Cultist","floor":1,"turns":4},{"damage":5,"enemies":"Jaw Worm","floor":3,"turns":2},{"damage":0,"enemies":"2 Louse","floor":4,"turns":2},{"damage":15,"enemies":"Gremlin Nob","floor":6,"turns":4},{"damage":13,"enemies":"3 Sentries","floor":8,"turns":7},{"damage":0,"enemies":"Large Slime","floor":11,"turns":4},{"damage":6,"enemies":"Gremlin Nob","floor":12,"turns":3},{"damage":4,"enemies":"Blue Slaver","floor":13,"turns":3},{"damage":0,"enemies":"3 Louse","floor":14,"turns":3},{"damage":4,"enemies":"Hexaghost","floor":16,"turns":10},{"damage":2,"enemies":"Spheric Guardian","floor":18,"turns":4},{"damage":16,"enemies":"Shell Parasite","floor":19,"turns":4},{"damage":18,"enemies":"Gremlin Leader","floor":24,"turns":5},{"damage":21,"enemies":"Book of Stabbing","floor":27,"turns":5},{"damage":12,"enemies":"Chosen and Byrds","floor":28,"turns":3},{"damage":5,"enemies":"Snecko","floor":29,"turns":3},{"damage":4,"enemies":"Slavers","floor":31,"turns":4},{"damage":0,"enemies":"Automaton","floor":33,"turns":9},{"damage":0,"enemies":"3 Shapes","floor":35,"turns":4},{"damage":0,"enemies":"Orb Walker","floor":36,"turns":3},{"damage":0,"enemies":"Nemesis","floor":41,"turns":5},{"damage":0,"enemies":"Mind Bloom Boss Battle","floor":42,"turns":5},{"damage":0,"enemies":"Writhing Mass","floor":45,"turns":5},{"damage":0,"enemies":"Spire Growth","floor":46,"turns":3},{"damage":5,"enemies":"Giant Head","floor":47,"turns":6},{"damage":3,"enemies":"4 Shapes","floor":48,"turns":3},{"damage":0,"enemies":"Donu and Deca","floor":50,"turns":8},{"damage":38,"enemies":"Awakened One","floor":51,"turns":3}],"seed_played":"-3033179732336363357","potions_obtained":[{"floor":3,"key":"Block Potion"},{"floor":8,"key":"FocusPotion"},{"floor":13,"key":"Weak Potion"},{"floor":14,"key":"Dexterity Potion"},{"floor":16,"key":"SpeedPotion"},{"floor":19,"key":"Strength Potion"},{"floor":28,"key":"SkillPotion"},{"floor":29,"key":"AttackPotion"},{"floor":31,"key":"SneckoOil"},{"floor":35,"key":"SteroidPotion"},{"floor":45,"key":"SkillPotion"},{"floor":46,"key":"Weak Potion"}],"is_trial":false,"path_per_floor":["M","$","M","M","$","E","R","E","T","R","M","E","M","M","R","B",null,"M","M","?","$","?","R","E","R","T","E","M","M","?","E","R","B",null,"M","M","?","$","?","R","E","?","T","R","M","M","E","M","R","B","B"],"character_chosen":"DEFECT","items_purchased":["Capacitor","Ball Lightning","Cold Snap","Defragment","Leap","OrangePellets","Panacea","Bottled Tornado"],"campfire_rested":4,"item_purchase_floors":[2,2,2,5,5,21,21,38],"current_hp_per_floor":[44,44,39,39,39,24,45,32,32,53,53,47,43,43,43,39,63,61,45,35,35,35,35,17,27,27,18,18,25,25,21,21,21,32,32,32,22,22,22,22,22,22,22,22,22,22,29,26,35,35,0],"gold":280,"neow_bonus":"TWO_FIFTY_GOLD","is_prod":false,"is_daily":false,"chose_seed":false,"campfire_upgraded":4,"win_rate":0,"timestamp":1551830744,"path_taken":["M","$","M","M","$","E","R","E","T","R","M","E","M","M","R","BOSS","M","?","?","$","?","R","E","R","T","E","M","M","?","E","R","BOSS","M","M","?","$","?","R","E","?","T","R","M","M","E","?","R","BOSS","BOSS"],"build_version":"2019-02-06","purchased_purges":0,"victory":false,"max_hp_per_floor":[71,71,71,71,71,71,71,71,71,71,71,71,71,71,71,71,71,71,71,35,35,35,35,35,35,35,35,35,35,35,35,35,35,35,35,35,35,35,35,35,35,35,35,35,35,35,35,35,35,35,35],"card_choices":[{"not_picked":["Conserve Battery","Double Energy"],"picked":"Cold Snap","floor":1},{"not_picked":["White Noise","Rebound"],"picked":"BootSequence","floor":3},{"not_picked":["Redo","Chaos"],"picked":"Conserve Battery","floor":4},{"not_picked":["Force Field","Blizzard"],"picked":"Defragment","floor":6},{"not_picked":["Sweeping Beam","Streamline"],"picked":"Ball Lightning","floor":8},{"not_picked":["Steam","Heatsinks","Stack"],"picked":"SKIP","floor":11},{"not_picked":["Beam Cell","Coolheaded"],"picked":"Creative AI","floor":12},{"not_picked":["Stack","Beam Cell","Chaos"],"picked":"SKIP","floor":13},{"not_picked":["Gash","Skim"],"picked":"Biased Cognition","floor":14},{"not_picked":["Meteor Strike","Seek"],"picked":"Echo Form","floor":16},{"not_picked":["Compile Driver","Genetic Algorithm"],"picked":"Ball Lightning+1","floor":18},{"not_picked":["Rip and Tear","Leap","Loop"],"picked":"SKIP","floor":19},{"not_picked":["Tempest","Glacier"],"picked":"Storm+1","floor":24},{"not_picked":["Aggregate","Streamline"],"picked":"Coolheaded+1","floor":27},{"not_picked":["Gash","Reprogram"],"picked":"Chill","floor":28},{"not_picked":["Rip and Tear","Tempest"],"picked":"Sweeping Beam","floor":29},{"not_picked":["Rebound","Stack+1","Compile Driver"],"picked":"SKIP","floor":31},{"not_picked":["Fission","Amplify"],"picked":"Biased Cognition","floor":33},{"not_picked":["Compile Driver","Conserve Battery","Steam"],"picked":"SKIP","floor":35},{"not_picked":["Cold Snap","Glacier","Hologram"],"picked":"SKIP","floor":36},{"not_picked":["Deep Breath","Forethought"],"picked":"Master of Strategy","floor":37},{"not_picked":["Purity","Dramatic Entrance"],"picked":"Finesse","floor":37},{"not_picked":["Swift Strike","Mind Blast"],"picked":"Blind","floor":37},{"not_picked":["Go for the Eyes","Defragment","Streamline"],"picked":"SKIP","floor":41},{"not_picked":["Streamline","Defragment"],"picked":"Turbo+1","floor":45},{"not_picked":["Static Discharge","Melter","Reinforced Body"],"picked":"SKIP","floor":46},{"not_picked":["Compile Driver","Meteor Strike","Streamline"],"picked":"SKIP","floor":47},{"not_picked":["Go for the Eyes","Rebound"],"picked":"Cold Snap+1","floor":48},{"not_picked":["Cold Snap","Coolheaded","Ball Lightning"],"picked":"SKIP","floor":48}],"player_experience":1351889,"relics_obtained":[{"floor":6,"key":"Bottled Flame"},{"floor":8,"key":"Thread and Needle"},{"floor":9,"key":"Emotion Chip"},{"floor":12,"key":"StoneCalendar"},{"floor":24,"key":"Meat on the Bone"},{"floor":26,"key":"Oddly Smooth Stone"},{"floor":27,"key":"Cables"},{"floor":31,"key":"Lantern"},{"floor":41,"key":"Kunai"},{"floor":42,"key":"Pocketwatch"},{"floor":47,"key":"Prayer Wheel"}],"event_choices":[{"damage_healed":0,"gold_gain":0,"player_choice":"Became a Ghost","damage_taken":0,"max_hp_gain":0,"max_hp_loss":36,"event_name":"Ghosts","floor":20,"gold_loss":0,"cards_obtained":["Ghostly","Ghostly","Ghostly"]},{"damage_healed":0,"gold_gain":0,"player_choice":"Simplicity","damage_taken":0,"max_hp_gain":0,"max_hp_loss":0,"event_name":"Back to Basics","floor":22,"gold_loss":0,"cards_upgraded":["Strike_B","Strike_B","Strike_B","Strike_B","Defend_B","Defend_B","Defend_B","Defend_B"]},{"damage_healed":0,"gold_gain":0,"player_choice":"Ignored","damage_taken":0,"max_hp_gain":0,"max_hp_loss":0,"event_name":"Beggar","floor":30,"gold_loss":0},{"damage_healed":0,"gold_gain":0,"player_choice":"Memory 3","damage_taken":10,"max_hp_gain":0,"max_hp_loss":0,"event_name":"SensoryStone","floor":37,"gold_loss":0},{"damage_healed":0,"gold_gain":0,"player_choice":"Paid","damage_taken":0,"relics_obtained":["Red Mask"],"max_hp_gain":0,"max_hp_loss":0,"event_name":"Tomb of Lord Red Mask","floor":39,"gold_loss":17},{"damage_healed":0,"gold_gain":0,"player_choice":"Fight","damage_taken":0,"max_hp_gain":0,"max_hp_loss":0,"event_name":"MindBloom","floor":42,"gold_loss":0}],"is_beta":true,"boss_relics":[{"not_picked":["FrozenCore","Runic Pyramid"],"picked":"Inserter"},{"not_picked":["Cursed Key","Tiny House"],"picked":"Velvet Choker"}],"items_purged_floors":[],"is_endless":false,"potions_floor_spawned":[3,8,13,14,16,19,28,29,31,35,45,46],"killed_by":"Awakened One","ascension_level":20}