{"gold_per_floor":[118,129,149,149,149,178,178,203,251,251],"floor_reached":10,"playtime":300,"items_purged":[],"score":91,"play_id":"01d5bacc-2c3a-4a55-b539-4bd5565b9b58","local_time":"20190223193815","is_ascension_mode":true,"campfire_choices":[{"floor":7,"key":"REST"}],"neow_cost":"NONE","seed_source_timestamp":780218737528390,"circlet_count":0,"master_deck":["Strike_B","Strike_B","Strike_B","Strike_B","Defend_B","Defend_B","Defend_B","Defend_B","Zap","Dualcast","Streamline","Ball Lightning","Sweeping Beam","Zap","Genetic Algorithm","Defragment"],"relics":["Cracked Core","NeowsBlessing","Kunai","DataDisk","Regal Pillow","Ancient Tea Set"],"potions_floor_usage":[10],"damage_taken":[{"damage":0,"enemies":"Jaw Worm","floor":1,"turns":1},{"damage":0,"enemies":"Small Slimes","floor":2,"turns":1},{"damage":0,"enemies":"Cultist","floor":3,"turns":1},{"damage":30,"enemies":"Lagavulin","floor":6,"turns":7},{"damage":40,"enemies":"3 Sentries","floor":8,"turns":6},{"damage":2,"enemies":"Gremlin Nob","floor":10,"turns":2}],"seed_played":"-4322686937830694497","potions_obtained":[{"floor":2,"key":"LiquidBronze"},{"floor":3,"key":"FocusPotion"}],"is_trial":false,"path_per_floor":["M","M","M","?","?","E","R","E","T","E"],"character_chosen":"DEFECT","items_purchased":[],"campfire_rested":1,"item_purchase_floors":[],"current_hp_per_floor":[75,75,75,50,50,20,42,2,2,0],"gold":251,"neow_bonus":"THREE_ENEMY_KILL","is_prod":false,"is_daily":false,"chose_seed":false,"campfire_upgraded":0,"win_rate":0,"timestamp":1550968695,"path_taken":["M","M","M","?","?","E","R","E","T","E"],"build_version":"2019-01-23","purchased_purges":0,"victory":false,"max_hp_per_floor":[75,75,75,75,75,75,75,75,75,75],"card_choices":[{"not_picked":["Stack","Fusion"],"picked":"Streamline","floor":1},{"not_picked":["Steam","Go for the Eyes"],"picked":"Ball Lightning","floor":2},{"not_picked":["Leap","Double Energy"],"picked":"Sweeping Beam","floor":3},{"not_picked":["Cold Snap","Darkness"],"picked":"Genetic Algorithm","floor":6},{"not_picked":["Cold Snap","Echo Form"],"picked":"Defragment","floor":8}],"player_experience":225799,"relics_obtained":[{"floor":6,"key":"DataDisk"},{"floor":8,"key":"Regal Pillow"},{"floor":9,"key":"Ancient Tea Set"}],"event_choices":[{"damage_healed":0,"gold_gain":0,"player_choice":"Success","damage_taken":25,"relics_obtained":["Kunai"],"max_hp_gain":0,"max_hp_loss":0,"event_name":"Scrap Ooze","floor":4,"gold_loss":0},{"damage_healed":0,"gold_gain":0,"player_choice":"1 cards matched","damage_taken":0,"max_hp_gain":0,"max_hp_loss":0,"event_name":"Match and Keep!","floor":5,"gold_loss":0,"cards_obtained":["Zap"]}],"is_beta":false,"boss_relics":[],"items_purged_floors":[],"is_endless":false,"potions_floor_spawned":[2,3],"killed_by":"Gremlin Nob","ascension_level":4}