{"gold_per_floor":[113,123,137,147,147,147,165,228,228,3,3,35,113,141,141,141],"floor_reached":16,"playtime":808,"items_purged":["Strike_B"],"score":210,"play_id":"a5710ba1-b537-4b41-a63b-59536c55aecd","local_time":"20190115233420","is_ascension_mode":true,"campfire_choices":[{"data":"Creative AI","floor":6,"key":"SMITH"},{"data":"Sunder","floor":15,"key":"SMITH"}],"neow_cost":"TEN_PERCENT_HP_LOSS","seed_source_timestamp":457777586296100,"circlet_count":0,"master_deck":["AscendersBane","Strike_B","Strike_B","Defend_B","Defend_B","Defend_B","Defend_B","Zap","Dualcast","Turbo","Hologram","Creative AI+1","Ball Lightning","Sunder+1","Echo Form","Defragment","Parasite","Ball Lightning+1","Sweeping Beam+1"],"relics":["Cracked Core","Gambling Chip","Tiny Chest","Molten Egg 2","Mercury Hourglass","DataDisk"],"potions_floor_usage":[8,12,12,12,12],"damage_taken":[{"damage":0,"enemies":"Cultist","floor":1,"turns":3},{"damage":1,"enemies":"Jaw Worm","floor":2,"turns":4},{"damage":1,"enemies":"2 Louse","floor":3,"turns":3},{"damage":11,"enemies":"Blue Slaver","floor":4,"turns":3},{"damage":4,"enemies":"2 Fungi Beasts","floor":7,"turns":3},{"damage":40,"enemies":"Lagavulin","floor":8,"turns":5},{"damage":23,"enemies":"Gremlin Nob","floor":12,"turns":4},{"damage":4,"enemies":"Lagavulin","floor":14,"turns":9},{"damage":12,"enemies":"Slime Boss","floor":16,"turns":5}],"seed_played":"-5760079875057404327","potions_obtained":[{"floor":3,"key":"EntropicBrew"},{"floor":7,"key":"PowerPotion"},{"floor":8,"key":"SteroidPotion"}],"is_trial":false,"path_per_floor":["M","M","M","M","?","R","M","E","T","$","?","E","T","E","R","B"],"character_chosen":"DEFECT","items_purchased":["Defragment","Regen Potion"],"campfire_rested":0,"item_purchase_floors":[10,10],"current_hp_per_floor":[64,63,62,51,51,51,47,7,7,7,23,12,12,8,8,0],"gold":141,"neow_bonus":"ONE_RARE_RELIC","is_prod":false,"is_daily":false,"chose_seed":false,"campfire_upgraded":2,"win_rate":0,"timestamp":1547624060,"path_taken":["M","M","M","?","?","R","?","E","T","$","?","E","?","E","R","BOSS"],"build_version":"2019-01-10","purchased_purges":1,"victory":false,"max_hp_per_floor":[64,64,64,64,64,64,64,64,64,64,64,64,64,64,64,64],"card_choices":[{"not_picked":["Steam","Rebound"],"picked":"Turbo","floor":1},{"not_picked":["Rebound","Turbo"],"picked":"Hologram","floor":2},{"not_picked":["Scrape","Sweeping Beam"],"picked":"Creative AI","floor":3},{"not_picked":["Leap","Auto Shields"],"picked":"Ball Lightning","floor":4},{"not_picked":["Beam Cell","Steam"],"picked":"Sunder","floor":7},{"not_picked":["Stack","Undo"],"picked":"Echo Form","floor":8},{"not_picked":["Gash","Cold Snap"],"picked":"Ball Lightning","floor":12},{"not_picked":["Go for the Eyes+1","Rip and Tear+1"],"picked":"Sweeping Beam+1","floor":14}],"player_experience":484501,"relics_obtained":[{"floor":8,"key":"Tiny Chest"},{"floor":12,"key":"Molten Egg 2"},{"floor":13,"key":"Mercury Hourglass"},{"floor":14,"key":"DataDisk"}],"event_choices":[{"cards_removed":["Strike_B"],"damage_healed":0,"gold_gain":0,"player_choice":"Offered Basic","damage_taken":0,"max_hp_gain":0,"max_hp_loss":0,"event_name":"Bonfire Elementals","floor":5,"gold_loss":0},{"damage_healed":16,"gold_gain":0,"player_choice":"Healed and dodged fight","damage_taken":0,"max_hp_gain":0,"max_hp_loss":0,"event_name":"Mushrooms","floor":11,"gold_loss":0,"cards_obtained":["Parasite"]}],"is_beta":false,"boss_relics":[],"items_purged_floors":[10],"is_endless":false,"potions_floor_spawned":[3,7,8],"killed_by":"Slime Boss","ascension_level":15}