{"gold_per_floor":[119,119,194,214,6,39,39,70,125,125,125,143,176,190,190,284,284,303,303,67,67,192,192,235,235,235,260,260,260,260,260,260,260],"floor_reached":33,"playtime":1343,"items_purged":[],"score":616,"play_id":"c3277b9d-3abf-400e-bfeb-684b2c87e810","local_time":"20190307233230","is_ascension_mode":true,"campfire_choices":[{"data":"Zap","floor":7,"key":"SMITH"},{"data":"Go for the Eyes","floor":15,"key":"SMITH"},{"data":"Discovery","floor":23,"key":"SMITH"},{"floor":29,"key":"REST"},{"floor":32,"key":"REST"}],"neow_cost":"NONE","seed_source_timestamp":398398081771474,"circlet_count":0,"master_deck":["AscendersBane","Strike_B","Strike_B","Defend_B","Defend_B","Defend_B","Defend_B","Zap+1","Dualcast","Cold Snap","Ball Lightning","Electrodynamics","Go for the Eyes+1","Ball Lightning","Echo Form","Auto Shields","Turbo","Biased Cognition","Defragment","Discovery+1","Shame","Hologram","Doubt","Parasite","Steam","Streamline+1","Reinforced Body"],"relics":["Cracked Core","NeowsBlessing","Bloody Idol","Potion Belt","Mummified Hand","Tiny Chest","Symbiotic Virus","Cursed Key","DataDisk","Frozen Egg 2","Unceasing Top","Blue Candle","Art of War","Molten Egg 2","Regal Pillow"],"potions_floor_usage":[6,8,16,22,24],"damage_taken":[{"damage":0,"enemies":"Small Slimes","floor":1,"turns":1},{"damage":0,"enemies":"2 Louse","floor":4,"turns":1},{"damage":0,"enemies":"Gremlin Nob","floor":6,"turns":1},{"damage":14,"enemies":"3 Sentries","floor":8,"turns":4},{"damage":1,"enemies":"Cultist","floor":12,"turns":3},{"damage":11,"enemies":"Lagavulin","floor":13,"turns":7},{"damage":8,"enemies":"Looter","floor":14,"turns":2},{"damage":0,"enemies":"The Guardian","floor":16,"turns":14},{"damage":4,"enemies":"Spheric Guardian","floor":18,"turns":3},{"damage":13,"enemies":"Colosseum Slavers","floor":22,"turns":3},{"damage":6,"enemies":"Colosseum Nobs","floor":22,"turns":4},{"damage":50,"enemies":"Slavers","floor":24,"turns":4},{"damage":14,"enemies":"Shell Parasite","floor":27,"turns":4},{"damage":90,"enemies":"Champ","floor":33,"turns":13}],"seed_played":"-4421668767745956655","potions_obtained":[{"floor":1,"key":"Fruit Juice"},{"floor":4,"key":"Explosive Potion"},{"floor":8,"key":"EssenceOfSteel"},{"floor":12,"key":"FairyPotion"},{"floor":13,"key":"EssenceOfSteel"},{"floor":22,"key":"Regen Potion"},{"floor":24,"key":"SteroidPotion"}],"is_trial":false,"path_per_floor":["M","?","?","M","$","E","R","E","T","?","?","M","E","M","R","B",null,"M","?","$","?","?","R","E","T","T","M","?","R","?","?","R","B"],"character_chosen":"DEFECT","items_purchased":["Electrodynamics","Go for the Eyes","DataDisk","Discovery"],"campfire_rested":2,"item_purchase_floors":[5,5,20,20],"current_hp_per_floor":[64,64,53,53,53,58,58,44,44,69,69,68,57,49,49,49,69,65,65,65,65,46,46,8,8,8,3,3,40,40,40,76,0],"gold":260,"neow_bonus":"THREE_ENEMY_KILL","is_prod":false,"is_daily":false,"chose_seed":false,"campfire_upgraded":3,"win_rate":0,"timestamp":1551997950,"path_taken":["M","?","?","M","$","E","R","E","T","?","?","M","E","M","R","BOSS","M","?","$","?","?","R","E","?","T","?","?","R","?","?","R","BOSS"],"build_version":"2019-01-23","purchased_purges":0,"victory":false,"max_hp_per_floor":[71,71,71,71,71,76,76,76,76,76,76,76,76,76,76,76,76,76,76,76,76,76,76,76,76,76,76,76,76,76,76,76,76],"card_choices":[{"not_picked":["Coolheaded","Streamline"],"picked":"Cold Snap","floor":1},{"not_picked":["Cold Snap","Barrage"],"picked":"Ball Lightning","floor":4},{"not_picked":["Go for the Eyes","Redo","Streamline"],"picked":"SKIP","floor":6},{"not_picked":["Tempest","Go for the Eyes"],"picked":"Ball Lightning","floor":8},{"not_picked":["Hologram","Storm"],"picked":"Echo Form","floor":12},{"not_picked":["Barrage","Ball Lightning"],"picked":"Auto Shields","floor":13},{"not_picked":["Gash","Static Discharge"],"picked":"Turbo","floor":14},{"not_picked":["Amplify","Multi-Cast"],"picked":"Biased Cognition","floor":16},{"not_picked":["Beam Cell","Barrage"],"picked":"Defragment","floor":18},{"not_picked":["Leap","Conserve Battery"],"picked":"Hologram","floor":22},{"not_picked":["Sweeping Beam","FTL","Beam Cell+1"],"picked":"SKIP","floor":24},{"not_picked":["Rebound+1","Sunder+1"],"picked":"Steam","floor":27}],"player_experience":1087786,"relics_obtained":[{"floor":6,"key":"Potion Belt"},{"floor":8,"key":"Mummified Hand"},{"floor":9,"key":"Tiny Chest"},{"floor":13,"key":"Symbiotic Virus"},{"floor":22,"key":"Unceasing Top"},{"floor":22,"key":"Blue Candle"},{"floor":24,"key":"Art of War"},{"floor":25,"key":"Molten Egg 2"},{"floor":26,"key":"Regal Pillow"}],"event_choices":[{"damage_healed":0,"gold_gain":0,"player_choice":"Take Wound","damage_taken":0,"relics_obtained":["Golden Idol"],"max_hp_gain":0,"max_hp_loss":0,"event_name":"Golden Idol","floor":2,"gold_loss":0,"cards_obtained":["Injury"]},{"damage_healed":0,"gold_gain":75,"player_choice":"Gather Gold","damage_taken":11,"max_hp_gain":0,"max_hp_loss":0,"event_name":"World of Goop","floor":3,"gold_loss":0},{"damage_healed":25,"gold_gain":0,"player_choice":"Banana","damage_taken":0,"max_hp_gain":0,"max_hp_loss":0,"event_name":"Big Fish","floor":10,"gold_loss":0},{"cards_removed":["Injury"],"damage_healed":0,"gold_gain":0,"player_choice":"Forget","damage_taken":0,"max_hp_gain":0,"max_hp_loss":0,"event_name":"Living Wall","floor":11,"gold_loss":0},{"damage_healed":0,"gold_gain":0,"player_choice":"Ignored","damage_taken":0,"max_hp_gain":0,"max_hp_loss":0,"event_name":"Beggar","floor":19,"gold_loss":0},{"damage_healed":0,"gold_gain":0,"player_choice":"Stole Relic","damage_taken":0,"relics_obtained":["Frozen Egg 2"],"max_hp_gain":0,"max_hp_loss":0,"event_name":"Addict","floor":21,"gold_loss":0,"cards_obtained":["Shame"]},{"damage_healed":0,"gold_gain":0,"player_choice":"Fight","damage_taken":0,"max_hp_gain":0,"max_hp_loss":0,"event_name":"Colosseum","floor":22,"gold_loss":0},{"damage_healed":0,"gold_gain":0,"player_choice":"Fought Nobs","damage_taken":0,"max_hp_gain":0,"max_hp_loss":0,"event_name":"Colosseum","floor":22,"gold_loss":0},{"damage_healed":0,"gold_gain":0,"cards_transformed":["Strike_B","Strike_B"],"player_choice":"Became Test Subject","damage_taken":0,"max_hp_gain":0,"max_hp_loss":0,"event_name":"Drug Dealer","floor":28,"gold_loss":0,"cards_obtained":["Streamline","Reinforced Body"]},{"damage_healed":0,"gold_gain":0,"player_choice":"Ignored","damage_taken":0,"max_hp_gain":0,"max_hp_loss":0,"event_name":"Cursed Tome","floor":30,"gold_loss":0},{"damage_healed":0,"gold_gain":0,"player_choice":"Gave Idol","damage_taken":0,"relics_obtained":["Bloody Idol"],"max_hp_gain":0,"max_hp_loss":0,"event_name":"Forgotten Altar","floor":31,"relics_lost":["Golden Idol"],"gold_loss":0}],"is_beta":false,"boss_relics":[{"not_picked":["Calling Bell","Black Star"],"picked":"Cursed Key"}],"items_purged_floors":[],"is_endless":false,"potions_floor_spawned":[1,4,8,12,13,22,24],"killed_by":"Champ","ascension_level":15}