{"gold_per_floor":[114,131,131,155,169,169,193,193,263,263,263,277,277,277],"floor_reached":14,"playtime":548,"items_purged":[],"score":82,"play_id":"832c9fb7-be64-4a31-b676-9fba4e9e491c","local_time":"20190103124122","is_ascension_mode":false,"campfire_choices":[{"data":"Poisoned Stab","floor":6,"key":"SMITH"},{"data":"Dash","floor":8,"key":"SMITH"},{"data":"Neutralize","floor":13,"key":"SMITH"}],"neow_cost":"NONE","seed_source_timestamp":783902616386814,"circlet_count":0,"master_deck":["Defend_G","Defend_G","Defend_G","Defend_G","Strike_G","Strike_G","Strike_G","Strike_G","Strike_G","Survivor+1","Neutralize+1","Deflect","Poisoned Stab+1","Backflip","Deflect","Dash+1"],"relics":["Ring of the Snake","Golden Idol","Sundial"],"potions_floor_usage":[5,12],"damage_taken":[{"damage":0,"enemies":"2 Louse","floor":1,"turns":4},{"damage":8,"enemies":"Jaw Worm","floor":2,"turns":6},{"damage":0,"enemies":"Cultist","floor":4,"turns":4},{"damage":13,"enemies":"Gremlin Gang","floor":5,"turns":4},{"damage":0,"enemies":"3 Louse","floor":7,"turns":4},{"damage":0,"enemies":"Red Slaver","floor":12,"turns":4},{"damage":0,"enemies":"Gremlin Gang","floor":14,"turns":1}],"seed_played":"-8449005949317138280","potions_obtained":[{"floor":2,"key":"SpeedPotion"},{"floor":4,"key":"Fire Potion"},{"floor":7,"key":"SkillPotion"}],"is_trial":false,"path_per_floor":["M","M","?","M","M","R","M","R","T","?","?","M","R","M"],"character_chosen":"THE_SILENT","items_purchased":[],"campfire_rested":0,"item_purchase_floors":[],"current_hp_per_floor":[77,69,69,69,56,56,56,56,56,49,49,49,49,49],"gold":277,"neow_bonus":"TEN_PERCENT_HP_BONUS","is_prod":false,"is_daily":false,"chose_seed":false,"campfire_upgraded":3,"win_rate":0,"timestamp":1546537282,"path_taken":["M","M","?","M","M","R","M","R","T","?","?","M","R","?"],"build_version":"2018-12-20","purchased_purges":0,"victory":false,"max_hp_per_floor":[77,77,71,71,71,71,71,71,71,71,71,71,71,71],"card_choices":[{"not_picked":["Prepared","Cloak And Dagger"],"picked":"Deflect","floor":1},{"not_picked":["Underhanded Strike","Flying Knee"],"picked":"Poisoned Stab","floor":2},{"not_picked":["Backstab","Slice"],"picked":"Backflip","floor":4},{"not_picked":["Die Die Die","Underhanded Strike"],"picked":"Deflect","floor":5},{"not_picked":["Blur","Sucker Punch"],"picked":"Dash","floor":7},{"not_picked":["Blur","Dagger Spray","Acrobatics"],"picked":"SKIP","floor":12}],"player_experience":410957,"relics_obtained":[{"floor":9,"key":"Sundial"}],"event_choices":[{"damage_healed":0,"gold_gain":0,"player_choice":"Lose Max HP","damage_taken":0,"relics_obtained":["Golden Idol"],"max_hp_gain":0,"max_hp_loss":6,"event_name":"Golden Idol","floor":3,"gold_loss":0},{"cards_removed":["Defend_G"],"damage_healed":0,"gold_gain":0,"player_choice":"Card Removal","damage_taken":7,"max_hp_gain":0,"max_hp_loss":0,"event_name":"Golden Wing","floor":10,"gold_loss":0},{"damage_healed":0,"gold_gain":0,"player_choice":"Forge","damage_taken":0,"max_hp_gain":0,"max_hp_loss":0,"event_name":"Accursed Blacksmith","floor":11,"gold_loss":0,"cards_upgraded":["Survivor"]}],"is_beta":false,"boss_relics":[],"items_purged_floors":[],"is_endless":false,"potions_floor_spawned":[2,4,7],"killed_by":"Gremlin Gang","ascension_level":0}