{"gold_per_floor":[112,122,122,142,47,47,74,74,104,139,165,181,181,181,181,252,252,262,239,219,68,86,86,119,119,142,142,468,480,405,430,430,430],"floor_reached":33,"playtime":1650,"items_purged":["Strike_B"],"score":672,"play_id":"282274ae-b027-486e-8ad9-06e57caefb04","local_time":"20190222210746","is_ascension_mode":true,"campfire_choices":[{"data":"Zap","floor":6,"key":"SMITH"},{"data":"Self Repair","floor":8,"key":"SMITH"},{"data":"Loop","floor":13,"key":"SMITH"},{"floor":15,"key":"REST"},{"data":"Dualcast","floor":23,"key":"SMITH"},{"floor":25,"key":"REST"},{"data":"Tempest","floor":27,"key":"SMITH"},{"floor":32,"key":"REST"}],"neow_cost":"PERCENT_DAMAGE","seed_source_timestamp":1421585725698000,"circlet_count":0,"master_deck":["AscendersBane","Strike_B","Strike_B","Defend_B+1","Defend_B","Defend_B","Defend_B","Zap+1","Dualcast+1","Buffer+1","Conserve Battery","Cold Snap","Tempest+1","Self Repair+1","Steam","Ball Lightning+1","Ball Lightning","Loop+1","Hyperbeam","Stack+1","Cold Snap","Glacier","Conserve Battery","Hologram","White Noise","Ball Lightning","Double Energy"],"relics":["Cracked Core","Matryoshka","Lantern","Tiny Chest","FossilizedHelix","Odd Mushroom","Velvet Choker","Juzu Bracelet","Blue Candle","Old Coin","Nunchaku"],"potions_floor_usage":[11,16,22,22,29],"damage_taken":[{"damage":11,"enemies":"Cultist","floor":1,"turns":4},{"damage":7,"enemies":"Jaw Worm","floor":2,"turns":4},{"damage":0,"enemies":"Small Slimes","floor":4,"turns":4},{"damage":15,"enemies":"3 Sentries","floor":7,"turns":9},{"damage":0,"enemies":"Lagavulin","floor":10,"turns":5},{"damage":11,"enemies":"The Mushroom Lair","floor":11,"turns":4},{"damage":16,"enemies":"3 Louse","floor":12,"turns":3},{"damage":10,"enemies":"Hexaghost","floor":16,"turns":8},{"damage":0,"enemies":"Spheric Guardian","floor":18,"turns":4},{"damage":11,"enemies":"2 Thieves","floor":19,"turns":4},{"damage":24,"enemies":"Centurion and Healer","floor":22,"turns":13},{"damage":60,"enemies":"Book of Stabbing","floor":24,"turns":6},{"damage":23,"enemies":"Slavers","floor":28,"turns":5},{"damage":0,"enemies":"Chosen and Byrds","floor":29,"turns":4},{"damage":28,"enemies":"Book of Stabbing","floor":31,"turns":6},{"damage":61,"enemies":"Automaton","floor":33,"turns":12}],"seed_played":"-4643324511029337419","potions_obtained":[{"floor":2,"key":"LiquidBronze"},{"floor":4,"key":"LiquidBronze"},{"floor":10,"key":"Energy Potion"},{"floor":16,"key":"Strength Potion"},{"floor":18,"key":"Regen Potion"},{"floor":24,"key":"Swift Potion"}],"is_trial":false,"path_per_floor":["M","M","?","M","$","R","E","R","T","E","?","M","R","?","R","B",null,"M","M","?","$","M","R","E","R","T","R","E","M","?","E","R","B"],"character_chosen":"DEFECT","items_purchased":["Self Repair","Steam","Glacier"],"campfire_rested":3,"item_purchase_floors":[5,5,21],"current_hp_per_floor":[35,28,28,28,28,28,20,20,20,30,29,23,23,2,23,23,59,69,68,68,68,68,68,18,39,39,39,26,36,36,18,39,0],"gold":430,"neow_bonus":"THREE_RARE_CARDS","is_prod":false,"is_daily":false,"chose_seed":false,"campfire_upgraded":5,"win_rate":0,"timestamp":1550898466,"path_taken":["M","M","?","M","$","R","E","R","T","E","?","M","R","?","R","BOSS","M","M","?","$","M","R","E","R","T","R","E","M","?","E","R","BOSS"],"build_version":"2019-01-23","purchased_purges":1,"victory":false,"max_hp_per_floor":[71,71,71,71,71,71,71,71,71,71,71,71,71,71,71,71,71,71,71,71,71,71,71,71,71,71,71,71,71,71,71,71,71],"card_choices":[{"not_picked":["Multi-Cast","Creative AI"],"picked":"Buffer","floor":0},{"not_picked":["Sweeping Beam","Tempest"],"picked":"Conserve Battery","floor":1},{"not_picked":["Rebound","Rip and Tear"],"picked":"Cold Snap","floor":2},{"not_picked":["Force Field","Streamline"],"picked":"Tempest","floor":4},{"not_picked":["Streamline","Gash"],"picked":"Ball Lightning","floor":7},{"not_picked":["Rip and Tear","Blizzard","Streamline"],"picked":"SKIP","floor":10},{"not_picked":["Conserve Battery","Coolheaded"],"picked":"Ball Lightning","floor":11},{"not_picked":["Double Energy","Fusion"],"picked":"Loop","floor":12},{"not_picked":["Multi-Cast","All For One"],"picked":"Hyperbeam","floor":16},{"not_picked":["Turbo","Hello World"],"picked":"Stack+1","floor":18},{"not_picked":["Recycle","Skim"],"picked":"Cold Snap","floor":19},{"not_picked":["Go for the Eyes","Auto Shields"],"picked":"Conserve Battery","floor":22},{"not_picked":["Conserve Battery","Streamline"],"picked":"Hologram","floor":24},{"not_picked":["Gash","Rebound"],"picked":"White Noise","floor":28},{"not_picked":["Heatsinks","Blizzard"],"picked":"Ball Lightning","floor":29},{"not_picked":["Reinforced Body","Gash"],"picked":"Double Energy","floor":31}],"player_experience":758816,"relics_obtained":[{"floor":7,"key":"Matryoshka"},{"floor":9,"key":"Lantern"},{"floor":9,"key":"Tiny Chest"},{"floor":10,"key":"FossilizedHelix"},{"floor":11,"key":"Odd Mushroom"},{"floor":24,"key":"Juzu Bracelet"},{"floor":26,"key":"Blue Candle"},{"floor":28,"key":"Old Coin"},{"floor":31,"key":"Nunchaku"}],"event_choices":[{"damage_healed":0,"gold_gain":0,"player_choice":"Grow","damage_taken":0,"max_hp_gain":0,"max_hp_loss":0,"event_name":"Living Wall","floor":3,"gold_loss":0,"cards_upgraded":["Buffer"]},{"damage_healed":0,"gold_gain":0,"player_choice":"Fought Mushrooms","damage_taken":0,"max_hp_gain":0,"max_hp_loss":0,"event_name":"Mushrooms","floor":11,"gold_loss":0},{"damage_healed":0,"gold_gain":0,"player_choice":"Entered Light","damage_taken":21,"max_hp_gain":0,"max_hp_loss":0,"event_name":"Shining Light","floor":14,"gold_loss":0,"cards_upgraded":["Defend_B","Ball Lightning"]},{"damage_healed":0,"gold_gain":0,"player_choice":"Bought 1 Potion","damage_taken":0,"max_hp_gain":0,"max_hp_loss":0,"event_name":"The Woman in Blue","floor":20,"gold_loss":0},{"cards_removed":["Strike_B"],"damage_healed":0,"gold_gain":0,"player_choice":"Gave Gold","damage_taken":0,"max_hp_gain":0,"max_hp_loss":0,"event_name":"Beggar","floor":30,"gold_loss":75}],"is_beta":false,"boss_relics":[{"not_picked":["Busted Crown","Cursed Key"],"picked":"Velvet Choker"}],"items_purged_floors":[21],"is_endless":false,"potions_floor_spawned":[2,4,10,16,18,19,24],"killed_by":"Automaton","ascension_level":20}