{"gold_per_floor":[109,109,126,145,160,160,180,180,180,212,228,78,94,106,106,202,202,202,202,202,33,33,33,33,33,33,33,0,0],"floor_reached":29,"playtime":1444,"items_purged":["Strike_B","Static Discharge"],"score":229,"play_id":"2c4a4c7c-8396-453f-9f12-dfb117a943cf","local_time":"20190207135246","is_ascension_mode":false,"campfire_choices":[{"floor":6,"key":"REST"},{"data":"Hologram","floor":8,"key":"SMITH"},{"floor":15,"key":"REST"},{"data":"Creative AI","floor":23,"key":"SMITH"}],"neow_cost":"NONE","seed_source_timestamp":4579765178733264,"circlet_count":0,"master_deck":["Strike_B","Strike_B","Strike_B","Defend_B","Defend_B","Defend_B","Defend_B","Zap","Doom and Gloom","Reprogram","Go for the Eyes","Hologram+1","Glacier","Lockon","Defragment","Gash","Self Repair","Creative AI+1","Loop","Capacitor","Conserve Battery","Conserve Battery","Echo Form"],"relics":["Cracked Core","Pear","Ectoplasm","Bag of Preparation"],"potions_floor_usage":[10,10,18,22,22,27,27],"damage_taken":[{"damage":4,"enemies":"2 Louse","floor":1,"turns":3},{"damage":1,"enemies":"Cultist","floor":3,"turns":3},{"damage":11,"enemies":"Jaw Worm","floor":4,"turns":3},{"damage":0,"enemies":"3 Louse","floor":5,"turns":2},{"damage":5,"enemies":"Looter","floor":7,"turns":3},{"damage":18,"enemies":"Gremlin Nob","floor":10,"turns":4},{"damage":0,"enemies":"Blue Slaver","floor":11,"turns":3},{"damage":0,"enemies":"Large Slime","floor":13,"turns":7},{"damage":6,"enemies":"Exordium Wildlife","floor":14,"turns":5},{"damage":51,"enemies":"The Guardian","floor":16,"turns":9},{"damage":16,"enemies":"Shell Parasite","floor":18,"turns":7},{"damage":29,"enemies":"Colosseum Slavers","floor":22,"turns":5},{"damage":25,"enemies":"Chosen","floor":24,"turns":6},{"damage":11,"enemies":"Centurion and Healer","floor":25,"turns":15},{"damage":34,"enemies":"3 Cultists","floor":27,"turns":5},{"damage":18,"enemies":"Snake Plant","floor":29,"turns":2}],"seed_played":"-656542489669313763","potions_obtained":[{"floor":1,"key":"Strength Potion"},{"floor":3,"key":"Swift Potion"},{"floor":7,"key":"Energy Potion"},{"floor":10,"key":"Regen Potion"},{"floor":11,"key":"Dexterity Potion"},{"floor":18,"key":"Explosive Potion"},{"floor":24,"key":"SteroidPotion"}],"is_trial":false,"path_per_floor":["M","?","M","M","M","R","M","R","T","E","M","$","M","M","R","B",null,"M","?","?","$","?","R","M","M","T","M","?","M"],"character_chosen":"DEFECT","items_purchased":["Defragment","Capacitor"],"campfire_rested":2,"item_purchase_floors":[12,21],"current_hp_per_floor":[71,71,70,59,59,75,70,70,70,62,62,62,62,56,81,37,85,85,85,85,85,63,63,45,41,41,14,14,0],"gold":0,"neow_bonus":"THREE_CARDS","is_prod":false,"is_daily":false,"chose_seed":false,"campfire_upgraded":2,"win_rate":0,"timestamp":1549565566,"path_taken":["M","?","M","M","M","R","M","R","T","E","?","$","M","M","R","BOSS","M","?","?","$","?","R","M","?","T","M","?","M"],"build_version":"2019-01-23","purchased_purges":2,"victory":false,"max_hp_per_floor":[75,75,75,75,75,75,75,75,75,85,85,85,85,85,85,85,85,85,85,85,85,85,85,85,85,85,85,85,85],"card_choices":[{"not_picked":["Barrage","Compile Driver"],"picked":"Doom and Gloom","floor":0},{"not_picked":["Force Field","Fusion"],"picked":"Reprogram","floor":1},{"not_picked":["Doom and Gloom","Redo"],"picked":"Go for the Eyes","floor":3},{"not_picked":["Beam Cell","Steam"],"picked":"Static Discharge","floor":4},{"not_picked":["Stack","Streamline"],"picked":"Hologram","floor":5},{"not_picked":["Storm","Cold Snap"],"picked":"Glacier","floor":7},{"not_picked":["Hyperbeam","Stack"],"picked":"Lockon","floor":10},{"not_picked":["Force Field","Hologram","Steam"],"picked":"SKIP","floor":11},{"not_picked":["Glacier","Leap"],"picked":"Gash","floor":13},{"not_picked":["Fusion","Compile Driver"],"picked":"Self Repair","floor":14},{"not_picked":["All For One","Meteor Strike"],"picked":"Creative AI","floor":16},{"not_picked":["Rebound","Steam"],"picked":"Loop","floor":18},{"not_picked":["Stack","Consume"],"picked":"Conserve Battery","floor":24},{"not_picked":["Gash","Hello World"],"picked":"Conserve Battery","floor":25},{"not_picked":["Stack","Rebound+1"],"picked":"Echo Form","floor":27}],"player_experience":70063,"relics_obtained":[{"floor":10,"key":"Pear"},{"floor":26,"key":"Bag of Preparation"}],"event_choices":[{"cards_removed":["Dualcast"],"damage_healed":0,"gold_gain":0,"player_choice":"Offered Basic","damage_taken":0,"max_hp_gain":0,"max_hp_loss":0,"event_name":"Bonfire Elementals","floor":2,"gold_loss":0},{"damage_healed":0,"gold_gain":99,"player_choice":"Stole From Cult","damage_taken":0,"max_hp_gain":0,"max_hp_loss":0,"event_name":"Nest","floor":19,"gold_loss":0},{"damage_healed":0,"gold_gain":0,"player_choice":"Ignored","damage_taken":0,"max_hp_gain":0,"max_hp_loss":0,"event_name":"Ghosts","floor":20,"gold_loss":0},{"damage_healed":0,"gold_gain":0,"player_choice":"Fight","damage_taken":0,"max_hp_gain":0,"max_hp_loss":0,"event_name":"Colosseum","floor":22,"gold_loss":0},{"damage_healed":0,"gold_gain":0,"player_choice":"Fled From Nobs","damage_taken":0,"max_hp_gain":0,"max_hp_loss":0,"event_name":"Colosseum","floor":22,"gold_loss":0},{"damage_healed":0,"gold_gain":0,"player_choice":"Paid Fearfully","damage_taken":0,"max_hp_gain":0,"max_hp_loss":0,"event_name":"Masked Bandits","floor":28,"gold_loss":33}],"is_beta":false,"boss_relics":[{"not_picked":["Tiny House","Cursed Key"],"picked":"Ectoplasm"}],"items_purged_floors":[12,21],"is_endless":false,"potions_floor_spawned":[1,3,7,10,11,18,24],"killed_by":"Snake Plant","ascension_level":0}