{"gold_per_floor":[118,83,83,95,114,114,144,144,144,144,173,20,36,66,66,161,161,174,174,194,205,219,219,219],"floor_reached":24,"playtime":799,"items_purged":["Strike_R"],"score":352,"play_id":"14d03bd7-9b73-4b75-8c1c-44662f898228","local_time":"20190217205612","is_ascension_mode":true,"campfire_choices":[{"data":"Searing Blow","floor":6,"key":"SMITH"},{"floor":8,"key":"REST"},{"floor":10,"key":"REST"},{"floor":15,"key":"REST"},{"floor":23,"key":"REST"}],"neow_cost":"PERCENT_DAMAGE","seed_source_timestamp":265985063964864,"circlet_count":0,"master_deck":["Strike_R","Strike_R","Strike_R","Defend_R+1","Defend_R+1","Defend_R","Defend_R","Bash","Feed","Searing Blow+1","Headbutt","Ghostly Armor","True Grit","Bludgeon+1","Uppercut+1","Twin Strike+1","Double Tap","Metallicize+1","Armaments+1","Armaments+1","Headbutt+1"],"relics":["Burning Blood","Molten Egg 2","Lantern","Bronze Scales","Mango","Black Star","War Paint"],"potions_floor_usage":[11,14,21,22,22,24],"damage_taken":[{"damage":19,"enemies":"Jaw Worm","floor":1,"turns":5},{"damage":10,"enemies":"2 Louse","floor":4,"turns":3},{"damage":6,"enemies":"Cultist","floor":5,"turns":3},{"damage":56,"enemies":"Gremlin Nob","floor":7,"turns":5},{"damage":18,"enemies":"Lagavulin","floor":11,"turns":5},{"damage":19,"enemies":"Lots of Slimes","floor":13,"turns":3},{"damage":16,"enemies":"Gremlin Nob","floor":14,"turns":3},{"damage":71,"enemies":"Hexaghost","floor":16,"turns":9},{"damage":9,"enemies":"Chosen","floor":18,"turns":4},{"damage":20,"enemies":"Spheric Guardian","floor":20,"turns":4},{"damage":27,"enemies":"Snake Plant","floor":21,"turns":4},{"damage":10,"enemies":"Snecko","floor":22,"turns":4},{"damage":97,"enemies":"Gremlin Leader","floor":24,"turns":8}],"seed_played":"-2569490672754690596","potions_obtained":[{"floor":4,"key":"Strength Potion"},{"floor":5,"key":"EssenceOfSteel"},{"floor":11,"key":"EssenceOfSteel"},{"floor":13,"key":"BloodPotion"},{"floor":14,"key":"Poison Potion"},{"floor":20,"key":"Fruit Juice"},{"floor":22,"key":"Fire Potion"}],"is_trial":false,"path_per_floor":["M","?","?","M","M","R","E","R","T","R","E","$","M","E","R","B",null,"M","?","M","M","M","R","E"],"character_chosen":"IRONCLAD","items_purchased":["Uppercut+1"],"campfire_rested":4,"item_purchase_floors":[12],"current_hp_per_floor":[41,61,61,60,63,63,13,39,39,65,53,53,43,56,87,22,85,85,85,74,58,54,89,0],"gold":219,"neow_bonus":"THREE_RARE_CARDS","is_prod":false,"is_daily":false,"chose_seed":false,"campfire_upgraded":1,"win_rate":0,"timestamp":1550454972,"path_taken":["M","?","?","M","M","R","E","R","T","R","E","$","M","E","R","BOSS","M","?","M","M","?","R","E"],"build_version":"2019-01-23","purchased_purges":1,"victory":false,"max_hp_per_floor":[83,83,83,86,89,89,89,89,89,89,89,89,92,106,106,106,106,109,109,112,117,117,117,117],"card_choices":[{"not_picked":["Impervious","Dark Embrace"],"picked":"Feed","floor":0},{"not_picked":["Flex","Perfected Strike"],"picked":"Searing Blow","floor":1},{"not_picked":["Clash","True Grit"],"picked":"Headbutt","floor":4},{"not_picked":["Sword Boomerang","Headbutt"],"picked":"Ghostly Armor","floor":5},{"not_picked":["Demon Form","Feel No Pain"],"picked":"True Grit","floor":7},{"not_picked":["Thunderclap+1","Warcry"],"picked":"Bludgeon+1","floor":11},{"not_picked":["Combust","Ghostly Armor"],"picked":"Twin Strike+1","floor":13},{"not_picked":["Havoc","Flex","Pummel+1"],"picked":"SKIP","floor":14},{"not_picked":["Dark Embrace","Barricade"],"picked":"Double Tap","floor":16},{"not_picked":["Dual Wield","Twin Strike+1"],"picked":"Metallicize+1","floor":18},{"not_picked":["Heavy Blade+1","Pommel Strike+1"],"picked":"Armaments+1","floor":20},{"not_picked":["True Grit","Flex"],"picked":"Armaments+1","floor":21},{"not_picked":["Corruption","Metallicize"],"picked":"Headbutt+1","floor":22}],"player_experience":204505,"relics_obtained":[{"floor":7,"key":"Molten Egg 2"},{"floor":9,"key":"Lantern"},{"floor":11,"key":"Bronze Scales"},{"floor":14,"key":"Mango"}],"event_choices":[{"damage_healed":20,"gold_gain":0,"player_choice":"Healed","damage_taken":0,"max_hp_gain":0,"max_hp_loss":0,"event_name":"The Cleric","floor":2,"gold_loss":35},{"damage_healed":0,"gold_gain":0,"cards_transformed":["Strike_R"],"player_choice":"Transformed","damage_taken":0,"max_hp_gain":0,"max_hp_loss":0,"event_name":"Transmorgrifier","floor":3,"gold_loss":0,"cards_obtained":["Feel No Pain"]},{"cards_removed":["Feel No Pain"],"damage_healed":0,"gold_gain":0,"player_choice":"Gave Card","damage_taken":0,"relics_obtained":["War Paint"],"max_hp_gain":0,"max_hp_loss":0,"event_name":"WeMeetAgain","floor":19,"gold_loss":0}],"is_beta":false,"boss_relics":[{"not_picked":["Runic Pyramid","Calling Bell"],"picked":"Black Star"}],"items_purged_floors":[12],"is_endless":false,"potions_floor_spawned":[4,5,11,13,14,20,22],"killed_by":"Gremlin Leader","ascension_level":8}