{"gold_per_floor":[113,123,134,154,173,173,191,209,209,159,159,178,57,86,86,182,182,200,200,214,225,238,238,257,257,281,130,160,186,186,200,200,200],"floor_reached":33,"playtime":1027,"items_purged":["Cleave","Headbutt"],"score":323,"play_id":"7cfd024a-4692-467a-8302-a2418b456c53","local_time":"20180930091554","daily_mods":["SealedDeck"],"is_ascension_mode":false,"campfire_choices":[{"data":"Perfected Strike","floor":6,"key":"SMITH"},{"data":"Perfected Strike","floor":15,"key":"SMITH"},{"data":"Perfected Strike","floor":23,"key":"SMITH"},{"data":"Clash","floor":25,"key":"SMITH"},{"floor":32,"key":"REST"}],"neow_cost":"","seed_source_timestamp":0,"circlet_count":0,"master_deck":["Sword Boomerang+1","Flex+1","Wild Strike","Intimidate","Perfected Strike+1","Twin Strike","Clash+1","Pommel Strike","Perfected Strike+1","Clash+1","Seeing Red+1","Wild Strike","Pommel Strike","Perfected Strike+1","Perfected Strike","Wild Strike+1"],"relics":["Burning Blood","War Paint","Mango","White Beast Statue","Whetstone","Tiny Chest","Juzu Bracelet"],"potions_floor_usage":[7,16,21,22,29,29,33,33,33,33,33],"damage_taken":[{"damage":0,"enemies":"Cultist","floor":1,"turns":2},{"damage":8,"enemies":"Jaw Worm","floor":2,"turns":2},{"damage":0,"enemies":"2 Louse","floor":3,"turns":2},{"damage":8,"enemies":"Large Slime","floor":4,"turns":4},{"damage":6,"enemies":"Exordium Thugs","floor":5,"turns":3},{"damage":8,"enemies":"Exordium Wildlife","floor":7,"turns":2},{"damage":0,"enemies":"2 Fungi Beasts","floor":8,"turns":1},{"damage":16,"enemies":"Lots of Slimes","floor":12,"turns":3},{"damage":0,"enemies":"Gremlin Nob","floor":14,"turns":2},{"damage":54,"enemies":"Hexaghost","floor":16,"turns":5},{"damage":10,"enemies":"Chosen","floor":18,"turns":2},{"damage":10,"enemies":"Shell Parasite","floor":20,"turns":2},{"damage":6,"enemies":"Centurion and Healer","floor":21,"turns":3},{"damage":21,"enemies":"Snake Plant","floor":22,"turns":2},{"damage":26,"enemies":"Snecko","floor":24,"turns":4},{"damage":12,"enemies":"Book of Stabbing","floor":29,"turns":3},{"damage":15,"enemies":"Centurion and Healer","floor":31,"turns":3},{"damage":86,"enemies":"Collector","floor":33,"turns":5}],"seed_played":"-8722870062063226192","potions_obtained":[{"floor":1,"key":"Weak Potion"},{"floor":4,"key":"Swift Potion"},{"floor":8,"key":"Ancient Potion"},{"floor":12,"key":"Regen Potion"},{"floor":14,"key":"PowerPotion"},{"floor":18,"key":"FearPotion"},{"floor":20,"key":"SkillPotion"},{"floor":21,"key":"GamblersBrew"},{"floor":22,"key":"GamblersBrew"},{"floor":24,"key":"Block Potion"},{"floor":29,"key":"SteroidPotion"},{"floor":31,"key":"EntropicBrew"}],"is_trial":true,"path_per_floor":["M","M","M","M","M","R","M","M","T","?","?","M","$","E","R","B",null,"M","?","M","M","M","R","M","R","T","$","?","E","?","M","R"],"character_chosen":"IRONCLAD","items_purchased":["Pommel Strike","Perfected Strike"],"campfire_rested":1,"item_purchase_floors":[13,27],"current_hp_per_floor":[80,78,80,78,78,78,76,80,80,80,80,70,70,90,90,42,94,90,90,86,86,71,71,51,51,51,51,51,50,50,41,69,0],"gold":200,"neow_bonus":"","is_prod":false,"is_daily":false,"chose_seed":false,"campfire_upgraded":4,"win_rate":0,"timestamp":1538313354,"path_taken":["M","M","M","M","M","R","M","M","T","?","?","M","$","E","R","BOSS","M","?","M","?","M","R","M","R","T","$","?","E","?","M","R","BOSS"],"build_version":"2018-09-27","purchased_purges":2,"victory":false,"max_hp_per_floor":[80,80,80,80,80,80,80,80,80,80,80,80,80,94,94,94,94,94,94,94,94,94,94,94,94,94,94,94,94,94,94,94,94],"card_choices":[{"not_picked":["Iron Wave","Metallicize","Intimidate"],"picked":"SKIP","floor":1},{"not_picked":["True Grit","Battle Trance"],"picked":"Pommel Strike","floor":2},{"not_picked":["Burning Pact","Anger","Shockwave"],"picked":"SKIP","floor":3},{"not_picked":["Pommel Strike","Spot Weakness"],"picked":"Perfected Strike","floor":4},{"not_picked":["Shockwave","Intimidate"],"picked":"Clash","floor":5},{"not_picked":["Sever Soul","Blood for Blood"],"picked":"Seeing Red","floor":7},{"not_picked":["Searing Blow","Fire Breathing"],"picked":"Wild Strike","floor":8},{"not_picked":["Havoc","Burning Pact","Entrench"],"picked":"SKIP","floor":12},{"not_picked":["Clothesline","Thunderclap","Disarm"],"picked":"SKIP","floor":14},{"not_picked":["Sword Boomerang","Blood for Blood","Shrug It Off"],"picked":"SKIP","floor":18},{"not_picked":["Armaments","Rage","Carnage"],"picked":"SKIP","floor":20},{"not_picked":["Cleave+1","Dual Wield+1","Shrug It Off"],"picked":"SKIP","floor":21},{"not_picked":["Wild Strike","Fiend Fire"],"picked":"Perfected Strike","floor":22},{"not_picked":["Searing Blow","True Grit+1","Dual Wield+1"],"picked":"SKIP","floor":24},{"not_picked":["Impervious","Carnage+1","Cleave+1"],"picked":"SKIP","floor":29},{"not_picked":["Uppercut","Clothesline"],"picked":"Wild Strike+1","floor":31}],"player_experience":156444,"relics_obtained":[{"floor":9,"key":"War Paint"},{"floor":14,"key":"Mango"},{"floor":26,"key":"Whetstone"},{"floor":29,"key":"Juzu Bracelet"}],"event_choices":[{"event_name":"The Cleric","player_choice":"Card Removal","floor":10,"damage_taken":0},{"event_name":"Liars Game","player_choice":"disagreed","floor":11,"damage_taken":0},{"event_name":"Ghosts","player_choice":"Ignored","floor":19,"damage_taken":0},{"event_name":"The Mausoleum","player_choice":"Yes","floor":28,"damage_taken":0},{"event_name":"Cursed Tome","player_choice":"Ignored","floor":30,"damage_taken":0}],"is_beta":false,"boss_relics":[{"not_picked":["Lizard Tail","Runic Pyramid"],"picked":"White Beast Statue"}],"items_purged_floors":[13,27],"is_endless":false,"potions_floor_spawned":[1,4,8,12,14,18,20,21,22,24,29,31],"killed_by":"Collector","ascension_level":0}