{"gold_per_floor":[109,109,109,109,68,100,100,111,111,26,26,26,61,81,81,158,158,168,193,193,211,25,50,50,376,402,402,419,433,6,34,34,111,111,121,121,121,63,63,63,73,92,160,382,382,393,26,126,126,126],"floor_reached":50,"playtime":1814,"items_purged":["Pain","Defend_B"],"score":1229,"play_id":"f5946cf8-49e2-43bc-9d0f-1292ce80d2c5","local_time":"20190203222928","is_ascension_mode":true,"campfire_choices":[{"data":"Zap","floor":7.0,"key":"SMITH"},{"data":"All For One","floor":11.0,"key":"SMITH"},{"data":"FTL","floor":15.0,"key":"SMITH"},{"floor":24.0,"key":"REST"},{"floor":27.0,"key":"REST"},{"floor":32.0,"key":"REST"},{"floor":40,"key":"REST"},{"floor":45,"key":"REST"},{"floor":49,"key":"REST"}],"neow_cost":"NONE","seed_source_timestamp":122497714673630,"circlet_count":0,"master_deck":["AscendersBane","Strike_B","Strike_B","Strike_B","Defend_B","Defend_B","Defend_B+1","Zap+1","Dualcast+1","Capacitor","All For One+1","FTL+1","FTL","Auto Shields","All For One","Glacier","Coolheaded+1","Conserve Battery","FTL","Recycle+1","Conserve Battery","Electrodynamics","Capacitor","All For One","FTL","Trip","Flash of Steel","Panache","Madness","Madness","Beam Cell","Conserve Battery","Writhe","Reboot","Chill"],"special_seed":0,"relics":["Cracked Core","NeowsBlessing","PreservedInsect","Bottled Lightning","War Paint","Du-Vu Doll","Runic Pyramid","Red Mask","WarpedTongs","Darkstone Periapt","Old Coin","Lantern","Oddly Smooth Stone","Bag of Marbles","Cursed Key","Meat on the Bone","Potion Belt","Gambling Chip"],"potions_floor_usage":[41,50,50],"damage_taken":[{"damage":0.0,"enemies":"Small Slimes","floor":1.0,"turns":1.0},{"damage":0.0,"enemies":"Lagavulin","floor":6.0,"turns":2.0},{"damage":0.0,"enemies":"2 Louse","floor":8.0,"turns":1.0},{"damage":0.0,"enemies":"3 Sentries","floor":13.0,"turns":4.0},{"damage":0.0,"enemies":"Cultist","floor":14.0,"turns":2.0},{"damage":45.0,"enemies":"Hexaghost","floor":16.0,"turns":9.0},{"damage":9.0,"enemies":"2 Thieves","floor":18.0,"turns":3.0},{"damage":9.0,"enemies":"Masked Bandits","floor":19.0,"turns":3.0},{"damage":12.0,"enemies":"Chosen","floor":21.0,"turns":4.0},{"damage":12.0,"enemies":"Book of Stabbing","floor":23.0,"turns":4.0},{"damage":11.0,"enemies":"Gremlin Leader","floor":25.0,"turns":6.0},{"damage":2.0,"enemies":"Centurion and Healer","floor":28.0,"turns":5.0},{"damage":13.0,"enemies":"Sentry and Sphere","floor":29.0,"turns":4.0},{"damage":0.0,"enemies":"Book of Stabbing","floor":31.0,"turns":3.0},{"damage":51.0,"enemies":"Champ","floor":33.0,"turns":10.0},{"damage":6.0,"enemies":"3 Shapes","floor":35.0,"turns":3.0},{"damage":18,"enemies":"3 Darklings","floor":41,"turns":4},{"damage":6,"enemies":"Writhing Mass","floor":42,"turns":5},{"damage":15,"enemies":"Spire Growth","floor":46,"turns":4},{"damage":1,"enemies":"Mind Bloom Boss Battle","floor":48,"turns":5},{"damage":72,"enemies":"Time Eater","floor":50,"turns":4}],"seed_played":"7420688905590524226","potions_obtained":[{"floor":13.0,"key":"SteroidPotion"},{"floor":16.0,"key":"Poison Potion"},{"floor":18.0,"key":"LiquidBronze"},{"floor":19.0,"key":"Poison Potion"},{"floor":28.0,"key":"Swift Potion"},{"floor":29.0,"key":"SkillPotion"},{"floor":33.0,"key":"Weak Potion"},{"floor":35.0,"key":"SteroidPotion"},{"floor":46,"key":"SneckoOil"}],"is_trial":false,"path_per_floor":["M","?","?","?","$","E","R","M","T","$","R","$","E","M","R","B",null,"M","?","?","M","$","E","R","E","T","R","M","M","$","E","R","B",null,"M","?","?","$","?","R","M","M","T","?","R","M","$","?","R","B"],"character_chosen":"DEFECT","items_purchased":["Capacitor","FTL","Strength Potion","Fire Potion","Oddly Smooth Stone","Electrodynamics","Beam Cell","Potion Belt","PowerPotion","Reboot"],"campfire_rested":6,"item_purchase_floors":[5,10,22,22,30,30,38,47,47,47],"current_hp_per_floor":[64,64,46,71,71,71,71,71,71,71,71,71,71,71,71,26,60,51,42,42,30,30,18,39,28,28,49,47,34,34,34,55,4,54,48,38,25,25,25,46,28,22,28,28,51,48,48,47,70,0],"gold":126,"neow_bonus":"THREE_ENEMY_KILL","is_prod":false,"is_daily":false,"chose_seed":false,"campfire_upgraded":3,"win_rate":0,"timestamp":1549261768,"path_taken":["M","?","?","?","$","E","R","?","T","$","R","$","E","M","R","BOSS","M","?","?","M","$","E","R","E","T","R","?","M","$","E","R","BOSS","M","?","?","$","?","R","M","M","T","?","R","M","$","?","R","BOSS"],"build_version":"2019-01-23","purchased_purges":2,"victory":false,"max_hp_per_floor":[71,71,71,71,71,71,71,71,71,71,71,71,71,71,71,71,71,71,71,71,71,71,71,71,71,71,71,71,71,71,71,71,71,71,71,71,71,71,71,71,71,71,77,77,77,77,77,77,77,77],"card_choices":[{"not_picked":["Steam","Stack","Streamline"],"picked":"SKIP","floor":1.0},{"not_picked":["Leap","Ball Lightning"],"picked":"All For One","floor":6.0},{"not_picked":["Redo","Force Field"],"picked":"FTL","floor":8.0},{"not_picked":["Heatsinks","Streamline"],"picked":"Auto Shields","floor":13.0},{"not_picked":["Sweeping Beam","Melter","Stack"],"picked":"SKIP","floor":14.0},{"not_picked":["Hyperbeam","Machine Learning"],"picked":"All For One","floor":16.0},{"not_picked":["Turbo","Steam"],"picked":"Glacier","floor":18.0},{"not_picked":["Chaos","Leap"],"picked":"Coolheaded+1","floor":19.0},{"not_picked":["Redo","Hologram","Stack"],"picked":"SKIP","floor":21.0},{"not_picked":["Fusion","Recycle"],"picked":"Conserve Battery","floor":23.0},{"not_picked":["BootSequence","Sweeping Beam"],"picked":"FTL","floor":25.0},{"not_picked":["Steam","Barrage"],"picked":"Recycle+1","floor":28.0},{"not_picked":["Hologram","Sweeping Beam"],"picked":"Conserve Battery","floor":29.0},{"not_picked":["Self Repair","Reinforced Body"],"picked":"Capacitor","floor":31.0},{"not_picked":["Buffer","Fission"],"picked":"All For One","floor":33.0},{"not_picked":["Turbo","Streamline"],"picked":"FTL","floor":35.0},{"not_picked":["Bandage Up","Dark Shackles"],"picked":"Trip","floor":36.0},{"not_picked":["Dramatic Entrance","Transmutation"],"picked":"Flash of Steel","floor":36.0},{"not_picked":["Blind","Thinking Ahead"],"picked":"Panache","floor":36.0},{"not_picked":["Recycle+1","Cold Snap","Turbo"],"picked":"SKIP","floor":41},{"not_picked":["Heatsinks","Streamline+1"],"picked":"Conserve Battery","floor":42},{"not_picked":["Ball Lightning+1","Stack","Turbo"],"picked":"SKIP","floor":46},{"not_picked":["Sweeping Beam+1","Doom and Gloom"],"picked":"Chill","floor":48}],"player_experience":709470,"relics_obtained":[{"floor":6.0,"key":"Bottled Lightning"},{"floor":9.0,"key":"War Paint"},{"floor":13.0,"key":"Du-Vu Doll"},{"floor":19.0,"key":"Red Mask"},{"floor":23.0,"key":"Darkstone Periapt"},{"floor":25.0,"key":"Old Coin"},{"floor":26.0,"key":"Lantern"},{"floor":31.0,"key":"Bag of Marbles"},{"floor":43,"key":"Meat on the Bone"},{"floor":48,"key":"Gambling Chip"}],"event_choices":[{"damage_healed":0.0,"max_hp_gain":0.0,"max_hp_loss":0.0,"gold_gain":0.0,"cards_transformed":["Strike_B"],"event_name":"Living Wall","player_choice":"Change","floor":2.0,"gold_loss":0.0,"damage_taken":0.0,"cards_obtained":["Reprogram"]},{"damage_healed":0.0,"max_hp_gain":0.0,"max_hp_loss":0.0,"gold_gain":0.0,"event_name":"Scrap Ooze","player_choice":"Success","floor":3.0,"gold_loss":0.0,"damage_taken":18.0,"relics_obtained":["PreservedInsect"]},{"cards_removed":["Reprogram"],"damage_healed":25.0,"max_hp_gain":0.0,"max_hp_loss":0.0,"gold_gain":0.0,"event_name":"Bonfire Elementals","player_choice":"Offered Uncommon","floor":4.0,"gold_loss":0.0,"damage_taken":0.0},{"damage_healed":0.0,"max_hp_gain":0.0,"max_hp_loss":0.0,"gold_gain":0.0,"event_name":"Masked Bandits","player_choice":"Fought Bandits","floor":19.0,"gold_loss":0.0,"damage_taken":0.0},{"damage_healed":0.0,"max_hp_gain":0.0,"max_hp_loss":0.0,"gold_gain":0.0,"event_name":"Accursed Blacksmith","player_choice":"Rummage","floor":20.0,"gold_loss":0.0,"damage_taken":0.0,"relics_obtained":["WarpedTongs"],"cards_obtained":["Pain"]},{"damage_healed":0.0,"max_hp_gain":0.0,"max_hp_loss":0.0,"gold_gain":0.0,"event_name":"SensoryStone","player_choice":"Memory 3","floor":36.0,"gold_loss":0.0,"damage_taken":10.0},{"damage_healed":0.0,"max_hp_gain":0.0,"max_hp_loss":0.0,"gold_gain":0.0,"event_name":"Winding Halls","player_choice":"Embrace Madness","floor":37.0,"gold_loss":0.0,"damage_taken":13.0,"cards_obtained":["Madness","Madness"]},{"damage_healed":0,"gold_gain":0,"player_choice":"Ignored","damage_taken":0,"max_hp_gain":0,"max_hp_loss":0,"event_name":"Mysterious Sphere","floor":39,"gold_loss":0},{"damage_healed":0,"gold_gain":222,"player_choice":"Wore Mask","damage_taken":0,"max_hp_gain":0,"max_hp_loss":0,"event_name":"Tomb of Lord Red Mask","floor":44,"gold_loss":0},{"damage_healed":0,"gold_gain":0,"player_choice":"Fight","damage_taken":0,"max_hp_gain":0,"max_hp_loss":0,"event_name":"MindBloom","floor":48,"gold_loss":0}],"is_beta":false,"boss_relics":[{"not_picked":["Inserter","White Beast Statue"],"picked":"Runic Pyramid"},{"not_picked":["Velvet Choker","Coffee Dripper"],"picked":"Cursed Key"}],"items_purged_floors":[22,30],"is_endless":false,"potions_floor_spawned":[13,16,18,19,28,29,33,35,46],"killed_by":"Time Eater","ascension_level":20}