{"gold_per_floor":[118,128,128,128,128,160,177,209,209,226,226],"floor_reached":11,"playtime":320,"items_purged":[],"score":205,"play_id":"c8f3b6e3-5ee9-4ee0-9d79-783adf3047cb","local_time":"20190119164818","is_ascension_mode":true,"campfire_choices":[],"neow_cost":"NONE","seed_source_timestamp":779504887940400,"circlet_count":0,"master_deck":["AscendersBane","Strike_B","Strike_B","Strike_B","Defend_B","Defend_B","Defend_B","Defend_B","Zap+1","Dualcast","Conserve Battery","Chill","Ball Lightning","Heatsinks","Hologram","Ball Lightning"],"relics":["Cracked Core","NeowsBlessing","Juzu Bracelet","Question Card","Blue Candle","Matryoshka"],"potions_floor_usage":[8,11],"damage_taken":[{"damage":0,"enemies":"Small Slimes","floor":1,"turns":1},{"damage":0,"enemies":"2 Louse","floor":2,"turns":1},{"damage":0,"enemies":"Lagavulin","floor":6,"turns":2},{"damage":7,"enemies":"Jaw Worm","floor":7,"turns":3},{"damage":35,"enemies":"Gremlin Nob","floor":8,"turns":4},{"damage":1,"enemies":"Blue Slaver","floor":10,"turns":4},{"damage":18,"enemies":"Lagavulin","floor":11,"turns":3}],"seed_played":"-4308622986303889569","potions_obtained":[{"floor":7,"key":"Strength Potion"},{"floor":10,"key":"Block Potion"}],"is_trial":false,"path_per_floor":["M","M","?","?","?","E","M","E","T","M","E"],"character_chosen":"DEFECT","items_purchased":[],"campfire_rested":0,"item_purchase_floors":[],"current_hp_per_floor":[64,64,59,52,52,52,45,10,10,9,0],"gold":226,"neow_bonus":"THREE_ENEMY_KILL","is_prod":false,"is_daily":false,"chose_seed":false,"campfire_upgraded":0,"win_rate":0,"timestamp":1547945298,"path_taken":["M","M","?","?","?","E","M","E","T","M","E"],"build_version":"2019-01-17v2","purchased_purges":0,"victory":false,"max_hp_per_floor":[71,71,71,71,71,71,71,71,71,71,71],"card_choices":[{"not_picked":["Rebound","Stack"],"picked":"Conserve Battery","floor":1},{"not_picked":["Steam Power","Hello World"],"picked":"Chill","floor":2},{"not_picked":["Genetic Algorithm","Skim"],"picked":"Ball Lightning","floor":6},{"not_picked":["Hologram","Leap","Gash"],"picked":"Heatsinks","floor":7},{"not_picked":["Tempest","Barrage","Amplify"],"picked":"Hologram","floor":8},{"not_picked":["Lockon","Streamline","Leap"],"picked":"Ball Lightning","floor":10}],"player_experience":552997,"relics_obtained":[{"floor":6,"key":"Question Card"},{"floor":8,"key":"Blue Candle"},{"floor":9,"key":"Matryoshka"}],"event_choices":[{"damage_healed":0,"gold_gain":0,"player_choice":"Success","damage_taken":5,"relics_obtained":["Juzu Bracelet"],"max_hp_gain":0,"max_hp_loss":0,"event_name":"Scrap Ooze","floor":3,"gold_loss":0},{"cards_removed":["Strike_B"],"damage_healed":0,"gold_gain":0,"player_choice":"Card Removal","damage_taken":7,"max_hp_gain":0,"max_hp_loss":0,"event_name":"Golden Wing","floor":4,"gold_loss":0},{"damage_healed":0,"gold_gain":0,"player_choice":"Grow","damage_taken":0,"max_hp_gain":0,"max_hp_loss":0,"event_name":"Living Wall","floor":5,"gold_loss":0,"cards_upgraded":["Zap"]}],"is_beta":false,"boss_relics":[],"items_purged_floors":[],"is_endless":false,"potions_floor_spawned":[7,10],"killed_by":"Lagavulin","ascension_level":18}