{"gold_per_floor":[112,129,129,145,119,119,4,4,4,4,38,50,75,97,109,218,230,254,110,140,140,40,40,54,54,54,67,40,40,56,75,75],"floor_reached":32,"playtime":1663,"items_purged":["Defend_B","Defend_B"],"score":290,"play_id":"4340bd8e-eb40-47b2-8ac4-90a350613991","local_time":"20181223203121","is_ascension_mode":false,"campfire_choices":[{"data":"Coolheaded","floor":6,"key":"SMITH"},{"floor":10,"key":"REST"},{"data":"Defragment","floor":12,"key":"SMITH"},{"floor":15,"key":"REST"},{"floor":23,"key":"REST"},{"floor":25,"key":"REST"},{"floor":29,"key":"REST"},{"floor":32,"key":"REST"}],"neow_cost":"NONE","seed_source_timestamp":124087243763250,"circlet_count":0,"master_deck":["Strike_B","Strike_B","Strike_B","Strike_B","Defend_B","Defend_B","Zap","Dualcast","Cold Snap","Coolheaded","Coolheaded+1","Defragment+1","Coolheaded","Coolheaded","Cold Snap","Cold Snap","Gash","Chill","Cold Snap","Cold Snap","Cold Snap+1"],"relics":["Cracked Core","Dream Catcher","PreservedInsect","MawBank","Sozu","Red Mask"],"potions_floor_usage":[16,16,16,31,31],"damage_taken":[{"damage":6,"enemies":"Jaw Worm","floor":1,"turns":3},{"damage":4,"enemies":"Cultist","floor":2,"turns":4},{"damage":0,"enemies":"Small Slimes","floor":4,"turns":3},{"damage":9,"enemies":"3 Sentries","floor":11,"turns":12},{"damage":7,"enemies":"Exordium Thugs","floor":13,"turns":4},{"damage":0,"enemies":"3 Louse","floor":14,"turns":6},{"damage":77,"enemies":"Hexaghost","floor":16,"turns":22},{"damage":12,"enemies":"3 Byrds","floor":18,"turns":8},{"damage":15,"enemies":"Masked Bandits","floor":20,"turns":7},{"damage":0,"enemies":"Spheric Guardian","floor":24,"turns":5},{"damage":0,"enemies":"Centurion and Healer","floor":27,"turns":10},{"damage":0,"enemies":"Snecko","floor":30,"turns":7},{"damage":5,"enemies":"Cultist and Chosen","floor":31,"turns":6}],"seed_played":"-4749771725503243192","potions_obtained":[{"floor":2,"key":"Regen Potion"},{"floor":13,"key":"SkillPotion"},{"floor":14,"key":"EntropicBrew"}],"is_trial":false,"path_per_floor":["M","M","?","M","$","R","$","T","T","R","E","R","M","M","R","B",null,"M","$","?","?","$","R","M","R","T","M","$","R","M","M","R"],"character_chosen":"DEFECT","items_purchased":["Coolheaded","Defragment","Coolheaded","Chill","Cold Snap"],"campfire_rested":6,"item_purchase_floors":[5,7,7,19,28],"current_hp_per_floor":[76,72,72,72,72,72,72,72,72,82,73,73,66,66,82,11,82,70,70,55,47,47,71,71,82,82,82,82,82,82,82,82],"gold":75,"neow_bonus":"TEN_PERCENT_HP_BONUS","is_prod":false,"is_daily":false,"chose_seed":false,"campfire_upgraded":2,"win_rate":0,"timestamp":1545615081,"path_taken":["M","M","?","M","$","R","$","?","T","R","E","R","M","M","R","BOSS","M","$","?","?","$","R","M","R","T","?","?","R","M","M","R"],"build_version":"2018-12-20","purchased_purges":2,"victory":false,"max_hp_per_floor":[82,82,82,82,82,82,82,82,82,82,82,82,82,82,82,82,82,82,82,82,82,82,82,82,82,82,82,82,82,82,82,82],"card_choices":[{"not_picked":["Go for the Eyes","Turbo"],"picked":"Cold Snap","floor":1},{"not_picked":["BootSequence","Meteor Strike","Rebound"],"picked":"SKIP","floor":2},{"not_picked":["Redo","Storm"],"picked":"Coolheaded","floor":4},{"not_picked":["Compile Driver","Conserve Battery"],"picked":"Coolheaded","floor":10},{"not_picked":["Streamline","Steam","Conserve Battery"],"picked":"SKIP","floor":11},{"not_picked":["Storm","Glacier"],"picked":"Cold Snap","floor":13},{"not_picked":["Defragment","Go for the Eyes"],"picked":"Cold Snap","floor":14},{"not_picked":["Sunder","Conserve Battery"],"picked":"Gash","floor":18},{"not_picked":["Stack","Coolheaded","Darkness"],"picked":"SKIP","floor":24},{"not_picked":["Ball Lightning+1","Leap","Streamline"],"picked":"SKIP","floor":27},{"not_picked":["Gash","Reinforced Body"],"picked":"Cold Snap","floor":29},{"not_picked":["Sweeping Beam","FTL+1"],"picked":"Cold Snap+1","floor":30},{"not_picked":["Steam","Skim","Stack"],"picked":"SKIP","floor":31}],"player_experience":353080,"relics_obtained":[{"floor":8,"key":"Dream Catcher"},{"floor":9,"key":"PreservedInsect"},{"floor":11,"key":"MawBank"},{"floor":20,"key":"Red Mask"}],"event_choices":[{"damage_healed":0,"gold_gain":0,"player_choice":"Bought 0 Potions","damage_taken":0,"max_hp_gain":0,"max_hp_loss":0,"event_name":"The Woman in Blue","floor":3,"gold_loss":0},{"damage_healed":0,"gold_gain":0,"player_choice":"Fought Bandits","damage_taken":0,"max_hp_gain":0,"max_hp_loss":0,"event_name":"Masked Bandits","floor":20,"gold_loss":0},{"damage_healed":0,"gold_gain":0,"player_choice":"","damage_taken":8,"max_hp_gain":0,"max_hp_loss":0,"event_name":"Knowing Skull","floor":21,"potions_obtained":[],"gold_loss":0,"cards_obtained":[]}],"is_beta":false,"boss_relics":[{"not_picked":["Black Star","Lizard Tail"],"picked":"Sozu"}],"items_purged_floors":[19,22],"is_endless":false,"potions_floor_spawned":[2,13,14,20],"ascension_level":0}