{"gold_per_floor":[119,136,60,60,60,90,90,151,163,175,31,41,60,60],"floor_reached":14,"playtime":936,"items_purged":["Strike_G"],"score":88,"play_id":"afbbb98a-06f8-4c50-897b-f3f9ab150f84","local_time":"20180815143959","is_ascension_mode":false,"campfire_choices":[{"floor":10,"key":"REST"}],"neow_cost":"TEN_PERCENT_HP_LOSS","seed_source_timestamp":394978206850376,"circlet_count":0,"master_deck":["Defend_G","Defend_G","Defend_G","Defend_G","Defend_G","Strike_G","Strike_G","Strike_G","Survivor","Neutralize","After Image","Poisoned Stab","Backflip","Noxious Fumes","Corpse Explosion","Acrobatics","Escape Plan+1","Deadly Poison+1","Tactician+1"],"relics":["Ring of the Snake","CultistMask","Bottled Flame","Shovel","MawBank","Toxic Egg 2"],"potions_floor_usage":[],"damage_taken":[{"damage":0,"enemies":"Small Slimes","floor":1,"turns":5},{"damage":2,"enemies":"2 Louse","floor":2,"turns":3},{"damage":35,"enemies":"Gremlin Nob","floor":6,"turns":6},{"damage":14,"enemies":"3 Sentries","floor":8,"turns":3},{"damage":3,"enemies":"Jaw Worm","floor":12,"turns":4},{"damage":4,"enemies":"Looter","floor":13,"turns":3},{"damage":15,"enemies":"Gremlin Gang","floor":14,"turns":2}],"seed_played":"2579056895457923645","potions_obtained":[{"floor":1,"key":"AttackPotion"},{"floor":12,"key":"SkillPotion"},{"floor":13,"key":"FearPotion"}],"is_trial":false,"path_per_floor":["M","M","$","?","?","E","?","?","T","R","$","M","M"],"character_chosen":"THE_SILENT","items_purchased":["Noxious Fumes","Escape Plan+1"],"campfire_rested":1,"item_purchase_floors":[3,11],"current_hp_per_floor":[63,61,61,54,54,19,16,2,2,20,20,17,13,0],"gold":60,"neow_bonus":"THREE_RARE_CARDS","is_prod":false,"is_daily":false,"chose_seed":false,"campfire_upgraded":0,"win_rate":0.0,"timestamp":1534358399,"path_taken":["M","M","$","?","?","E","?","?","T","R","$","M","M","M"],"build_version":"2018-08-09","purchased_purges":1,"victory":false,"max_hp_per_floor":[63,63,63,63,63,63,63,63,63,63,63,63,63,63],"card_choices":[{"not_picked":["Unload","Doppelganger"],"picked":"After Image","floor":0},{"not_picked":["Dagger Spray","Deadly Poison"],"picked":"Poisoned Stab","floor":1},{"not_picked":["Outmaneuver","Skewer"],"picked":"Backflip","floor":2},{"not_picked":["Tactician","Dagger Spray"],"picked":"Corpse Explosion","floor":6},{"not_picked":["PiercingWail","Dagger Throw"],"picked":"Acrobatics","floor":8},{"not_picked":["Bouncing Flask+1","Backflip+1"],"picked":"Deadly Poison+1","floor":12},{"not_picked":["Infinite Blades","Dash"],"picked":"Tactician+1","floor":13}],"player_experience":22965,"relics_obtained":[{"floor":6,"key":"Bottled Flame"},{"floor":8,"key":"MawBank"},{"floor":9,"key":"Toxic Egg 2"}],"event_choices":[{"event_name":"Golden Wing","player_choice":"Card Removal","floor":4,"damage_taken":0},{"event_name":"FaceTrader","player_choice":"Trade","floor":5,"damage_taken":0},{"event_name":"Scrap Ooze","player_choice":"success","floor":7,"damage_taken":3},{"event_name":"Dead Adventurer","player_choice":"Searched \u00272\u0027 times","floor":8,"damage_taken":0}],"is_beta":false,"boss_relics":[],"items_purged_floors":[11],"is_endless":false,"potions_floor_spawned":[1,12,13],"killed_by":"Gremlin Gang","ascension_level":0}