{"gold_per_floor":[110,128,143,123,139,139,153,153,153,153,180,200,227,238,238,238],"floor_reached":16,"playtime":536,"items_purged":[],"score":217,"play_id":"66aaace1-79c0-4a8a-b503-505baf134632","local_time":"20180927195152","is_ascension_mode":true,"campfire_choices":[{"data":"Calculated Gamble","floor":6.0,"key":"SMITH"},{"data":"Eviscerate","floor":8.0,"key":"SMITH"},{"floor":10.0,"key":"REST"},{"floor":15.0,"key":"REST"}],"neow_cost":"PERCENT_DAMAGE","seed_source_timestamp":11797296163239,"circlet_count":0,"master_deck":["Defend_G","Defend_G","Defend_G","Defend_G","Strike_G","Strike_G","Strike_G","Strike_G","Survivor","Neutralize","AscendersBane","Outmaneuver","Bullet Time","Deadly Poison","Calculated Gamble+1","All Out Attack","Eviscerate+1","Terror","Dagger Spray","PiercingWail","Dodge and Roll+1","Reflex+1"],"special_seed":0,"relics":["Ring of the Snake","Happy Flower","PreservedInsect","Toxic Egg 2"],"potions_floor_usage":[],"damage_taken":[{"damage":0.0,"enemies":"2 Louse","floor":1.0,"turns":3.0},{"damage":3.0,"enemies":"Cultist","floor":2.0,"turns":5.0},{"damage":0.0,"enemies":"Small Slimes","floor":3.0,"turns":3.0},{"damage":8.0,"enemies":"Blue Slaver","floor":5.0,"turns":4.0},{"damage":4.0,"enemies":"Lots of Slimes","floor":7.0,"turns":2.0},{"damage":11.0,"enemies":"Gremlin Nob","floor":11.0,"turns":3.0},{"damage":28.0,"enemies":"Red Slaver","floor":12.0,"turns":6.0},{"damage":11.0,"enemies":"3 Sentries","floor":13.0,"turns":6.0},{"damage":0.0,"enemies":"Exordium Thugs","floor":14.0,"turns":4.0},{"damage":0,"enemies":"Slime Boss","floor":16,"turns":3}],"seed_played":"-5670478111435265113","potions_obtained":[{"floor":2.0,"key":"AttackPotion"},{"floor":4.0,"key":"FairyPotion"},{"floor":7.0,"key":"Strength Potion"},{"floor":13.0,"key":"PowerPotion"}],"is_trial":false,"path_per_floor":["M","M","M","?","M","R","M","R","T","R","E","M","E","M","R"],"character_chosen":"THE_SILENT","items_purchased":[],"campfire_rested":2,"item_purchase_floors":[],"current_hp_per_floor":[44,41,41,41,33,33,29,29,29,48,37,9,4,4,23,23],"gold":238,"neow_bonus":"TRANSFORM_TWO_CARDS","is_prod":false,"is_daily":false,"chose_seed":false,"campfire_upgraded":2,"win_rate":0,"timestamp":1538045512,"path_taken":["M","M","M","?","M","R","M","R","T","R","E","M","E","M","R","BOSS"],"build_version":"2018-09-20","purchased_purges":0,"victory":false,"max_hp_per_floor":[66,66,66,66,66,66,66,66,66,66,66,66,66,66,66,66],"card_choices":[{"not_picked":["Bane","Dagger Throw"],"picked":"Deadly Poison","floor":1.0},{"not_picked":["Quick Slash","Poisoned Stab"],"picked":"Calculated Gamble","floor":2.0},{"not_picked":["Bane","Bouncing Flask"],"picked":"All Out Attack","floor":3.0},{"not_picked":["Catalyst","Endless Agony"],"picked":"Eviscerate","floor":5.0},{"not_picked":["Dodge and Roll","Bouncing Flask"],"picked":"Terror","floor":7.0},{"not_picked":["Dagger Throw","Flying Knee"],"picked":"Dagger Spray","floor":11.0},{"not_picked":["Cloak And Dagger","Sucker Punch"],"picked":"PiercingWail","floor":12.0},{"not_picked":["Bane","Unload"],"picked":"Dodge and Roll","floor":13.0},{"not_picked":["Sucker Punch","Slice"],"picked":"Reflex+1","floor":14.0}],"player_experience":672283,"relics_obtained":[{"floor":9.0,"key":"Happy Flower"},{"floor":11.0,"key":"PreservedInsect"},{"floor":13.0,"key":"Toxic Egg 2"}],"event_choices":[{"event_name":"The Woman in Blue","player_choice":"Bought 1 Potion","floor":4.0,"damage_taken":0.0}],"is_beta":false,"boss_relics":[],"items_purged_floors":[],"is_endless":false,"potions_floor_spawned":[2,7,13],"killed_by":"Slime Boss","ascension_level":18}