{"path_per_floor":["M","?","?","?","?","R","E","M","T","R","E","M","M","T","R"],"character_chosen":"DEFECT","items_purchased":[],"gold_per_floor":[119,119,119,119,294,294,335,354,354,354,392,406,425,425,425,425],"floor_reached":16,"campfire_rested":2,"playtime":649,"item_purchase_floors":[],"current_hp_per_floor":[65,65,65,51,51,51,24,24,24,44,18,18,8,8,28,0],"items_purged":[],"gold":425,"score":113,"play_id":"936ce4a0-a197-4868-8a91-37d14eef35a0","local_time":"20180613205429","is_prod":false,"is_daily":false,"chose_seed":false,"is_ascension_mode":true,"campfire_upgraded":1,"win_rate":0,"timestamp":1528887269,"campfire_choices":[{"data":"Leap","floor":6,"key":"SMITH"},{"floor":10,"key":"REST"},{"floor":15,"key":"REST"}],"path_taken":["M","?","?","?","?","R","E","M","T","R","E","M","M","?","R","BOSS"],"build_version":"2018-06-12","seed_source_timestamp":205590131113335,"purchased_purges":0,"victory":false,"master_deck":["Strike_B+1","Strike_B","Strike_B+1","Strike_B","Defend_B","Defend_B","Defend_B","Defend_B","Zap+1","Dualcast","Leap+1","Doubt","Hologram","Loop","BootSequence","Gash"],"max_hp_per_floor":[75,75,69,69,69,69,69,69,69,69,69,69,69,69,69,69],"special_seed":0,"relics":["Cracked Core","Golden Idol","Blue Candle","Toolbox","Bronze Scales","Bottled Flame"],"card_choices":[{"not_picked":["Reinforced Body","Hologram"],"picked":"Leap","floor":0},{"not_picked":["Fusion","Streamline","Beam Cell"],"picked":"SKIP","floor":1},{"not_picked":["Sweeping Beam","Barrage"],"picked":"Hologram","floor":7},{"not_picked":["Hologram","Turbo"],"picked":"Loop","floor":8},{"not_picked":["Leap","Rip and Tear"],"picked":"BootSequence","floor":11},{"not_picked":["Skim","Go for the Eyes"],"picked":"Gash","floor":12},{"not_picked":["Fusion","Sweeping Beam","Fission"],"picked":"SKIP","floor":13}],"player_experience":407337,"potions_floor_usage":[7,11],"damage_taken":[{"damage":10,"enemies":"Jaw Worm","floor":1,"turns":4},{"damage":27,"enemies":"Lagavulin","floor":7,"turns":9},{"damage":0,"enemies":"2 Louse","floor":8,"turns":2},{"damage":26,"enemies":"Gremlin Nob","floor":11,"turns":4},{"damage":0,"enemies":"Small Slimes","floor":12,"turns":2},{"damage":10,"enemies":"Exordium Thugs","floor":13,"turns":3},{"damage":31,"enemies":"Slime Boss","floor":16,"turns":6}],"relics_obtained":[{"floor":7,"key":"Blue Candle"},{"floor":9,"key":"Toolbox"},{"floor":11,"key":"Bronze Scales"},{"floor":14,"key":"Bottled Flame"}],"event_choices":[{"event_name":"Living Wall","player_choice":"Grow","floor":2,"damage_taken":0},{"event_name":"Golden Idol","player_choice":"Lose Max HP","floor":3,"damage_taken":0},{"event_name":"Shining Light","player_choice":"Entered Light","floor":4,"damage_taken":0},{"event_name":"Liars Game","player_choice":"agreed","floor":5,"damage_taken":0}],"boss_relics":[],"items_purged_floors":[],"potions_floor_spawned":[1,7],"seed_played":"4216419197141104631","killed_by":"Slime Boss","ascension_level":1,"potions_obtained":[{"floor":1,"key":"Strength Potion"},{"floor":7,"key":"Ancient Potion"}],"is_trial":false}