{"gold_per_floor":[119,133,143,143,143,143,182,182,182,182,257,56,35,56,56,186,186,204,204,25,25,46,46,85,135,159,79,79,129,147,412,412,412],"floor_reached":33,"playtime":2571,"items_purged":["Limit Break","Strike_R"],"score":392,"play_id":"a807d928-e6bf-4877-9368-1a3fefbce2df","local_time":"20190305150443","is_ascension_mode":true,"campfire_choices":[{"data":"Bash","floor":6,"key":"SMITH"},{"data":"Shrug It Off","floor":10,"key":"SMITH"},{"data":"Strike_R","floor":15,"key":"SMITH"},{"floor":23,"key":"REST"},{"data":"Clothesline","floor":28,"key":"SMITH"},{"floor":32,"key":"REST"}],"neow_cost":"NONE","seed_source_timestamp":99778970881168,"circlet_count":0,"master_deck":["AscendersBane","Strike_R","Strike_R","Strike_R","Strike_R+1","Defend_R+1","Defend_R","Defend_R+1","Defend_R","Bash+1","Evolve","Shrug It Off+1","Impervious","Clothesline+1","Armaments+1","Shrug It Off+1"],"relics":["Burning Blood","Golden Idol","Prayer Wheel","Pantograph","The Courier","Mercury Hourglass","Snecko Eye","Boot","PreservedInsect","SsserpentHead","War Paint","Ancient Tea Set","Old Coin"],"potions_floor_usage":[13,14,16,24,30],"damage_taken":[{"damage":14,"enemies":"Jaw Worm","floor":1,"turns":5},{"damage":4,"enemies":"2 Louse","floor":2,"turns":4},{"damage":4,"enemies":"Small Slimes","floor":3,"turns":4},{"damage":28,"enemies":"3 Sentries","floor":7,"turns":16},{"damage":16,"enemies":"Exordium Thugs","floor":13,"turns":5},{"damage":3,"enemies":"Large Slime","floor":14,"turns":8},{"damage":70,"enemies":"The Guardian","floor":16,"turns":17},{"damage":25,"enemies":"Spheric Guardian","floor":18,"turns":7},{"damage":19,"enemies":"2 Thieves","floor":22,"turns":5},{"damage":53,"enemies":"Slavers","floor":24,"turns":6},{"damage":5,"enemies":"Colosseum Slavers","floor":29,"turns":4},{"damage":12,"enemies":"Cultist and Chosen","floor":30,"turns":5},{"damage":87,"enemies":"Champ","floor":33,"turns":12}],"seed_played":"3124400026974841687","potions_obtained":[{"floor":3,"key":"SkillPotion"},{"floor":13,"key":"Regen Potion"},{"floor":14,"key":"Regen Potion"},{"floor":22,"key":"Regen Potion"},{"floor":24,"key":"Fire Potion"}],"is_trial":false,"path_per_floor":["M","M","M","$","?","R","E","?","T","R","?","$","M","M","R","B",null,"M","?","$","?","M","R","E","?","T","$","R","?","M","?","R","B"],"character_chosen":"IRONCLAD","items_purchased":["Mercury Hourglass","PreservedInsect"],"campfire_rested":2,"item_purchase_floors":[12,20],"current_hp_per_floor":[64,66,68,68,68,68,46,39,39,39,28,28,18,36,36,12,59,40,40,40,40,27,49,17,41,41,41,41,42,36,36,58,0],"gold":412,"neow_bonus":"ONE_RANDOM_RARE_CARD","is_prod":false,"is_daily":false,"chose_seed":false,"campfire_upgraded":4,"win_rate":0,"timestamp":1551819883,"path_taken":["M","M","M","$","?","R","E","?","T","R","?","$","M","M","R","BOSS","M","?","$","?","?","R","E","?","T","$","R","?","M","?","R","BOSS"],"build_version":"2019-01-23","purchased_purges":2,"victory":false,"max_hp_per_floor":[80,80,80,80,74,74,74,74,74,74,74,74,74,74,74,74,74,74,74,74,74,74,74,74,74,74,74,74,74,74,74,74,74],"card_choices":[{"not_picked":["Headbutt","Power Through"],"picked":"Evolve","floor":1},{"not_picked":["Anger","Blood for Blood","Dual Wield"],"picked":"SKIP","floor":2},{"not_picked":["Headbutt","Disarm"],"picked":"Shrug It Off","floor":3},{"not_picked":["Flex","Armaments"],"picked":"Impervious","floor":7},{"not_picked":["Headbutt","Feel No Pain","Body Slam"],"picked":"SKIP","floor":13},{"not_picked":["Hemokinesis","Pommel Strike","Spot Weakness"],"picked":"SKIP","floor":13},{"not_picked":["Cleave","True Grit","Body Slam"],"picked":"SKIP","floor":14},{"not_picked":["Headbutt","Iron Wave","Warcry"],"picked":"SKIP","floor":14},{"not_picked":["Iron Wave","Burning Pact+1"],"picked":"Clothesline","floor":18},{"not_picked":["Havoc","Body Slam","Pummel+1"],"picked":"SKIP","floor":18},{"not_picked":["Twin Strike","Infernal Blade"],"picked":"Armaments+1","floor":22},{"not_picked":["Thunderclap+1","Feel No Pain+1","Clothesline"],"picked":"SKIP","floor":22},{"not_picked":["Anger","Twin Strike","Dropkick"],"picked":"SKIP","floor":24},{"not_picked":["Second Wind","Sword Boomerang"],"picked":"Shrug It Off+1","floor":30},{"not_picked":["Combust+1","Armaments","Entrench"],"picked":"SKIP","floor":30}],"player_experience":183879,"relics_obtained":[{"floor":7,"key":"Prayer Wheel"},{"floor":9,"key":"The Courier"},{"floor":24,"key":"War Paint"},{"floor":26,"key":"Ancient Tea Set"}],"event_choices":[{"damage_healed":0,"gold_gain":0,"player_choice":"Lose Max HP","damage_taken":0,"relics_obtained":["Golden Idol"],"max_hp_gain":0,"max_hp_loss":6,"event_name":"Golden Idol","floor":5,"gold_loss":0},{"damage_healed":0,"gold_gain":0,"player_choice":"Success","damage_taken":7,"relics_obtained":["Pantograph"],"max_hp_gain":0,"max_hp_loss":0,"event_name":"Scrap Ooze","floor":8,"gold_loss":0},{"damage_healed":0,"gold_gain":75,"player_choice":"Gather Gold","damage_taken":11,"max_hp_gain":0,"max_hp_loss":0,"event_name":"World of Goop","floor":11,"gold_loss":0},{"damage_healed":0,"gold_gain":0,"player_choice":"Opened","damage_taken":0,"relics_obtained":["Boot"],"max_hp_gain":0,"max_hp_loss":0,"event_name":"The Mausoleum","floor":19,"gold_loss":0},{"damage_healed":0,"gold_gain":0,"player_choice":"Trade","damage_taken":0,"relics_obtained":["SsserpentHead"],"max_hp_gain":0,"max_hp_loss":0,"event_name":"FaceTrader","floor":21,"gold_loss":0},{"damage_healed":24,"gold_gain":0,"player_choice":"Heal","damage_taken":0,"max_hp_gain":0,"max_hp_loss":0,"event_name":"The Library","floor":25,"gold_loss":0},{"damage_healed":0,"gold_gain":0,"player_choice":"Fight","damage_taken":0,"max_hp_gain":0,"max_hp_loss":0,"event_name":"Colosseum","floor":29,"gold_loss":0},{"damage_healed":0,"gold_gain":0,"player_choice":"Fled From Nobs","damage_taken":0,"max_hp_gain":0,"max_hp_loss":0,"event_name":"Colosseum","floor":29,"gold_loss":0},{"damage_healed":0,"gold_gain":0,"player_choice":"Obtained Relic","damage_taken":0,"relics_obtained":["Old Coin"],"max_hp_gain":0,"max_hp_loss":0,"event_name":"Addict","floor":31,"gold_loss":85}],"is_beta":false,"boss_relics":[{"not_picked":["Fusion Hammer","Cursed Key"],"picked":"Snecko Eye"}],"items_purged_floors":[20,27],"is_endless":false,"potions_floor_spawned":[3,13,14,22,24],"killed_by":"Champ","ascension_level":10}