{"path_per_floor":["M","?","?","?","M","E","R","E","T","M","M","M","R","M","R","B",null,"M","M","M","M","?","R","M","M","T","M","$","M","?","M","R","B",null,"M","M","?","?","M","R","M","?","T","R","?","M","M","?","R"],"character_chosen":"THE_SILENT","items_purchased":["Oddly Smooth Stone","Cloak And Dagger"],"gold_per_floor":[119,119,119,119,133,163,163,193,193,208,221,235,235,254,254,357,357,357,357,357,357,357,357,357,357,357,357,81,81,81,81,81,81,81,81,81,81,81,81,81,81,81,81,81,81,81,81,81,81],"floor_reached":50,"campfire_rested":4,"playtime":2479,"current_hp_per_floor":[73,73,73,73,70,49,49,31,31,31,23,14,38,38,62,24,80,73,68,57,41,41,41,36,31,31,15,15,8,8,15,39,17,80,80,75,75,75,75,75,64,64,64,64,64,62,49,49,73],"items_purged":["Strike_G"],"gold":81,"score":437,"play_id":"00fba1bc-3c70-4ba3-aa02-8acb62cbda48","is_prod":false,"is_daily":false,"is_ascension_mode":false,"campfire_upgraded":4,"path_taken":["M","?","?","?","M","E","R","E","T","?","?","M","R","M","R","BOSS","M","M","?","M","?","R","M","?","T","M","$","M","?","M","R","BOSS","M","M","?","?","?","R","M","?","T","R","?","M","M","?","R","BOSS"],"build_version":"2018-02-22-PROD2","purchased_purges":2,"victory":false,"master_deck":["Defend_G","Defend_G","Defend_G","Defend_G","Strike_G","Survivor","Neutralize+1","Injury","Pain","Regret","Backflip","Adrenaline+1","Blur","Skewer+1","Quick Slash","Dagger Spray+1","Noxious Fumes+1","Sucker Punch+1","Leg Sweep","Calculated Gamble+1","Outmaneuver+1","Expertise+1","Footwork+1","Cloak And Dagger+1","Prepared+1","Acrobatics","Adrenaline","Dagger Spray+1","Acrobatics+1","Flying Knee+1","Riddle With Holes+1","Bouncing Flask"],"max_hp_per_floor":[80,80,80,80,80,80,80,80,80,80,80,80,80,80,80,80,80,80,80,80,80,80,80,80,80,80,80,80,80,80,80,80,80,80,80,80,80,80,80,80,80,80,80,80,80,80,80,80,80],"relics":["Calling Bell","Orichalcum","Pear","Ice Cream","Molten Egg 2","Ninja Scroll","Omamori","Ectoplasm","Du-Vu Doll","Oddly Smooth Stone","Astrolabe","Lantern"],"card_choices":[{"not_picked":["Acrobatics","Flechettes"],"picked":"Backflip"},{"not_picked":["PiercingWail","Phantasmal Killer"],"picked":"Quick Slash"},{"not_picked":["Flying Knee","Heel Hook"],"picked":"Dagger Spray"},{"not_picked":["Dagger Throw","Blur"],"picked":"Noxious Fumes"},{"not_picked":["Outmaneuver","PiercingWail"],"picked":"Sucker Punch"},{"not_picked":["Burst","Underhanded Strike"],"picked":"Leg Sweep"},{"not_picked":["Grand Finale","Venomology"],"picked":"Burst"},{"not_picked":["Blur","Well Laid Plans"],"picked":"Calculated Gamble"},{"not_picked":["Deflect","Slice"],"picked":"Outmaneuver"},{"not_picked":["Flying Knee","PiercingWail"],"picked":"Expertise"},{"not_picked":["Backflip","Deadly Poison"],"picked":"Footwork"},{"not_picked":["Slice","Leg Sweep"],"picked":"Prepared"},{"not_picked":["Flying Knee","Sucker Punch"],"picked":"Acrobatics"},{"not_picked":["Phantasmal Killer","Grand Finale"],"picked":"Adrenaline"},{"not_picked":["Flechettes","Heel Hook"],"picked":"Riddle With Holes"},{"not_picked":["Wraith Form","Crippling Poison"],"picked":"Bouncing Flask"}],"player_experience":233950,"potions_floor_usage":[8,16,16,20,31,33,33,41,41,50,50,50],"damage_taken":[{"damage":7,"enemies":"Jaw Worm","floor":1,"turns":5},{"damage":3,"enemies":"Cultist","floor":5,"turns":5},{"damage":21,"enemies":"3 Sentries","floor":6,"turns":12},{"damage":18,"enemies":"Lagavulin","floor":8,"turns":7},{"damage":0,"enemies":"Small Slimes","floor":10,"turns":2},{"damage":8,"enemies":"Blue Slaver","floor":11,"turns":3},{"damage":9,"enemies":"Exordium Thugs","floor":12,"turns":3},{"damage":0,"enemies":"Looter","floor":14,"turns":1},{"damage":38,"enemies":"Hexaghost","floor":16,"turns":11},{"damage":7,"enemies":"Chosen","floor":18,"turns":6},{"damage":5,"enemies":"3 Byrds","floor":19,"turns":4},{"damage":11,"enemies":"Slaver and Parasite","floor":20,"turns":6},{"damage":16,"enemies":"Snecko","floor":21,"turns":5},{"damage":5,"enemies":"3 Cultists","floor":24,"turns":6},{"damage":5,"enemies":"Centurion and Healer","floor":25,"turns":4},{"damage":16,"enemies":"Cultist and Chosen","floor":27,"turns":6},{"damage":7,"enemies":"Snecko","floor":29,"turns":4},{"damage":2,"enemies":"3 Cultists","floor":31,"turns":4},{"damage":22,"enemies":"Automaton","floor":33,"turns":9},{"damage":0,"enemies":"Orb Walker","floor":35,"turns":2},{"damage":5,"enemies":"3 Shapes","floor":36,"turns":2},{"damage":0,"enemies":"3 Darklings","floor":39,"turns":1},{"damage":11,"enemies":"4 Shapes","floor":41,"turns":3},{"damage":2,"enemies":"Sphere and 2 Shapes","floor":46,"turns":3},{"damage":13,"enemies":"3 Darklings","floor":47,"turns":3},{"damage":85,"enemies":"Time Eater","floor":50,"turns":11}],"event_choices":[{"event_name":"Accursed Blacksmith","player_choice":"Forge","floor":2,"damage_taken":0},{"event_name":"Match and Keep!","player_choice":"2 cards matched","floor":3,"damage_taken":0},{"event_name":"Transmorgrifier","player_choice":"Transform","floor":4,"damage_taken":0},{"event_name":"Drug Dealer","player_choice":"Ignored","floor":22,"damage_taken":0},{"event_name":"Addict","player_choice":"Ignored","floor":30,"damage_taken":0},{"event_name":"Mysterious Sphere","player_choice":"Ignore","floor":37,"damage_taken":0},{"event_name":"Upgrade Shrine","player_choice":"Upgraded","floor":38,"damage_taken":0},{"event_name":"The Lab","player_choice":"Got Potions","floor":42,"damage_taken":0},{"event_name":"The Woman in Blue","player_choice":"Bought 0 Potions","floor":48,"damage_taken":0}],"boss_relics":[{"not_picked":["Orrery","The Specimen"],"picked":"Ectoplasm"},{"not_picked":["Pandora\u0027s Box","White Beast Statue"],"picked":"Astrolabe"}],"potions_floor_spawned":[1,8,12,14,24,25,29,33,36,47],"seed_played":"-5123847950300547325","killed_by":"Time Eater","ascension_level":0,"is_trial":false}