{"gold_per_floor":[115,190,205,221,221,253,272,272,296,221,231,50,64,79,79,156,156,133,45,58,58,18,18,45,45,45,62,80,80,94,144,144,215,215,233,233,47,60,75,75,89,89,89,89,0,0,14,87,87,87,87,87,25,50,50],"floor_reached":55,"playtime":3725,"items_purged":["Strike_B","Strike_B"],"score":1417,"play_id":"f4b085cd-2a01-400a-8750-aa75eea7eca3","local_time":"20190206180901","is_ascension_mode":true,"campfire_choices":[{"data":"Blizzard","floor":15,"key":"SMITH"},{"data":"Defragment","floor":23,"key":"SMITH"},{"floor":25,"key":"DIG"},{"floor":29,"key":"DIG"},{"data":"Echo Form","floor":32,"key":"SMITH"},{"floor":40,"key":"DIG"},{"floor":44,"key":"RECALL"},{"floor":49,"key":"DIG"},{"floor":52,"key":"DIG"}],"neow_cost":"NONE","seed_source_timestamp":26364374905500,"circlet_count":0,"master_deck":["AscendersBane","Strike_B","Defend_B","Defend_B","Defend_B","Defend_B","Dualcast","Ball Lightning","Go for the Eyes+1","Cold Snap","Seek","Hologram","Self Repair","Glacier","Cold Snap","Blizzard+1","White Noise","Echo Form+1","Defragment+1","Glacier","Buffer+1","BootSequence","Seek","White Noise","Capacitor+1","White Noise","Apotheosis","Hologram","Capacitor+1","Chill"],"relics":["FrozenCore","Cables","Incense Burner","Pen Nib","Shovel","Bag of Marbles","Frozen Egg 2","Art of War","Runic Pyramid","Symbiotic Virus","Red Mask","The Courier","Bottled Lightning","Bottled Flame","Orichalcum"],"potions_floor_usage":[6,6,14,22,24,39,55],"damage_taken":[{"damage":0,"enemies":"2 Louse","floor":1,"turns":2},{"damage":2,"enemies":"Jaw Worm","floor":3,"turns":3},{"damage":1,"enemies":"Cultist","floor":4,"turns":3},{"damage":32,"enemies":"3 Sentries","floor":6,"turns":9},{"damage":1,"enemies":"Blue Slaver","floor":7,"turns":2},{"damage":2,"enemies":"Exordium Thugs","floor":11,"turns":4},{"damage":6,"enemies":"Gremlin Gang","floor":13,"turns":5},{"damage":0,"enemies":"2 Fungi Beasts","floor":14,"turns":2},{"damage":15,"enemies":"The Guardian","floor":16,"turns":12},{"damage":2,"enemies":"2 Thieves","floor":18,"turns":4},{"damage":8,"enemies":"3 Byrds","floor":20,"turns":6},{"damage":21,"enemies":"Slavers","floor":24,"turns":5},{"damage":9,"enemies":"Snake Plant","floor":27,"turns":7},{"damage":24,"enemies":"Cultist and Chosen","floor":28,"turns":10},{"damage":0,"enemies":"Snecko","floor":30,"turns":7},{"damage":0,"enemies":"Champ","floor":33,"turns":29},{"damage":19,"enemies":"3 Darklings","floor":35,"turns":7},{"damage":0,"enemies":"Orb Walker","floor":38,"turns":7},{"damage":18,"enemies":"Writhing Mass","floor":39,"turns":10},{"damage":27,"enemies":"Jaw Worm Horde","floor":41,"turns":7},{"damage":0,"enemies":"Maw","floor":47,"turns":11},{"damage":12,"enemies":"Donu and Deca","floor":50,"turns":11},{"damage":73,"enemies":"Shield and Spear","floor":54,"turns":9},{"damage":45,"enemies":"The Heart","floor":55,"turns":6}],"seed_played":"1305770076575151730","potions_obtained":[{"floor":1,"key":"GamblersBrew"},{"floor":4,"key":"Poison Potion"},{"floor":11,"key":"Strength Potion"},{"floor":13,"key":"Poison Potion"},{"floor":16,"key":"EssenceOfSteel"},{"floor":22,"key":"Fruit Juice"},{"floor":22,"key":"Energy Potion"},{"floor":22,"key":"FairyPotion"},{"floor":24,"key":"FearPotion"},{"floor":38,"key":"Block Potion"},{"floor":39,"key":"SpeedPotion"}],"is_trial":false,"path_per_floor":["M","?","M","M","?","E","M","T","T","?","M","$","M","M","R","B",null,"M","$","M","?","?","R","E","R","T","M","M","R","M","?","R","B",null,"M","?","$","M","M","R","M","?","T","R","?","?","M","T","R","B",null,"R","$","E","B"],"character_chosen":"DEFECT","items_purchased":["Glacier","Cold Snap","Defragment","Capacitor+1","Capacitor+1"],"campfire_rested":0,"item_purchase_floors":[12,12,19,37,53],"current_hp_per_floor":[71,60,58,57,57,25,24,24,24,24,22,22,23,23,23,15,62,60,60,66,44,49,49,28,28,28,33,16,16,30,30,30,37,75,70,70,70,84,80,80,67,67,67,67,67,67,81,81,81,88,88,88,88,35,0],"gold":50,"neow_bonus":"TEN_PERCENT_HP_BONUS","is_prod":false,"is_daily":false,"chose_seed":false,"campfire_upgraded":3,"win_rate":0,"timestamp":1549505341,"path_taken":["M","?","M","M","?","E","M","?","T","?","M","$","?","M","R","BOSS","M","$","M","?","?","R","E","R","T","?","M","R","M","?","R","BOSS","M","?","$","?","M","R","M","?","T","R","?","?","M","?","R","BOSS","R","$","E","BOSS"],"build_version":"2019-01-23","purchased_purges":2,"victory":false,"max_hp_per_floor":[78,78,78,78,78,78,78,78,78,78,78,78,78,78,78,78,78,78,78,78,83,88,88,88,88,88,88,88,88,88,88,88,88,88,88,88,88,88,88,88,88,88,88,88,88,88,88,88,88,88,88,88,88,88,88],"card_choices":[{"not_picked":["Auto Shields","Genetic Algorithm"],"picked":"Ball Lightning","floor":1},{"not_picked":["Sweeping Beam","Beam Cell"],"picked":"Go for the Eyes","floor":3},{"not_picked":["Hello World","Gash"],"picked":"Cold Snap","floor":4},{"not_picked":["Gash","Redo"],"picked":"Seek","floor":6},{"not_picked":["Gash","Force Field"],"picked":"Hologram","floor":7},{"not_picked":["Undo","Beam Cell"],"picked":"Self Repair","floor":11},{"not_picked":["Coolheaded","Stack"],"picked":"Blizzard","floor":13},{"not_picked":["Consume","Conserve Battery"],"picked":"White Noise","floor":14},{"not_picked":["Seek","Meteor Strike"],"picked":"Echo Form","floor":16},{"not_picked":["Leap","Compile Driver+1","Steam"],"picked":"SKIP","floor":18},{"not_picked":["Rip and Tear","Conserve Battery"],"picked":"Glacier","floor":20},{"not_picked":["Tempest+1","Stack","Redo+1"],"picked":"SKIP","floor":24},{"not_picked":["Ball Lightning","Rebound"],"picked":"Buffer+1","floor":27},{"not_picked":["Streamline","Barrage","Lockon"],"picked":"SKIP","floor":28},{"not_picked":["Sweeping Beam","Steam Power+1"],"picked":"BootSequence","floor":30},{"not_picked":["Multi-Cast","Reboot"],"picked":"Seek","floor":33},{"not_picked":["Ball Lightning","Coolheaded+1"],"picked":"White Noise","floor":35},{"not_picked":["Beam Cell","FTL","Ball Lightning+1"],"picked":"SKIP","floor":38},{"not_picked":["Rip and Tear","Undo","Steam"],"picked":"SKIP","floor":39},{"not_picked":["Hologram","Undo+1"],"picked":"White Noise","floor":41},{"not_picked":["Jack Of All Trades","Good Instincts"],"picked":"Apotheosis","floor":42},{"not_picked":["Sweeping Beam","Go for the Eyes+1"],"picked":"Hologram","floor":47},{"not_picked":["Cold Snap+1","Sweeping Beam"],"picked":"Chill","floor":54}],"player_experience":642227,"relics_obtained":[{"floor":6,"key":"Cables"},{"floor":8,"key":"Incense Burner"},{"floor":9,"key":"Pen Nib"},{"floor":24,"key":"Shovel"},{"floor":25,"key":"Bag of Marbles"},{"floor":26,"key":"Frozen Egg 2"},{"floor":29,"key":"Art of War"},{"floor":40,"key":"Symbiotic Virus"},{"floor":48,"key":"The Courier"},{"floor":49,"key":"Bottled Lightning"},{"floor":52,"key":"Bottled Flame"},{"floor":54,"key":"Orichalcum"}],"event_choices":[{"damage_healed":0,"gold_gain":75,"player_choice":"Gather Gold","damage_taken":11,"max_hp_gain":0,"max_hp_loss":0,"event_name":"World of Goop","floor":2,"gold_loss":0},{"damage_healed":0,"gold_gain":0,"player_choice":"Grow","damage_taken":0,"max_hp_gain":0,"max_hp_loss":0,"event_name":"Living Wall","floor":5,"gold_loss":0,"cards_upgraded":["Go for the Eyes"]},{"cards_removed":["Strike_B"],"damage_healed":0,"gold_gain":0,"player_choice":"Card Removal","damage_taken":0,"max_hp_gain":0,"max_hp_loss":0,"event_name":"The Cleric","floor":10,"gold_loss":75},{"damage_healed":0,"gold_gain":0,"player_choice":"Shed Blood","damage_taken":27,"max_hp_gain":5,"max_hp_loss":0,"event_name":"Forgotten Altar","floor":21,"gold_loss":0},{"damage_healed":0,"gold_gain":0,"player_choice":"Bought 3 Potions","damage_taken":0,"max_hp_gain":0,"max_hp_loss":0,"event_name":"The Woman in Blue","floor":22,"gold_loss":0},{"damage_healed":0,"gold_gain":50,"player_choice":"Pray","damage_taken":0,"max_hp_gain":0,"max_hp_loss":0,"event_name":"Golden Shrine","floor":31,"gold_loss":0},{"damage_healed":0,"gold_gain":0,"player_choice":"Ignored","damage_taken":0,"max_hp_gain":0,"max_hp_loss":0,"event_name":"SecretPortal","floor":36,"gold_loss":0},{"damage_healed":0,"gold_gain":0,"player_choice":"Memory 1","damage_taken":0,"max_hp_gain":0,"max_hp_loss":0,"event_name":"SensoryStone","floor":42,"gold_loss":0},{"damage_healed":0,"gold_gain":0,"player_choice":"Paid","damage_taken":0,"relics_obtained":["Red Mask"],"max_hp_gain":0,"max_hp_loss":0,"event_name":"Tomb of Lord Red Mask","floor":45,"gold_loss":89},{"cards_removed":["Zap"],"damage_healed":0,"gold_gain":0,"player_choice":"Removed Skill","damage_taken":0,"max_hp_gain":0,"max_hp_loss":0,"event_name":"Falling","floor":46,"gold_loss":0}],"is_beta":false,"boss_relics":[{"not_picked":["Velvet Choker","Black Star"],"picked":"FrozenCore"},{"not_picked":["Runic Dome","White Beast Statue"],"picked":"Runic Pyramid"}],"items_purged_floors":[12,37],"is_endless":false,"potions_floor_spawned":[1,4,11,13,16,18,24,33,35,38,39],"killed_by":"The Heart","ascension_level":19}