{"gold_per_floor":[118,128,53,68,83,83,103,3,54,71,91,109,109,184,184,289,289,304,314,325,146,158,188,188,287,287,287,304,331,331,129,129,230,230,249,74,91,107,6,34,34,53,53,53,53,72,72,92,92,92],"floor_reached":51,"playtime":2650,"items_purged":["Armaments","Flame Barrier","Inflame","Flame Barrier","Rampage"],"score":1063,"play_id":"67774bae-7105-4832-9826-86784754a0cb","local_time":"20180912004859","daily_mods":["Draft"],"is_ascension_mode":false,"campfire_choices":[{"data":"Anger","floor":6,"key":"SMITH"},{"data":"Flex","floor":13,"key":"SMITH"},{"floor":15,"key":"REST"},{"data":"Flex","floor":24,"key":"SMITH"},{"floor":32,"key":"REST"},{"data":"Clash","floor":41,"key":"SMITH"},{"data":"Clash","floor":44,"key":"SMITH"},{"data":"Anger","floor":47,"key":"SMITH"},{"data":"Anger","floor":49,"key":"SMITH"}],"neow_cost":"","seed_source_timestamp":438134945036843,"circlet_count":0,"master_deck":["Sword Boomerang","Anger+1","Spot Weakness","Iron Wave","Flex+1","Pommel Strike+1","Flex+1","Iron Wave+1","Rage","Flex","Flex","Clash+1","Rage+1","Anger+1","Feed","Clash+1","Anger+1","Anger+1","Dark Shackles","Flex+1"],"relics":["Unceasing Top","Happy Flower","Black Star","Paper Frog","Singing Bowl","Letter Opener","Pen Nib","Whetstone","Sozu","Ancient Tea Set","War Paint","Matryoshka"],"potions_floor_usage":[18],"damage_taken":[{"damage":3,"enemies":"Small Slimes","floor":1,"turns":2},{"damage":6,"enemies":"Jaw Worm","floor":2,"turns":2},{"damage":5,"enemies":"2 Louse","floor":4,"turns":3},{"damage":0,"enemies":"Large Slime","floor":5,"turns":4},{"damage":9,"enemies":"Exordium Wildlife","floor":7,"turns":3},{"damage":0,"enemies":"3 Louse","floor":10,"turns":1},{"damage":0,"enemies":"Looter","floor":11,"turns":1},{"damage":0,"enemies":"Large Slime","floor":12,"turns":1},{"damage":0,"enemies":"The Guardian","floor":16,"turns":3},{"damage":0,"enemies":"2 Thieves","floor":18,"turns":3},{"damage":5,"enemies":"Chosen","floor":19,"turns":3},{"damage":16,"enemies":"Snake Plant","floor":20,"turns":2},{"damage":0,"enemies":"Centurion and Healer","floor":22,"turns":3},{"damage":10,"enemies":"Slavers","floor":23,"turns":3},{"damage":0,"enemies":"3 Cultists","floor":28,"turns":2},{"damage":0,"enemies":"Gremlin Leader","floor":29,"turns":2},{"damage":0,"enemies":"Collector","floor":33,"turns":3},{"damage":3,"enemies":"3 Shapes","floor":35,"turns":1},{"damage":6,"enemies":"3 Darklings","floor":37,"turns":2},{"damage":0,"enemies":"Transient","floor":38,"turns":4},{"damage":0,"enemies":"2 Orb Walkers","floor":40,"turns":2},{"damage":0,"enemies":"Sphere and 2 Shapes","floor":42,"turns":1},{"damage":0,"enemies":"Spire Growth","floor":46,"turns":1},{"damage":0,"enemies":"Maw","floor":48,"turns":1},{"damage":0,"enemies":"Donu and Deca","floor":50,"turns":2}],"seed_played":"6083933881810991151","potions_obtained":[{"floor":4,"key":"Block Potion"},{"floor":10,"key":"SteroidPotion"},{"floor":16,"key":"Weak Potion"},{"floor":19,"key":"FearPotion"},{"floor":23,"key":"Block Potion"},{"floor":33,"key":"GamblersBrew"}],"is_trial":true,"path_per_floor":["M","M","$","M","M","R","M","$","T","M","M","M","R","?","R","B",null,"M","M","M","$","M","E","R","?","T","?","M","E","?","$","R","B",null,"M","$","M","M","$","E","R","M","T","R","?","M","R","M","R","B"],"character_chosen":"IRONCLAD","items_purchased":["Flex","Anger","Dark Shackles"],"campfire_rested":2,"item_purchase_floors":[21,31,39],"current_hp_per_floor":[77,71,71,66,66,66,57,57,57,57,57,57,57,46,70,70,80,80,75,59,59,59,49,49,49,49,49,49,51,51,51,75,77,84,84,84,80,82,82,82,82,84,84,84,86,88,88,90,90,90],"gold":92,"neow_bonus":"","is_prod":false,"is_daily":false,"chose_seed":false,"campfire_upgraded":7,"win_rate":0,"timestamp":1536727739,"path_taken":["M","M","$","M","M","R","M","$","T","M","M","M","R","?","R","BOSS","M","M","M","$","M","E","R","?","T","?","M","E","?","$","R","BOSS","M","$","M","M","$","E","R","M","T","R","?","?","R","M","R","BOSS"],"build_version":"2018-09-06","purchased_purges":5,"victory":true,"max_hp_per_floor":[80,80,80,80,80,80,80,80,80,80,80,80,80,80,80,80,80,80,80,80,80,80,80,80,80,80,80,80,82,82,82,82,84,84,87,87,89,91,91,91,91,93,93,93,95,97,97,99,99,99],"card_choices":[{"not_picked":["Entrench","Thunderclap"],"picked":"Sword Boomerang","floor":0},{"not_picked":["Sword Boomerang","Seeing Red"],"picked":"Anger","floor":0},{"not_picked":["Rampage","Clothesline"],"picked":"Spot Weakness","floor":0},{"not_picked":["True Grit","Shockwave"],"picked":"Iron Wave","floor":0},{"not_picked":["Iron Wave","Cleave"],"picked":"Flex","floor":0},{"not_picked":["Shrug It Off","Cleave"],"picked":"Flex","floor":0},{"not_picked":["Iron Wave","Power Through"],"picked":"Pommel Strike","floor":0},{"not_picked":["Wild Strike","Armaments"],"picked":"Rampage","floor":0},{"not_picked":["Thunderclap","Sword Boomerang"],"picked":"Armaments","floor":0},{"not_picked":["Heavy Blade","Dual Wield"],"picked":"Inflame","floor":0},{"not_picked":["Cleave","Warcry"],"picked":"Flex","floor":0},{"not_picked":["Dropkick","Combust"],"picked":"Anger","floor":0},{"not_picked":["Perfected Strike","Uppercut"],"picked":"Iron Wave","floor":0},{"not_picked":["Havoc","Cleave"],"picked":"Flex","floor":0},{"not_picked":["Corruption","Entrench"],"picked":"Flame Barrier","floor":0},{"not_picked":["Burning Pact","Bloodletting","Sword Boomerang"],"picked":"SKIP","floor":1},{"not_picked":["Body Slam","Perfected Strike","Carnage"],"picked":"SKIP","floor":2},{"not_picked":["Body Slam","Impervious","Sentinel"],"picked":"SKIP","floor":4},{"not_picked":["Rupture","Twin Strike","Iron Wave"],"picked":"SKIP","floor":5},{"not_picked":["Searing Blow","Evolve"],"picked":"Rage","floor":7},{"not_picked":["Perfected Strike","Clothesline","Corruption"],"picked":"SKIP","floor":10},{"not_picked":["Twin Strike","Warcry","Wild Strike"],"picked":"SKIP","floor":11},{"not_picked":["Perfected Strike","Rampage","Thunderclap"],"picked":"SKIP","floor":12},{"not_picked":["Second Wind","Wild Strike","Iron Wave+1"],"picked":"SKIP","floor":18},{"not_picked":["Carnage","Ghostly Armor","Battle Trance"],"picked":"SKIP","floor":19},{"not_picked":["Pummel","Sever Soul","Headbutt"],"picked":"SKIP","floor":20},{"not_picked":["Corruption+1","Perfected Strike"],"picked":"Flex","floor":22},{"not_picked":["Dropkick+1","Whirlwind"],"picked":"Clash","floor":23},{"not_picked":["Bloodletting+1","Havoc"],"picked":"Anger","floor":28},{"not_picked":["Iron Wave","Searing Blow+1","Shrug It Off+1"],"picked":"Singing Bowl","floor":29},{"not_picked":["Dark Embrace","Berserk","Immolate"],"picked":"Singing Bowl","floor":33},{"not_picked":["Corruption+1","Flame Barrier+1"],"picked":"Anger+1","floor":35},{"not_picked":["Second Wind","Infernal Blade+1","Perfected Strike+1"],"picked":"Singing Bowl","floor":37},{"not_picked":["Carnage","Uppercut+1","Wild Strike+1"],"picked":"Singing Bowl","floor":38},{"not_picked":["Sword Boomerang","Uppercut+1"],"picked":"Flex+1","floor":40},{"not_picked":["Clothesline","Cleave","Double Tap"],"picked":"Singing Bowl","floor":42},{"not_picked":["The Bomb","Jack Of All Trades","Forethought"],"picked":"Singing Bowl","floor":45},{"not_picked":["Metallicize+1","Thunderclap","Headbutt"],"picked":"Singing Bowl","floor":46},{"not_picked":["Searing Blow","Twin Strike+1","Pommel Strike+1"],"picked":"Singing Bowl","floor":48}],"player_experience":112479,"relics_obtained":[{"floor":9,"key":"Happy Flower"},{"floor":23,"key":"Paper Frog"},{"floor":23,"key":"Singing Bowl"},{"floor":26,"key":"Letter Opener"},{"floor":29,"key":"Pen Nib"},{"floor":29,"key":"Whetstone"},{"floor":40,"key":"Ancient Tea Set"},{"floor":40,"key":"War Paint"},{"floor":43,"key":"Matryoshka"}],"event_choices":[{"event_name":"World of Goop","player_choice":"Gather Gold","floor":14,"damage_taken":0},{"event_name":"Nest","player_choice":"Stole From Cult","floor":25,"damage_taken":0},{"event_name":"The Library","player_choice":"Read","floor":27,"damage_taken":0},{"event_name":"Drug Dealer","player_choice":"Became Test Subject","floor":30,"damage_taken":0},{"event_name":"SensoryStone","player_choice":"Memory 1","floor":45,"damage_taken":0}],"is_beta":false,"boss_relics":[{"not_picked":["Mark of Pain","Eternal Feather"],"picked":"Black Star"},{"not_picked":["Philosopher\u0027s Stone","Runic Cube"],"picked":"Sozu"}],"items_purged_floors":[3,8,21,31,36],"is_endless":false,"potions_floor_spawned":[2,4,10,16,19,20,23,28,33,40,46,48],"ascension_level":0}