{"gold_per_floor":[109,109,132,132,15,41,54,54,81,101,119,153,208,233,233,336,336,356,109,127,145,145,145,172,172,172,172,190,190,217,228,228,329,329,348,360,84,84,97,97,97,97,120,120,120,140,37,56,56,56,56,56,6,39,39],"floor_reached":55,"playtime":2625,"items_purged":["Regret","Strike_R","Strike_R","Strike_R","Strike_R"],"score":738,"play_id":"3223eb55-b36d-4d77-89d4-8cb6f9fea48e","local_time":"20190307045355","is_ascension_mode":false,"campfire_choices":[{"floor":8.0,"key":"REST"},{"floor":15.0,"key":"REST"},{"floor":23.0,"key":"REST"},{"floor":25.0,"key":"REST"},{"floor":27.0,"key":"RECALL"},{"floor":32.0,"key":"REST"},{"floor":40.0,"key":"REST"},{"floor":42.0,"key":"REST"},{"floor":44.0,"key":"REST"},{"floor":49.0,"key":"REST"},{"floor":52.0,"key":"REST"}],"neow_cost":"NONE","seed_source_timestamp":0,"circlet_count":0,"master_deck":["Defend_R","Bash","Flex+1","Seeing Red","Inflame","Heavy Blade","Havoc","Warcry","Pommel Strike","Perfected Strike","Warcry","Reaper+1","Twin Strike+1","Flex","Perfected Strike","Headbutt","Spot Weakness","Flex+1","Havoc","Thunderclap","Carnage","Dark Embrace","Whirlwind","Limit Break","Sword Boomerang+1","Fiend Fire+1","Fire Breathing+1","Heavy Blade+1","Armaments+1","Mayhem","Corruption","Havoc+1","Sword Boomerang+1","Apotheosis","Whirlwind+1","Inflame","Flame Barrier","Uppercut","Heavy Blade","Inflame","Whirlwind+1","Havoc+1","Limit Break"],"special_seed":0,"relics":["Fusion Hammer","Smiling Mask","Omamori","Bag of Marbles","Dream Catcher","Calipers","Boot","Snecko Eye","Vajra","Strawberry","Matryoshka","Red Mask","Astrolabe","Blue Candle","Orichalcum","Bag of Preparation"],"potions_floor_usage":[55],"damage_taken":[{"damage":13.0,"enemies":"2 Louse","floor":1.0,"turns":3.0},{"damage":23.0,"enemies":"Gremlin Nob","floor":6.0,"turns":4.0},{"damage":6.0,"enemies":"Jaw Worm","floor":7.0,"turns":2.0},{"damage":5.0,"enemies":"Small Slimes","floor":10.0,"turns":2.0},{"damage":1.0,"enemies":"Gremlin Gang","floor":11.0,"turns":3.0},{"damage":18.0,"enemies":"3 Sentries","floor":12.0,"turns":6.0},{"damage":0.0,"enemies":"Gremlin Nob","floor":13.0,"turns":2.0},{"damage":48.0,"enemies":"The Guardian","floor":16.0,"turns":6.0},{"damage":24.0,"enemies":"Spheric Guardian","floor":18.0,"turns":5.0},{"damage":10.0,"enemies":"3 Byrds","floor":20.0,"turns":4.0},{"damage":27.0,"enemies":"Sentry and Sphere","floor":21.0,"turns":4.0},{"damage":24.0,"enemies":"Book of Stabbing","floor":24.0,"turns":4.0},{"damage":15.0,"enemies":"Snecko","floor":28.0,"turns":3.0},{"damage":0.0,"enemies":"Slavers","floor":29.0,"turns":1.0},{"damage":9.0,"enemies":"Masked Bandits","floor":30.0,"turns":3.0},{"damage":42.0,"enemies":"Shelled Parasite and Fungi","floor":31.0,"turns":4.0},{"damage":50.0,"enemies":"Collector","floor":33.0,"turns":5.0},{"damage":12.0,"enemies":"3 Shapes","floor":35.0,"turns":1.0},{"damage":7.0,"enemies":"3 Darklings","floor":36.0,"turns":2.0},{"damage":0.0,"enemies":"Maw","floor":39.0,"turns":2.0},{"damage":20.0,"enemies":"Spire Growth","floor":46.0,"turns":3.0},{"damage":12.0,"enemies":"Sphere and 2 Shapes","floor":48.0,"turns":3.0},{"damage":60.0,"enemies":"Donu and Deca","floor":50.0,"turns":5.0},{"damage":43.0,"enemies":"Shield and Spear","floor":54.0,"turns":4.0},{"damage":56,"enemies":"The Heart","floor":55,"turns":3}],"seed_played":"-9208807861093385322","potions_obtained":[{"floor":7.0,"key":"LiquidBronze"},{"floor":10.0,"key":"Weak Potion"},{"floor":11.0,"key":"SmokeBomb"},{"floor":13.0,"key":"SkillPotion"},{"floor":16.0,"key":"Ancient Potion"},{"floor":20.0,"key":"Block Potion"},{"floor":24.0,"key":"LiquidBronze"},{"floor":28.0,"key":"PowerPotion"},{"floor":33.0,"key":"Energy Potion"},{"floor":35.0,"key":"Fire Potion"},{"floor":39.0,"key":"Dexterity Potion"},{"floor":46.0,"key":"SteroidPotion"},{"floor":54.0,"key":"Weak Potion"}],"is_trial":false,"path_per_floor":["M","?","T","?","$","E","M","R","T","M","M","E","?","T","R","B",null,"M","$","M","M","?","R","E","R","T","R","M","E","?","M","R","B",null,"M","M","$","?","M","R","?","R","T","R","?","M","$","M","R","B",null,"R","$","E","B"],"character_chosen":"IRONCLAD","items_purchased":["Seeing Red","Vajra","Flex","Mayhem","Corruption","Heavy Blade"],"campfire_rested":10,"item_purchase_floors":[5,19,19,37,37,47],"current_hp_per_floor":[67,67,67,67,67,44,38,62,62,57,56,38,38,38,62,14,80,56,56,51,24,24,48,31,57,57,57,42,42,33,15,41,24,87,78,71,71,71,71,87,87,87,87,87,87,67,67,75,87,27,87,87,87,44,0],"gold":39,"neow_bonus":"BOSS_RELIC","is_prod":false,"is_daily":false,"chose_seed":false,"campfire_upgraded":0,"win_rate":0,"timestamp":1551902035,"path_taken":["M","?","?","?","$","E","M","R","T","M","?","E","?","?","R","BOSS","M","$","M","M","?","R","E","R","T","R","?","E","?","M","R","BOSS","M","M","$","?","M","R","?","R","T","R","?","M","$","?","R","BOSS","R","$","E","BOSS"],"build_version":"2019-01-23","purchased_purges":5,"victory":false,"max_hp_per_floor":[80,80,80,80,80,80,80,80,80,80,80,80,80,80,80,80,80,80,80,80,80,80,80,87,87,87,87,87,87,87,87,87,87,87,87,87,87,87,87,87,87,87,87,87,87,87,87,87,87,87,87,87,87,87,87],"card_choices":[{"not_picked":["True Grit","Havoc"],"picked":"Flex","floor":1.0},{"not_picked":["Corruption","Sword Boomerang"],"picked":"Inflame","floor":6.0},{"not_picked":["Hemokinesis","Body Slam"],"picked":"Heavy Blade","floor":7.0},{"not_picked":["Ghostly Armor","Anger"],"picked":"Havoc","floor":10.0},{"not_picked":["Clothesline","Armaments"],"picked":"Warcry","floor":11.0},{"not_picked":["Juggernaut","Iron Wave"],"picked":"Pommel Strike","floor":12.0},{"not_picked":["Power Through","Cleave"],"picked":"Perfected Strike","floor":13.0},{"not_picked":["Clash","Rage"],"picked":"Warcry","floor":15.0},{"not_picked":["Double Tap","Dark Embrace"],"picked":"Reaper","floor":16.0},{"not_picked":["Armaments","Body Slam+1"],"picked":"Twin Strike+1","floor":18.0},{"not_picked":["Searing Blow","Rage"],"picked":"Perfected Strike","floor":20.0},{"not_picked":["Clash","Evolve+1"],"picked":"Headbutt","floor":21.0},{"not_picked":["Thunderclap","Anger"],"picked":"Spot Weakness","floor":23.0},{"not_picked":["Metallicize+1","Infernal Blade"],"picked":"Flex+1","floor":24.0},{"not_picked":["Rupture","True Grit+1"],"picked":"Havoc","floor":25.0},{"not_picked":["Ghostly Armor","Body Slam"],"picked":"Thunderclap","floor":28.0},{"not_picked":["Clothesline","Iron Wave+1"],"picked":"Carnage","floor":30.0},{"not_picked":["Combust+1","Feel No Pain+1"],"picked":"Dark Embrace","floor":31.0},{"not_picked":["Hemokinesis","Dual Wield"],"picked":"Whirlwind","floor":32.0},{"not_picked":["Barricade","Feed"],"picked":"Limit Break","floor":33.0},{"not_picked":["Thunderclap+1","Perfected Strike"],"picked":"Heavy Blade+1","floor":35.0},{"not_picked":["Cleave","Searing Blow"],"picked":"Armaments+1","floor":36.0},{"not_picked":["Clothesline","Clash+1"],"picked":"Havoc+1","floor":39.0},{"not_picked":["Feel No Pain","Twin Strike"],"picked":"Sword Boomerang+1","floor":40.0},{"not_picked":["Dark Shackles","Dramatic Entrance"],"picked":"Apotheosis","floor":41.0},{"not_picked":["Twin Strike+1","Evolve"],"picked":"Whirlwind+1","floor":42.0},{"not_picked":["Searing Blow+1","Iron Wave+1"],"picked":"Inflame","floor":44.0},{"not_picked":["Clothesline+1","Searing Blow+1"],"picked":"Uppercut","floor":46.0},{"not_picked":["Dropkick+1","Burning Pact"],"picked":"Inflame","floor":48.0},{"not_picked":["Twin Strike","Iron Wave"],"picked":"Whirlwind+1","floor":49.0},{"not_picked":["Sword Boomerang","Warcry+1"],"picked":"Havoc+1","floor":52.0},{"not_picked":["Anger+1","Cleave+1"],"picked":"Limit Break","floor":54.0}],"player_experience":154880,"relics_obtained":[{"floor":6.0,"key":"Omamori"},{"floor":9.0,"key":"Bag of Marbles"},{"floor":12.0,"key":"Dream Catcher"},{"floor":14.0,"key":"Boot"},{"floor":24.0,"key":"Strawberry"},{"floor":26.0,"key":"Matryoshka"},{"floor":30.0,"key":"Red Mask"},{"floor":43.0,"key":"Blue Candle"},{"floor":43.0,"key":"Orichalcum"},{"floor":54.0,"key":"Bag of Preparation"}],"event_choices":[{"damage_healed":0.0,"max_hp_gain":0.0,"max_hp_loss":0.0,"gold_gain":0.0,"event_name":"Big Fish","player_choice":"Box","floor":2.0,"gold_loss":0.0,"damage_taken":0.0,"relics_obtained":["Smiling Mask"],"cards_obtained":["Regret"]},{"damage_healed":0.0,"max_hp_gain":0.0,"max_hp_loss":0.0,"gold_gain":0.0,"event_name":"Upgrade Shrine","player_choice":"Upgraded","floor":4.0,"gold_loss":0.0,"damage_taken":0.0,"cards_upgraded":["Flex"]},{"damage_healed":0.0,"max_hp_gain":0.0,"max_hp_loss":0.0,"gold_gain":0.0,"event_name":"Dead Adventurer","player_choice":"Searched \u00273\u0027 times","floor":13.0,"gold_loss":0.0,"damage_taken":0.0,"relics_obtained":["Calipers"]},{"damage_healed":0.0,"max_hp_gain":0.0,"max_hp_loss":0.0,"gold_gain":0.0,"event_name":"Upgrade Shrine","player_choice":"Upgraded","floor":22.0,"gold_loss":0.0,"damage_taken":0.0,"cards_upgraded":["Reaper"]},{"damage_healed":0.0,"max_hp_gain":0.0,"max_hp_loss":0.0,"gold_gain":0.0,"event_name":"Masked Bandits","player_choice":"Fought Bandits","floor":30.0,"gold_loss":0.0,"damage_taken":0.0},{"damage_healed":0.0,"max_hp_gain":0.0,"max_hp_loss":0.0,"gold_gain":0.0,"event_name":"Mysterious Sphere","player_choice":"Ignored","floor":38.0,"gold_loss":0.0,"damage_taken":0.0},{"damage_healed":0.0,"max_hp_gain":0.0,"max_hp_loss":0.0,"gold_gain":0.0,"event_name":"SensoryStone","player_choice":"Memory 1","floor":41.0,"gold_loss":0.0,"damage_taken":0.0},{"damage_healed":0.0,"max_hp_gain":0.0,"max_hp_loss":0.0,"gold_gain":0.0,"cards_transformed":["Strike_R"],"event_name":"Transmorgrifier","player_choice":"Transformed","floor":45.0,"gold_loss":0.0,"damage_taken":0.0,"cards_obtained":["Flame Barrier"]}],"is_beta":false,"boss_relics":[{"not_picked":["Coffee Dripper","Mark of Pain"],"picked":"Snecko Eye"},{"not_picked":["Velvet Choker","Calling Bell"],"picked":"Astrolabe"}],"items_purged_floors":[5,19,37,47,53],"is_endless":false,"potions_floor_spawned":[7,10,11,13,16,20,24,28,33,35,39,46,54],"killed_by":"The Heart","ascension_level":0}