{"gold_per_floor":[117,192,206,206,36,362,362,362,385,396,396],"floor_reached":11,"playtime":303,"items_purged":[],"score":168,"play_id":"2c07eaf4-5d67-40f7-8b4c-80ab7e69901c","local_time":"20190113203543","is_ascension_mode":true,"campfire_choices":[{"data":"Zap","floor":7,"key":"SMITH"}],"neow_cost":"NONE","seed_source_timestamp":274766024658700,"circlet_count":0,"master_deck":["AscendersBane","Strike_B","Strike_B","Strike_B","Strike_B","Defend_B","Defend_B+1","Defend_B","Defend_B+1","Zap+1","Dualcast","Defragment+1","Sunder","Streamline","Consume","Reinforced Body"],"relics":["Cracked Core","NeowsBlessing","War Paint","Art of War","Old Coin","Anchor"],"potions_floor_usage":[1,11],"damage_taken":[{"damage":0,"enemies":"Small Slimes","floor":1,"turns":1},{"damage":0,"enemies":"2 Louse","floor":3,"turns":1},{"damage":0,"enemies":"3 Sentries","floor":6,"turns":1},{"damage":0,"enemies":"Jaw Worm","floor":10,"turns":3},{"damage":61,"enemies":"Gremlin Nob","floor":11,"turns":5}],"seed_played":"4417692560420847228","potions_obtained":[{"floor":1,"key":"Fruit Juice"},{"floor":10,"key":"SteroidPotion"}],"is_trial":false,"path_per_floor":["M","?","M","?","$","E","R","?","T","M","E"],"character_chosen":"DEFECT","items_purchased":["Art of War","Streamline"],"campfire_rested":0,"item_purchase_floors":[5,5],"current_hp_per_floor":[69,58,58,32,32,32,32,32,32,32,0],"gold":396,"neow_bonus":"THREE_ENEMY_KILL","is_prod":false,"is_daily":false,"chose_seed":false,"campfire_upgraded":1,"win_rate":0,"timestamp":1547440543,"path_taken":["M","?","M","?","?","E","R","?","T","M","E"],"build_version":"2019-01-10","purchased_purges":0,"victory":false,"max_hp_per_floor":[76,76,76,76,76,76,76,76,76,76,76],"card_choices":[{"not_picked":["Cold Snap","Consume"],"picked":"Defragment","floor":1},{"not_picked":["Hologram","Reinforced Body"],"picked":"Sunder","floor":3},{"not_picked":["Conserve Battery","Thunder Strike"],"picked":"Consume","floor":6},{"not_picked":["Barrage","Fusion"],"picked":"Reinforced Body","floor":10}],"player_experience":466047,"relics_obtained":[{"floor":6,"key":"Old Coin"},{"floor":9,"key":"Anchor"}],"event_choices":[{"damage_healed":0,"gold_gain":75,"player_choice":"Gather Gold","damage_taken":11,"max_hp_gain":0,"max_hp_loss":0,"event_name":"World of Goop","floor":2,"gold_loss":0},{"damage_healed":0,"gold_gain":0,"player_choice":"Success","damage_taken":26,"relics_obtained":["War Paint"],"max_hp_gain":0,"max_hp_loss":0,"event_name":"Scrap Ooze","floor":4,"gold_loss":0},{"damage_healed":0,"gold_gain":0,"player_choice":"Grow","damage_taken":0,"max_hp_gain":0,"max_hp_loss":0,"event_name":"Living Wall","floor":8,"gold_loss":0,"cards_upgraded":["Defragment"]}],"is_beta":false,"boss_relics":[],"items_purged_floors":[],"is_endless":false,"potions_floor_spawned":[1,10],"killed_by":"Gremlin Nob","ascension_level":15}