{"gold_per_floor":[114,114,132,57,27,27,40,40,40,40,66,141,141,153,153,253,253,266,285,200,31,0,0,0,14,38,50,50,70,70],"floor_reached":30,"playtime":1083,"items_purged":["Strike_B","Strike_B"],"score":228,"play_id":"53d968d3-4a98-4deb-9459-37cd15e84eb3","local_time":"20181118214113","is_ascension_mode":false,"campfire_choices":[{"data":"Biased Cognition","floor":6,"key":"SMITH"},{"data":"Darkness","floor":10,"key":"SMITH"},{"floor":15,"key":"REST"},{"data":"Consume","floor":23,"key":"SMITH"},{"data":"White Noise","floor":24,"key":"SMITH"}],"neow_cost":"NONE","seed_source_timestamp":200286545850334,"circlet_count":0,"master_deck":["Defend_B","Defend_B","Defend_B","Defend_B","Zap","Dualcast","Biased Cognition+1","Ball Lightning","Darkness+1","Glacier","Capacitor","Redo","Thunder Strike","Consume+1","White Noise+1","Self Repair+1","Rebound","Glacier","Self Repair+1"],"relics":["Cracked Core","WingedGreaves","Girya","Inserter","Frozen Egg 2","Oddly Smooth Stone"],"potions_floor_usage":[11,16,16,16,30,30,30,30],"damage_taken":[{"damage":7,"enemies":"Small Slimes","floor":1,"turns":3},{"damage":0,"enemies":"2 Louse","floor":3,"turns":2},{"damage":0,"enemies":"Cultist","floor":7,"turns":3},{"damage":32,"enemies":"Gremlin Nob","floor":11,"turns":4},{"damage":8,"enemies":"Exordium Thugs","floor":14,"turns":4},{"damage":9,"enemies":"The Guardian","floor":16,"turns":5},{"damage":20,"enemies":"Spheric Guardian","floor":18,"turns":4},{"damage":28,"enemies":"3 Byrds","floor":19,"turns":7},{"damage":0,"enemies":"Snecko","floor":25,"turns":6},{"damage":19,"enemies":"Sentry and Sphere","floor":27,"turns":6},{"damage":15,"enemies":"3 Cultists","floor":29,"turns":7},{"damage":13,"enemies":"Colosseum Slavers","floor":30,"turns":6},{"damage":41,"enemies":"Colosseum Nobs","floor":30,"turns":5}],"seed_played":"-4342362695933146554","potions_obtained":[{"floor":1,"key":"Regen Potion"},{"floor":5,"key":"Poison Potion"},{"floor":5,"key":"Ancient Potion"},{"floor":7,"key":"AttackPotion"},{"floor":14,"key":"PowerPotion"},{"floor":29,"key":"EntropicBrew"}],"is_trial":false,"path_per_floor":["M","?","M","$","?","R","M","$","T","R","E","?","?","M","R","B",null,"M","M","?","$","?","R","R","M","T","M","$","M","?"],"character_chosen":"DEFECT","items_purchased":["Self Repair+1"],"campfire_rested":1,"item_purchase_floors":[21],"current_hp_per_floor":[68,61,61,61,61,61,61,61,61,61,29,18,18,10,32,37,75,55,27,27,27,27,27,27,47,47,38,38,33,0],"gold":70,"neow_bonus":"ONE_RANDOM_RARE_CARD","is_prod":false,"is_daily":false,"chose_seed":false,"campfire_upgraded":4,"win_rate":0,"timestamp":1542606073,"path_taken":["M","?","M","$","?","R","?","?","T","R","E","?","?","M","R","BOSS","M","M","?","$","?","R","R","M","T","M","$","M","?"],"build_version":"2018-11-15","purchased_purges":2,"victory":false,"max_hp_per_floor":[75,75,75,75,75,75,75,75,75,75,75,75,75,75,75,75,75,75,75,75,75,75,75,75,75,75,75,75,75,75],"card_choices":[{"not_picked":["Cold Snap","Compile Driver"],"picked":"Ball Lightning","floor":1},{"not_picked":["Rip and Tear","Turbo"],"picked":"Darkness","floor":3},{"not_picked":["Redo","Barrage"],"picked":"Glacier","floor":7},{"not_picked":["Aggregate","Leap"],"picked":"Capacitor","floor":11},{"not_picked":["Auto Shields","Coolheaded"],"picked":"Redo","floor":14},{"not_picked":["Multi-Cast","Fission"],"picked":"Thunder Strike","floor":16},{"not_picked":["Scrape","Turbo"],"picked":"Consume","floor":18},{"not_picked":["Capacitor","Barrage"],"picked":"White Noise","floor":19},{"not_picked":["Stack","Gash"],"picked":"Rebound","floor":25},{"not_picked":["Conserve Battery","Fusion"],"picked":"Glacier","floor":27},{"not_picked":["Rebound","Beam Cell"],"picked":"Self Repair+1","floor":29}],"player_experience":426062,"relics_obtained":[{"floor":9,"key":"WingedGreaves"},{"floor":11,"key":"Girya"},{"floor":26,"key":"Oddly Smooth Stone"}],"event_choices":[{"cards_removed":["Strike_B"],"damage_healed":0,"gold_gain":0,"player_choice":"Card Removal","damage_taken":7,"max_hp_gain":0,"max_hp_loss":0,"event_name":"Golden Wing","floor":2,"gold_loss":0},{"damage_healed":0,"gold_gain":0,"player_choice":"Bought 2 Potions","damage_taken":0,"max_hp_gain":0,"max_hp_loss":0,"event_name":"The Woman in Blue","floor":5,"gold_loss":0},{"damage_healed":0,"gold_gain":75,"player_choice":"Gather Gold","damage_taken":11,"max_hp_gain":0,"max_hp_loss":0,"event_name":"World of Goop","floor":12,"gold_loss":0},{"cards_removed":["Strike_B"],"damage_healed":0,"gold_gain":0,"player_choice":"Forget","damage_taken":0,"max_hp_gain":0,"max_hp_loss":0,"event_name":"Living Wall","floor":13,"gold_loss":0},{"damage_healed":0,"gold_gain":0,"player_choice":"Obtained Relic","damage_taken":0,"relics_obtained":["Frozen Egg 2"],"max_hp_gain":0,"max_hp_loss":0,"event_name":"Addict","floor":20,"gold_loss":85},{"damage_healed":0,"gold_gain":0,"player_choice":"Paid Fearfully","damage_taken":0,"max_hp_gain":0,"max_hp_loss":0,"event_name":"Masked Bandits","floor":22,"gold_loss":31},{"damage_healed":0,"gold_gain":0,"player_choice":"Fight","damage_taken":0,"max_hp_gain":0,"max_hp_loss":0,"event_name":"Colosseum","floor":30,"gold_loss":0},{"damage_healed":0,"gold_gain":0,"player_choice":"Fought Nobs","damage_taken":0,"max_hp_gain":0,"max_hp_loss":0,"event_name":"Colosseum","floor":30,"gold_loss":0}],"is_beta":false,"boss_relics":[{"not_picked":["Empty Cage","Runic Dome"],"picked":"Inserter"}],"items_purged_floors":[4,21],"is_endless":false,"potions_floor_spawned":[1,7,14,29],"killed_by":"Colosseum Nobs","ascension_level":0}