{"gold_per_floor":[210,224,399,416,691,691,701,701,701,701,1034,1044,1044,1058,1058,1058],"floor_reached":16,"playtime":394,"items_purged":[],"score":152,"play_id":"6f45921b-bb62-4bb6-9008-13e65e79474b","local_time":"20190305215705","is_ascension_mode":false,"campfire_choices":[{"data":"Armaments","floor":6,"key":"SMITH"},{"data":"Whirlwind","floor":8,"key":"SMITH"},{"data":"Bash","floor":10,"key":"SMITH"},{"floor":13,"key":"REST"},{"data":"Spot Weakness","floor":15,"key":"SMITH"}],"neow_cost":"NONE","seed_source_timestamp":23449496283386,"circlet_count":0,"master_deck":["Strike_R","Strike_R","Strike_R","Strike_R","Strike_R","Defend_R","Defend_R","Defend_R","Defend_R","Bash+1","Whirlwind+1","Doubt","Armaments+1","Regret","Metallicize","Spot Weakness+1"],"relics":["Burning Blood","Question Card","Old Coin"],"potions_floor_usage":[11],"damage_taken":[{"damage":9,"enemies":"Jaw Worm","floor":1,"turns":6},{"damage":5,"enemies":"Small Slimes","floor":2,"turns":4},{"damage":9,"enemies":"Cultist","floor":4,"turns":4},{"damage":9,"enemies":"Blue Slaver","floor":7,"turns":5},{"damage":43,"enemies":"Gremlin Nob","floor":11,"turns":6},{"damage":19,"enemies":"Red Slaver","floor":12,"turns":6},{"damage":6,"enemies":"Lots of Slimes","floor":14,"turns":2}],"seed_played":"5425815966999284340","potions_obtained":[{"floor":2,"key":"Block Potion"}],"is_trial":false,"path_per_floor":["M","M","?","M","?","R","M","R","T","R","E","M","R","M","R","B"],"character_chosen":"IRONCLAD","items_purchased":[],"campfire_rested":1,"item_purchase_floors":[],"current_hp_per_floor":[77,78,78,75,75,75,72,72,72,72,35,22,46,46,46,0],"gold":1058,"neow_bonus":"HUNDRED_GOLD","is_prod":false,"is_daily":false,"chose_seed":false,"campfire_upgraded":4,"win_rate":0,"timestamp":1551844625,"path_taken":["M","M","?","M","?","R","?","R","T","R","E","M","R","M","R","BOSS"],"build_version":"2019-01-23","purchased_purges":0,"victory":false,"max_hp_per_floor":[80,80,80,80,80,80,80,80,80,80,80,80,80,80,80,80],"card_choices":[{"not_picked":["Iron Wave","Ghostly Armor","Body Slam"],"picked":"SKIP","floor":1},{"not_picked":["Wild Strike","Evolve"],"picked":"Whirlwind","floor":2},{"not_picked":["Havoc","Reckless Charge"],"picked":"Armaments","floor":4},{"not_picked":["Shrug It Off","Pommel Strike","Corruption"],"picked":"SKIP","floor":7},{"not_picked":["Heavy Blade","Thunderclap","Armaments"],"picked":"Metallicize","floor":11},{"not_picked":["Body Slam","Thunderclap","Entrench","Cleave"],"picked":"SKIP","floor":12},{"not_picked":["Pummel","Thunderclap","Flame Barrier"],"picked":"Spot Weakness","floor":14}],"player_experience":995701,"relics_obtained":[{"floor":9,"key":"Question Card"},{"floor":11,"key":"Old Coin"}],"event_choices":[{"damage_healed":0,"gold_gain":175,"player_choice":"AGREE","damage_taken":0,"max_hp_gain":0,"max_hp_loss":0,"event_name":"Liars Game","floor":3,"gold_loss":0,"cards_obtained":["Doubt"]},{"damage_healed":0,"gold_gain":275,"player_choice":"Desecrate","damage_taken":0,"max_hp_gain":0,"max_hp_loss":0,"event_name":"Golden Shrine","floor":5,"gold_loss":0,"cards_obtained":["Regret"]}],"is_beta":false,"boss_relics":[],"items_purged_floors":[],"is_endless":false,"potions_floor_spawned":[2],"killed_by":"The Guardian","ascension_level":0}