{"gold_per_floor":[114,114,114,127,302,302,337,362,362,11,29,29,49,49],"floor_reached":14,"playtime":592,"items_purged":["Regret"],"score":108,"play_id":"6b31bcd4-f118-4baa-b254-01d1efa51d92","local_time":"20180928075159","is_ascension_mode":true,"campfire_choices":[{"data":"Zap","floor":6,"key":"SMITH"},{"floor":12,"key":"REST"}],"neow_cost":"","seed_source_timestamp":403403671624452,"circlet_count":0,"master_deck":["Strike_B","Strike_B","Strike_B","Strike_B","Defend_B","Defend_B","Defend_B","Defend_B","Zap+1","Dualcast","Go for the Eyes","Ball Lightning","Doubt","Darkness","Creative AI+1","Defragment+1","Defragment+1","Conserve Battery","Redo"],"relics":["Cracked Core","Art of War","Golden Idol","Frozen Egg 2","Mercury Hourglass","DollysMirror"],"potions_floor_usage":[11,14,14,14],"damage_taken":[{"damage":2,"enemies":"Jaw Worm","floor":1,"turns":3},{"damage":7,"enemies":"2 Louse","floor":4,"turns":3},{"damage":38,"enemies":"Lagavulin","floor":7,"turns":6},{"damage":0,"enemies":"Small Slimes","floor":8,"turns":2},{"damage":7,"enemies":"Looter","floor":11,"turns":3},{"damage":12,"enemies":"Lots of Slimes","floor":13,"turns":3},{"damage":24,"enemies":"Gremlin Nob","floor":14,"turns":3}],"seed_played":"-3506744044813284817","potions_obtained":[{"floor":4,"key":"EssenceOfSteel"},{"floor":7,"key":"SteroidPotion"},{"floor":11,"key":"Weak Potion"},{"floor":13,"key":"Fire Potion"}],"is_trial":false,"path_per_floor":["M","?","?","M","?","R","E","M","T","$","M","R","M"],"character_chosen":"DEFECT","items_purchased":["Defragment+1","DollysMirror"],"campfire_rested":1,"item_purchase_floors":[10,10],"current_hp_per_floor":[73,73,55,48,48,48,10,10,10,10,3,25,13,0],"gold":49,"neow_bonus":"","is_prod":false,"is_daily":false,"chose_seed":false,"campfire_upgraded":1,"win_rate":0,"timestamp":1538146319,"path_taken":["M","?","?","?","?","R","E","M","T","$","M","R","M","?"],"build_version":"2018-09-27","purchased_purges":1,"victory":false,"max_hp_per_floor":[75,75,75,75,75,75,75,75,75,75,75,75,75,75],"card_choices":[{"not_picked":["Compile Driver","Hologram"],"picked":"Go for the Eyes","floor":1},{"not_picked":["Coolheaded","Barrage"],"picked":"Ball Lightning","floor":4},{"not_picked":["BootSequence","Compile Driver"],"picked":"Darkness","floor":7},{"not_picked":["Recycle","Glacier"],"picked":"Creative AI+1","floor":8},{"not_picked":["Sweeping Beam","Doom and Gloom"],"picked":"Conserve Battery","floor":11},{"not_picked":["Ball Lightning","Thunder Strike"],"picked":"Redo","floor":13}],"player_experience":181451,"relics_obtained":[{"floor":7,"key":"Frozen Egg 2"},{"floor":9,"key":"Mercury Hourglass"}],"event_choices":[{"event_name":"Big Fish","player_choice":"Box","floor":2,"damage_taken":0},{"event_name":"Golden Idol","player_choice":"Take Damage","floor":3,"damage_taken":0},{"event_name":"Liars Game","player_choice":"agreed","floor":5,"damage_taken":0},{"event_name":"Dead Adventurer","player_choice":"Searched \u00272\u0027 times","floor":14,"damage_taken":0}],"is_beta":false,"boss_relics":[],"items_purged_floors":[10],"is_endless":false,"potions_floor_spawned":[4,7,11,13],"killed_by":"Gremlin Nob","ascension_level":4}