{"gold_per_floor":[119,44,119,134,152,152,52,86,111,145,145,145,20,20,20,144,144,169,192,42,67,67,67,87,87,87,102,102,126,126,162,162,162],"floor_reached":33,"playtime":496,"items_purged":["Defend_R","Defend_R","Defend_R","Strike_R"],"score":323,"play_id":"3b094ed4-73bf-4a54-b911-995b1af316f2","local_time":"20180929223523","is_ascension_mode":false,"campfire_choices":[{"data":"Whirlwind","floor":6,"key":"SMITH"},{"data":"Flex","floor":15,"key":"SMITH"},{"data":"Inflame","floor":23,"key":"SMITH"},{"data":"J.A.X.","floor":28,"key":"SMITH"},{"data":"Offering","floor":32,"key":"SMITH"}],"neow_cost":"","seed_source_timestamp":104703027305174,"circlet_count":0,"master_deck":["Strike_R","Strike_R","Strike_R","Strike_R","Bash","Whirlwind+1","Clash","Flex+1","Inflame+1","Offering+1","Thunderclap","J.A.X.+1"],"relics":["Burning Blood","Omamori","Orichalcum","Singing Bowl","Golden Idol","Snecko Eye","Lantern","Sundial","Red Skull"],"potions_floor_usage":[24,33,33,33],"damage_taken":[{"damage":6,"enemies":"2 Louse","floor":1,"turns":2},{"damage":6,"enemies":"Cultist","floor":4,"turns":3},{"damage":13,"enemies":"Jaw Worm","floor":5,"turns":4},{"damage":26,"enemies":"Lagavulin","floor":8,"turns":5},{"damage":3,"enemies":"3 Sentries","floor":10,"turns":3},{"damage":0,"enemies":"Slime Boss","floor":16,"turns":5},{"damage":0,"enemies":"Spheric Guardian","floor":18,"turns":2},{"damage":6,"enemies":"Shell Parasite","floor":19,"turns":1},{"damage":0,"enemies":"3 Cultists","floor":21,"turns":3},{"damage":10,"enemies":"Chosen and Byrds","floor":24,"turns":2},{"damage":13,"enemies":"Cultist and Chosen","floor":27,"turns":2},{"damage":15,"enemies":"Shelled Parasite and Fungi","floor":29,"turns":2},{"damage":14,"enemies":"Slavers","floor":31,"turns":2},{"damage":69,"enemies":"Automaton","floor":33,"turns":6}],"seed_played":"6979897685038244961","potions_obtained":[{"floor":1,"key":"SteroidPotion"},{"floor":16,"key":"Fruit Juice"},{"floor":18,"key":"EssenceOfSteel"},{"floor":27,"key":"AttackPotion"}],"is_trial":false,"path_per_floor":["M","$","?","M","M","R","$","E","T","E","?","?","$","?","R","B",null,"M","M","$","M","?","R","M","?","T","M","R","M","?","E","R"],"character_chosen":"IRONCLAD","items_purchased":[],"campfire_rested":0,"item_purchase_floors":[],"current_hp_per_floor":[80,80,72,72,65,65,65,45,45,50,43,70,70,70,70,76,76,78,78,78,80,80,80,83,83,83,78,78,71,71,65,65,0],"gold":162,"neow_bonus":"","is_prod":false,"is_daily":false,"chose_seed":false,"campfire_upgraded":5,"win_rate":0,"timestamp":1538228123,"path_taken":["M","$","?","M","M","R","$","E","T","E","?","?","$","?","R","BOSS","M","M","$","M","?","R","M","?","T","M","R","M","?","E","R","BOSS"],"build_version":"2018-09-27","purchased_purges":4,"victory":false,"max_hp_per_floor":[80,80,80,80,80,80,80,80,80,82,82,82,82,76,76,76,76,78,78,78,80,80,80,87,87,87,89,89,91,91,93,93,93],"card_choices":[{"not_picked":["Shrug It Off","Feel No Pain"],"picked":"Whirlwind","floor":1},{"not_picked":["Sword Boomerang","Wild Strike"],"picked":"Clash","floor":4},{"not_picked":["Anger","Warcry"],"picked":"Flex","floor":5},{"not_picked":["Wild Strike","Searing Blow"],"picked":"Inflame","floor":8},{"not_picked":["Body Slam","Rampage","Armaments"],"picked":"Singing Bowl","floor":10},{"not_picked":["Bludgeon","Berserk"],"picked":"Offering","floor":16},{"not_picked":["Uppercut+1","Wild Strike","Headbutt"],"picked":"Singing Bowl","floor":18},{"not_picked":["Hemokinesis+1","Wild Strike"],"picked":"Thunderclap","floor":19},{"not_picked":["Heavy Blade+1","Rampage","Blood for Blood"],"picked":"Singing Bowl","floor":21},{"not_picked":["Blood for Blood","Fire Breathing+1","Infernal Blade+1"],"picked":"Singing Bowl","floor":24},{"not_picked":["Anger+1","Twin Strike","Intimidate"],"picked":"Singing Bowl","floor":27},{"not_picked":["Wild Strike","Searing Blow+1","Sword Boomerang"],"picked":"Singing Bowl","floor":29},{"not_picked":["Shrug It Off","Reaper","Perfected Strike"],"picked":"Singing Bowl","floor":31}],"player_experience":687593,"relics_obtained":[{"floor":8,"key":"Omamori"},{"floor":9,"key":"Orichalcum"},{"floor":10,"key":"Singing Bowl"},{"floor":26,"key":"Sundial"},{"floor":31,"key":"Red Skull"}],"event_choices":[{"event_name":"FaceTrader","player_choice":"Touch","floor":3,"damage_taken":0},{"event_name":"Golden Wing","player_choice":"Card Removal","floor":11,"damage_taken":0},{"event_name":"Big Fish","player_choice":"Banana","floor":12,"damage_taken":0},{"event_name":"Golden Idol","player_choice":"Lose Max HP","floor":14,"damage_taken":0},{"event_name":"The Mausoleum","player_choice":"Yes","floor":22,"damage_taken":0},{"event_name":"Drug Dealer","player_choice":"Got JAX","floor":25,"damage_taken":0},{"event_name":"Ghosts","player_choice":"Ignored","floor":30,"damage_taken":0}],"is_beta":false,"boss_relics":[{"not_picked":["Ectoplasm","Mark of Pain"],"picked":"Snecko Eye"}],"items_purged_floors":[2,7,13,20],"is_endless":false,"potions_floor_spawned":[1,16,18,19,27],"killed_by":"Automaton","ascension_level":0}