{"gold_per_floor":[112,131,142,15,15,344,354,354,354,5,24,24,24,53,53,130,130,142,57,10,109,109,109,109,109,109,109,122,135,39,53,53,53],"floor_reached":33,"playtime":1334,"items_purged":["Strike_B"],"score":515,"play_id":"26230376-50d0-447c-a451-d8d435bed93f","local_time":"20190301175357","is_ascension_mode":true,"campfire_choices":[{"data":"Defragment","floor":15,"key":"SMITH"},{"data":"Go for the Eyes","floor":23,"key":"SMITH"},{"data":"Hologram","floor":25,"key":"SMITH"},{"data":"Creative AI","floor":27,"key":"SMITH"},{"data":"Go for the Eyes","floor":32,"key":"SMITH"}],"neow_cost":"NONE","seed_source_timestamp":424730029396842,"circlet_count":0,"master_deck":["AscendersBane","Strike_B","Strike_B","Strike_B","Defend_B","Defend_B+1","Defend_B","Defend_B","Zap+1","Dualcast","Leap","Cold Snap","Defragment+1","Compile Driver","Self Repair","Hologram+1","Creative AI+1","Cold Snap","Go for the Eyes+1","Decay","Consume+1","Conserve Battery","Go for the Eyes+1"],"relics":["Runic Dome","Old Coin","Ice Cream","Runic Capacitor","Kunai","Sundial","Sozu","Pen Nib","Bag of Marbles"],"potions_floor_usage":[6,14,16],"damage_taken":[{"damage":9,"enemies":"2 Louse","floor":1,"turns":3},{"damage":4,"enemies":"Small Slimes","floor":2,"turns":4},{"damage":3,"enemies":"Jaw Worm","floor":3,"turns":6},{"damage":17,"enemies":"Lagavulin","floor":6,"turns":8},{"damage":0,"enemies":"2 Fungi Beasts","floor":7,"turns":3},{"damage":5,"enemies":"Looter","floor":11,"turns":4},{"damage":25,"enemies":"Gremlin Nob","floor":14,"turns":6},{"damage":0,"enemies":"Hexaghost","floor":16,"turns":11},{"damage":8,"enemies":"Spheric Guardian","floor":18,"turns":6},{"damage":15,"enemies":"3 Byrds","floor":28,"turns":6},{"damage":9,"enemies":"Centurion and Healer","floor":29,"turns":7},{"damage":17,"enemies":"3 Cultists","floor":31,"turns":5},{"damage":44,"enemies":"Collector","floor":33,"turns":5}],"seed_played":"2876736705114288323","potions_obtained":[{"floor":1,"key":"LiquidBronze"},{"floor":7,"key":"SpeedPotion"}],"is_trial":false,"path_per_floor":["M","M","M","$","?","E","M","?","T","$","M","?","T","E","R","B",null,"M","?","$","?","?","R","?","R","T","R","M","M","$","M","R","B"],"character_chosen":"DEFECT","items_purchased":["Defragment","Strength Potion","Self Repair","Runic Capacitor","Go for the Eyes","Conserve Battery","Go for the Eyes"],"campfire_rested":0,"item_purchase_floors":[4,4,10,10,20,30,30],"current_hp_per_floor":[55,51,48,48,48,31,31,17,17,17,19,42,42,24,24,31,61,60,60,60,60,60,60,60,60,60,60,52,50,50,33,33,0],"gold":53,"neow_bonus":"BOSS_RELIC","is_prod":false,"is_daily":false,"chose_seed":false,"campfire_upgraded":5,"win_rate":0,"timestamp":1551423237,"path_taken":["M","M","M","$","?","E","M","?","T","?","M","?","?","E","R","BOSS","M","?","$","?","?","R","?","R","T","R","M","?","?","M","R","BOSS"],"build_version":"2019-01-23","purchased_purges":1,"victory":false,"max_hp_per_floor":[71,71,71,71,71,71,71,71,71,71,71,71,71,71,71,71,71,71,71,71,71,71,71,71,71,71,71,71,71,71,71,71,71],"card_choices":[{"not_picked":["Defragment","Go for the Eyes"],"picked":"Leap","floor":1},{"not_picked":["Conserve Battery","Force Field"],"picked":"Cold Snap","floor":2},{"not_picked":["Rebound","Conserve Battery","Leap"],"picked":"SKIP","floor":3},{"not_picked":["Gash","Amplify"],"picked":"Compile Driver","floor":6},{"not_picked":["Static Discharge","Stack","Doom and Gloom"],"picked":"SKIP","floor":7},{"not_picked":["Compile Driver","Gash","Storm"],"picked":"SKIP","floor":11},{"not_picked":["Compile Driver","Gash"],"picked":"Hologram","floor":14},{"not_picked":["All For One","Biased Cognition"],"picked":"Creative AI","floor":16},{"not_picked":["Ball Lightning","Rebound"],"picked":"Cold Snap","floor":18},{"not_picked":["Stack","Rebound"],"picked":"Consume+1","floor":28},{"not_picked":["Skim","Hologram","Recycle+1"],"picked":"SKIP","floor":29},{"not_picked":["Go for the Eyes","Steam","Beam Cell"],"picked":"SKIP","floor":31}],"player_experience":737905,"relics_obtained":[{"floor":6,"key":"Old Coin"},{"floor":9,"key":"Ice Cream"},{"floor":13,"key":"Kunai"},{"floor":14,"key":"Sundial"},{"floor":26,"key":"Bag of Marbles"}],"event_choices":[{"damage_healed":0,"gold_gain":0,"player_choice":"Ignored","damage_taken":0,"max_hp_gain":0,"max_hp_loss":0,"event_name":"Liars Game","floor":5,"gold_loss":0},{"damage_healed":0,"gold_gain":0,"player_choice":"Entered Light","damage_taken":14,"max_hp_gain":0,"max_hp_loss":0,"event_name":"Shining Light","floor":8,"gold_loss":0,"cards_upgraded":["Zap","Defend_B"]},{"damage_healed":23,"gold_gain":0,"player_choice":"Banana","damage_taken":0,"max_hp_gain":0,"max_hp_loss":0,"event_name":"Big Fish","floor":12,"gold_loss":0},{"damage_healed":0,"gold_gain":0,"player_choice":"Obtained Relic","damage_taken":0,"relics_obtained":["Pen Nib"],"max_hp_gain":0,"max_hp_loss":0,"event_name":"Addict","floor":19,"gold_loss":85},{"damage_healed":0,"gold_gain":99,"player_choice":"Stole From Cult","damage_taken":0,"max_hp_gain":0,"max_hp_loss":0,"event_name":"Nest","floor":21,"gold_loss":0},{"damage_healed":0,"gold_gain":0,"player_choice":"Ignored","damage_taken":0,"max_hp_gain":0,"max_hp_loss":0,"event_name":"Vampires","floor":22,"gold_loss":0},{"damage_healed":0,"gold_gain":0,"player_choice":"Cursed","damage_taken":0,"max_hp_gain":0,"max_hp_loss":0,"event_name":"Wheel of Change","floor":24,"gold_loss":0,"cards_obtained":["Decay"]}],"is_beta":false,"boss_relics":[{"not_picked":["Fusion Hammer","Nuclear Battery"],"picked":"Sozu"}],"items_purged_floors":[10],"is_endless":false,"potions_floor_spawned":[1,7,11,18,29],"killed_by":"Collector","ascension_level":14}