{"gold_per_floor":[217,217,217,227,242,242,255,283,283,213,213,213,213],"floor_reached":13,"playtime":415,"items_purged":[],"score":83,"play_id":"d6ab3a99-0514-4885-8cbc-b484ce836371","local_time":"20190306173404","is_ascension_mode":false,"campfire_choices":[{"data":"Sucker Punch","floor":6,"key":"SMITH"},{"data":"Backstab","floor":11,"key":"SMITH"}],"neow_cost":"NONE","seed_source_timestamp":23331284518179,"circlet_count":0,"master_deck":["Defend_G","Defend_G","Defend_G","Defend_G","Defend_G","Strike_G","Strike_G","Strike_G","Strike_G","Strike_G","Survivor","Neutralize","Sucker Punch+1","Terror","Backstab+1","Predator"],"relics":["Ring of the Snake","Ninja Scroll","GremlinMask","Matryoshka","Oddly Smooth Stone","Mummified Hand"],"potions_floor_usage":[8],"damage_taken":[{"damage":12,"enemies":"Cultist","floor":1,"turns":5},{"damage":6,"enemies":"2 Louse","floor":4,"turns":2},{"damage":1,"enemies":"Jaw Worm","floor":5,"turns":5},{"damage":2,"enemies":"Looter","floor":7,"turns":3},{"damage":24,"enemies":"3 Sentries","floor":8,"turns":10},{"damage":0,"enemies":"Gremlin Gang","floor":13,"turns":1}],"seed_played":"8303928340720814732","potions_obtained":[{"floor":4,"key":"AttackPotion"},{"floor":5,"key":"Energy Potion"},{"floor":8,"key":"SteroidPotion"}],"is_trial":false,"path_per_floor":["M","?","?","M","M","R","M","E","T","$","R","?","M"],"character_chosen":"THE_SILENT","items_purchased":["Predator"],"campfire_rested":0,"item_purchase_floors":[10],"current_hp_per_floor":[58,46,46,40,39,39,37,13,13,13,13,36,36],"gold":213,"neow_bonus":"HUNDRED_GOLD","is_prod":false,"is_daily":false,"chose_seed":false,"campfire_upgraded":2,"win_rate":0,"timestamp":1551922444,"path_taken":["M","?","?","M","M","R","?","E","T","$","R","?","M"],"build_version":"2019-01-23","purchased_purges":0,"victory":false,"max_hp_per_floor":[70,70,70,70,70,70,70,70,70,70,70,70,70],"card_choices":[{"not_picked":["Slice","Tactician","PiercingWail"],"picked":"SKIP","floor":1},{"not_picked":["Choke","Riddle With Holes"],"picked":"Sucker Punch","floor":4},{"not_picked":["All Out Attack","Sucker Punch"],"picked":"Terror","floor":5},{"not_picked":["Outmaneuver","Sucker Punch","Caltrops"],"picked":"SKIP","floor":7},{"not_picked":["Concentrate","Bane"],"picked":"Backstab","floor":8}],"player_experience":313700,"relics_obtained":[{"floor":8,"key":"Matryoshka"},{"floor":9,"key":"Oddly Smooth Stone"},{"floor":9,"key":"Mummified Hand"}],"event_choices":[{"damage_healed":0,"gold_gain":0,"player_choice":"Success","damage_taken":12,"relics_obtained":["Ninja Scroll"],"max_hp_gain":0,"max_hp_loss":0,"event_name":"Scrap Ooze","floor":2,"gold_loss":0},{"damage_healed":0,"gold_gain":0,"player_choice":"Trade","damage_taken":0,"relics_obtained":["GremlinMask"],"max_hp_gain":0,"max_hp_loss":0,"event_name":"FaceTrader","floor":3,"gold_loss":0},{"damage_healed":23,"gold_gain":0,"player_choice":"Banana","damage_taken":0,"max_hp_gain":0,"max_hp_loss":0,"event_name":"Big Fish","floor":12,"gold_loss":0}],"is_beta":false,"boss_relics":[],"items_purged_floors":[],"is_endless":false,"potions_floor_spawned":[4,5,8],"killed_by":"Gremlin Gang","ascension_level":0}