{"path_per_floor":["M","M","?","M","?","R","M","R","T","M","M","?","M","M","R","B",null,"M","T","M","?","M","E","R","E","T","M","M","?","M","$","R","B",null,"M","?","$","M","M"],"character_chosen":"IRONCLAD","items_purchased":["Offering","Bottled Tornado"],"gold_per_floor":[115,129,79,92,92,92,107,107,107,120,140,140,159,178,178,302,302,293,293,313,313,331,367,367,405,428,443,463,388,413,192,192,320,320,334,334,77,96,116,116],"floor_reached":40,"campfire_rested":2,"playtime":2275,"current_hp_per_floor":[80,80,80,80,60,60,61,61,61,49,52,36,42,39,39,45,80,67,67,70,54,55,21,45,20,20,30,22,22,21,21,48,45,90,85,85,85,74,64,0],"items_purged":["Strike_R"],"gold":116,"score":599,"play_id":"d789ffd7-9142-4090-8a20-afb22ff2a4c9","local_time":"20180411002905","is_prod":false,"is_daily":false,"is_ascension_mode":true,"campfire_upgraded":3,"timestamp":1523399345,"path_taken":["M","M","?","M","?","R","M","R","T","M","M","?","M","M","R","BOSS","M","?","M","?","M","E","R","E","T","M","M","?","?","$","R","BOSS","M","?","?","?","M","E"],"build_version":"2018-04-05v2","purchased_purges":1,"victory":false,"master_deck":["Defend_R+1","Defend_R","Defend_R+1","Defend_R","Bash","Clothesline+1","Pummel","Spot Weakness+1","Whirlwind","Heavy Blade","Demon Form+1","Pummel","Reaper","Offering","Offering","Exhume"],"max_hp_per_floor":[80,80,80,80,80,80,80,80,80,80,80,80,80,80,80,80,80,80,80,80,80,80,80,80,90,90,90,90,90,90,90,90,90,90,90,90,90,90,90,90],"relics":["Burning Blood","Golden Idol","Self Forming Clay","Runic Cube","Red Skull","Happy Flower","Pear","Blood Vial","Black Star","Bottled Tornado"],"card_choices":[{"not_picked":["Sword Boomerang","Metallicize"],"picked":"Clothesline","floor":1},{"not_picked":["Wild Strike","Clash"],"picked":"Pummel","floor":2},{"not_picked":["Iron Wave","Intimidate"],"picked":"Spot Weakness","floor":7},{"not_picked":["Corruption","Second Wind"],"picked":"Whirlwind","floor":10},{"not_picked":["Corruption","Battle Trance"],"picked":"Heavy Blade","floor":11},{"not_picked":["Twin Strike","Body Slam"],"picked":"Demon Form","floor":13},{"not_picked":["Iron Wave","Sever Soul"],"picked":"Pummel","floor":14},{"not_picked":["Brutality","Berserk"],"picked":"Reaper","floor":16},{"not_picked":["Brutality","Double Tap"],"picked":"Offering","floor":33}],"player_experience":188870,"potions_floor_usage":[16,22,28,28,30],"damage_taken":[{"damage":0,"enemies":"2 Louse","floor":1,"turns":3},{"damage":0,"enemies":"Small Slimes","floor":2,"turns":3},{"damage":4,"enemies":"Cultist","floor":4,"turns":3},{"damage":5,"enemies":"Blue Slaver","floor":7,"turns":3},{"damage":18,"enemies":"Large Slime","floor":10,"turns":7},{"damage":3,"enemies":"Looter","floor":11,"turns":2},{"damage":0,"enemies":"Blue Slaver","floor":13,"turns":3},{"damage":9,"enemies":"Red Slaver","floor":14,"turns":3},{"damage":0,"enemies":"Slime Boss","floor":16,"turns":5},{"damage":19,"enemies":"2 Thieves","floor":18,"turns":4},{"damage":3,"enemies":"Spheric Guardian","floor":20,"turns":3},{"damage":22,"enemies":"Snake Plant","floor":22,"turns":4},{"damage":40,"enemies":"Slavers","floor":23,"turns":4},{"damage":41,"enemies":"Book of Stabbing","floor":25,"turns":6},{"damage":18,"enemies":"Centurion and Healer","floor":27,"turns":7},{"damage":25,"enemies":"Slaver and Parasite","floor":28,"turns":4},{"damage":23,"enemies":"Chosen and Byrds","floor":30,"turns":7},{"damage":34,"enemies":"Automaton","floor":33,"turns":6},{"damage":11,"enemies":"Orb Walker","floor":35,"turns":3},{"damage":19,"enemies":"3 Darklings","floor":38,"turns":2},{"damage":58,"enemies":"Sphere and 2 Shapes","floor":39,"turns":8},{"damage":85,"enemies":"Giant Head","floor":40,"turns":7}],"event_choices":[{"event_name":"The Cleric","player_choice":"Card Removal","floor":3,"damage_taken":0},{"event_name":"Golden Idol","player_choice":"Take Damage","floor":5,"damage_taken":0},{"event_name":"Shining Light","player_choice":"Entered Light","floor":12,"damage_taken":0},{"event_name":"Cursed Tome","player_choice":"Obtained Book","floor":21,"damage_taken":0},{"event_name":"Beggar","player_choice":"Gave Gold","floor":29,"damage_taken":0},{"event_name":"Transmorgrifier","player_choice":"Transform","floor":36,"damage_taken":0}],"boss_relics":[{"not_picked":["Mark of Pain","Pandora\u0027s Box"],"picked":"Runic Cube"},{"not_picked":["Astrolabe","Philosopher\u0027s Stone"],"picked":"Black Star"}],"potions_floor_spawned":[2,7,13,25,27,28,33,35,38,39],"seed_played":"7075041636734744969","killed_by":"Giant Head","ascension_level":4,"is_trial":false}