{"gold_per_floor":[110,110,121,134,152,180,180,30,53,53,78,91,121,121],"floor_reached":14,"playtime":601,"items_purged":[],"score":193,"play_id":"fd48c07f-48db-4234-b98d-36dd8ab0089b","local_time":"20180623172808","is_ascension_mode":true,"campfire_choices":[{"floor":7,"key":"REST"},{"data":"Neutralize","floor":10,"key":"SMITH"}],"neow_cost":"NONE","seed_source_timestamp":503926593848267,"circlet_count":0,"master_deck":["Defend_G","Defend_G","Defend_G","Defend_G","Defend_G","Strike_G","Strike_G","Strike_G","Strike_G","Strike_G","Survivor","Neutralize+1","AscendersBane","Dodge and Roll","Noxious Fumes","Flying Knee","Bouncing Flask","Backflip","Cloak And Dagger"],"special_seed":17705,"relics":["Ring of the Snake","Pen Nib","Boot","Singing Bowl","Regal Pillow","Art of War","Juzu Bracelet"],"potions_floor_usage":[6,11,12],"damage_taken":[{"damage":0,"enemies":"Small Slimes","floor":1,"turns":5},{"damage":1,"enemies":"2 Louse","floor":3,"turns":3},{"damage":2,"enemies":"Jaw Worm","floor":4,"turns":5},{"damage":10,"enemies":"Red Slaver","floor":5,"turns":5},{"damage":15,"enemies":"Gremlin Nob","floor":6,"turns":4},{"damage":16,"enemies":"3 Sentries","floor":11,"turns":7},{"damage":0,"enemies":"Gremlin Gang","floor":12,"turns":3},{"damage":23,"enemies":"Gremlin Nob","floor":13,"turns":4},{"damage":15,"enemies":"Lots of Slimes","floor":14,"turns":1}],"seed_played":"1647371698441592561","potions_obtained":[{"floor":1,"key":"SkillPotion"},{"floor":3,"key":"Fire Potion"},{"floor":11,"key":"Explosive Potion"}],"is_trial":false,"path_per_floor":["M","?","M","M","M","E","R","$","T","R","E","M","E"],"character_chosen":"THE_SILENT","items_purchased":["Singing Bowl"],"campfire_rested":1,"item_purchase_floors":[8],"current_hp_per_floor":[59,59,58,56,46,31,50,50,50,50,36,38,15,0],"gold":121,"neow_bonus":"RANDOM_COMMON_RELIC","is_prod":false,"is_daily":false,"chose_seed":false,"campfire_upgraded":1,"win_rate":0,"timestamp":1529767688,"path_taken":["M","?","M","M","?","E","R","$","T","R","E","?","E","M"],"build_version":"2018-06-21v2","purchased_purges":0,"victory":false,"max_hp_per_floor":[66,66,66,66,66,66,66,66,66,66,68,70,70,70],"card_choices":[{"not_picked":["Heel Hook","Deflect"],"picked":"Dodge and Roll","floor":1},{"not_picked":["Slice","Endless Agony"],"picked":"Noxious Fumes","floor":3},{"not_picked":["Prepared","Finisher"],"picked":"Flying Knee","floor":4},{"not_picked":["Poisoned Stab","Prepared"],"picked":"Bouncing Flask","floor":5},{"not_picked":["Escape Plan","Tactician"],"picked":"Backflip","floor":6},{"not_picked":["Expertise","Dodge and Roll","Underhanded Strike"],"picked":"Singing Bowl","floor":11},{"not_picked":["Dagger Throw","Slice","Underhanded Strike"],"picked":"Singing Bowl","floor":12},{"not_picked":["Tactician","Accuracy"],"picked":"Cloak And Dagger","floor":13}],"player_experience":665345,"relics_obtained":[{"floor":6,"key":"Boot"},{"floor":9,"key":"Regal Pillow"},{"floor":11,"key":"Art of War"},{"floor":13,"key":"Juzu Bracelet"}],"event_choices":[{"event_name":"Golden Wing","player_choice":"Ignored","floor":2,"damage_taken":0}],"boss_relics":[],"items_purged_floors":[],"is_endless":false,"potions_floor_spawned":[1,3,4,5,11],"killed_by":"Lots of Slimes","ascension_level":15}