{"gold_per_floor":[113,133,133,30,50,50,84,96,176,207,248,279,310,334,346,463,475,497,26,26,0,14,14,31,31,31,48,48,48,61,71,71,71],"floor_reached":33,"playtime":3619,"items_purged":[],"score":301,"play_id":"a18aca65-f008-4a81-81e5-d2e6f2ddae95","local_time":"20180909233324","is_ascension_mode":false,"campfire_choices":[{"data":"Armaments","floor":6.0,"key":"SMITH"},{"data":"Seeing Red","floor":8.0,"key":"SMITH"},{"data":"Pommel Strike","floor":15.0,"key":"SMITH"},{"data":"Feed","floor":23.0,"key":"SMITH"},{"floor":25.0,"key":"REST"},{"data":"Headbutt","floor":29,"key":"SMITH"},{"floor":32,"key":"REST"}],"neow_cost":"NONE","seed_source_timestamp":0,"circlet_count":0,"master_deck":["Strike_R","Strike_R","Strike_R","Strike_R","Strike_R","Defend_R","Defend_R","Defend_R","Defend_R","Bash+1","Shrug It Off+1","Seeing Red+1","Armaments+1","Pommel Strike","Pommel Strike+1","Cleave","Iron Wave","Armaments+1","Carnage","Armaments+1","Headbutt","Feed+1","Twin Strike","Iron Wave","Ghostly Armor+1","Pummel","Seeing Red+1","Headbutt+1","Carnage","Shrug It Off+1","Panache","Clash","Iron Wave+1","Sword Boomerang","Flex+1","Armaments+1","Perfected Strike"],"special_seed":0,"relics":["Burning Blood","MawBank","Toxic Egg 2","Odd Mushroom","Orrery","Centennial Puzzle"],"potions_floor_usage":[33],"damage_taken":[{"damage":7.0,"enemies":"Cultist","floor":1.0,"turns":5.0},{"damage":4.0,"enemies":"2 Louse","floor":2.0,"turns":3.0},{"damage":2.0,"enemies":"Small Slimes","floor":5.0,"turns":4.0},{"damage":20.0,"enemies":"Gremlin Nob","floor":7.0,"turns":4.0},{"damage":2.0,"enemies":"Blue Slaver","floor":10.0,"turns":3.0},{"damage":10.0,"enemies":"The Mushroom Lair","floor":11.0,"turns":4.0},{"damage":0.0,"enemies":"Looter","floor":12.0,"turns":3.0},{"damage":21.0,"enemies":"Gremlin Gang","floor":13.0,"turns":7.0},{"damage":6.0,"enemies":"Exordium Wildlife","floor":14.0,"turns":4.0},{"damage":28.0,"enemies":"Slime Boss","floor":16.0,"turns":9.0},{"damage":18.0,"enemies":"Chosen","floor":18.0,"turns":7.0},{"damage":7.0,"enemies":"Shell Parasite","floor":22.0,"turns":6.0},{"damage":33.0,"enemies":"Snake Plant","floor":24.0,"turns":5.0},{"damage":4.0,"enemies":"Centurion and Healer","floor":27.0,"turns":5.0},{"damage":55,"enemies":"Cultist and Chosen","floor":30,"turns":10},{"damage":37,"enemies":"Chosen and Byrds","floor":31,"turns":9},{"damage":42,"enemies":"Champ","floor":33,"turns":11}],"seed_played":"-92042446579643660","potions_obtained":[{"floor":2.0,"key":"LiquidBronze"},{"floor":12.0,"key":"BloodPotion"},{"floor":14.0,"key":"GamblersBrew"},{"floor":16.0,"key":"BloodPotion"},{"floor":22.0,"key":"SpeedPotion"},{"floor":27.0,"key":"Dexterity Potion"}],"is_trial":false,"path_per_floor":["M","M","?","$","M","R","E","R","T","M","?","M","M","M","R","B",null,"M","$","?","?","M","R","M","R","T","M","?","R","M","M","R"],"character_chosen":"IRONCLAD","items_purchased":["Armaments","Pommel Strike","Carnage","Shrug It Off+1","Panache","Clash","AttackPotion","Regen Potion"],"campfire_rested":2,"item_purchase_floors":[4,4,19,19,19,19,19,19],"current_hp_per_floor":[79,80,80,80,80,80,66,66,66,70,66,72,65,65,65,43,80,76,76,76,76,75,75,57,80,80,84,84,84,39,12,39,0],"gold":71,"neow_bonus":"UPGRADE_CARD","is_prod":false,"is_daily":false,"chose_seed":false,"campfire_upgraded":5,"win_rate":0.0,"timestamp":1536550404,"path_taken":["M","?","?","$","M","R","E","R","T","M","?","M","M","M","R","BOSS","M","$","?","?","?","R","M","R","T","M","?","R","M","M","R","BOSS"],"build_version":"2018-09-06","purchased_purges":0,"victory":false,"max_hp_per_floor":[80,80,80,80,80,80,80,80,80,80,80,80,80,80,80,80,80,80,80,80,80,80,80,80,80,80,84,84,84,88,92,92,92],"card_choices":[{"not_picked":["Flex","True Grit"],"picked":"Shrug It Off","floor":1.0},{"not_picked":["Searing Blow","Perfected Strike"],"picked":"Seeing Red","floor":2.0},{"not_picked":["Sword Boomerang","Shrug It Off"],"picked":"Pommel Strike","floor":5.0},{"not_picked":["Body Slam","Burning Pact"],"picked":"Cleave","floor":7.0},{"not_picked":["Anger","True Grit+1"],"picked":"Iron Wave","floor":10.0},{"not_picked":["Anger","Pummel"],"picked":"Armaments+1","floor":11.0},{"not_picked":["Heavy Blade","Shockwave+1"],"picked":"Carnage","floor":12.0},{"not_picked":["Inflame","Combust"],"picked":"Armaments+1","floor":13.0},{"not_picked":["Cleave","Clothesline"],"picked":"Headbutt","floor":14.0},{"not_picked":["Reaper","Berserk"],"picked":"Feed","floor":16.0},{"not_picked":["Dropkick","Armaments+1"],"picked":"Twin Strike","floor":17.0},{"not_picked":["Spot Weakness+1","Pommel Strike"],"picked":"Iron Wave","floor":17.0},{"not_picked":["Warcry+1","Cleave"],"picked":"Ghostly Armor+1","floor":17.0},{"not_picked":["True Grit+1","Combust"],"picked":"Pummel","floor":17.0},{"not_picked":["Warcry+1","Body Slam"],"picked":"Seeing Red+1","floor":17.0},{"not_picked":["Armaments+1","Disarm+1"],"picked":"Headbutt","floor":18.0},{"not_picked":["Twin Strike","Perfected Strike+1"],"picked":"Iron Wave+1","floor":22.0},{"not_picked":["Offering+1","Corruption"],"picked":"Sword Boomerang","floor":24.0},{"not_picked":["Anger","True Grit+1"],"picked":"Flex+1","floor":27.0},{"not_picked":["Corruption","Body Slam"],"picked":"Armaments+1","floor":30},{"not_picked":["Warcry+1","True Grit+1"],"picked":"Perfected Strike","floor":31}],"player_experience":30900,"relics_obtained":[{"floor":7.0,"key":"MawBank"},{"floor":9.0,"key":"Toxic Egg 2"},{"floor":11.0,"key":"Odd Mushroom"},{"floor":26.0,"key":"Centennial Puzzle"}],"event_choices":[{"event_name":"Living Wall","player_choice":"Grow","floor":3.0,"damage_taken":0.0},{"event_name":"Mushrooms","player_choice":"Fought Mushrooms","floor":11.0,"damage_taken":0.0},{"event_name":"Beggar","player_choice":"Ignored","floor":20.0,"damage_taken":0.0},{"event_name":"Masked Bandits","player_choice":"Paid Fearfully","floor":21.0,"damage_taken":0.0},{"event_name":"Cursed Tome","player_choice":"Ignored","floor":28,"damage_taken":0}],"is_beta":false,"boss_relics":[{"not_picked":["Runic Cube","Mark of Pain"],"picked":"Orrery"}],"items_purged_floors":[],"is_endless":false,"potions_floor_spawned":[2,12,14,16,22,27],"killed_by":"Champ","ascension_level":0}