{"gold_per_floor":[117,130,150,27,0,63,63,63,89,121,133,220,232,244,256,399,411,444,497,238,238,263,263,284,284,284,309,309,309,309,408,408,408],"floor_reached":33,"playtime":1645,"items_purged":["Tactician"],"score":241,"play_id":"884e6321-41e8-4fce-a4cb-641caa0e9ce0","local_time":"20181207140335","is_ascension_mode":false,"campfire_choices":[{"data":"Outmaneuver","floor":7,"key":"SMITH"},{"data":"Noxious Fumes","floor":11,"key":"SMITH"},{"floor":13,"key":"REST"},{"floor":15,"key":"REST"},{"floor":23,"key":"REST"},{"floor":25,"key":"REST"},{"floor":29,"key":"REST"},{"floor":32,"key":"REST"}],"neow_cost":"NONE","seed_source_timestamp":660176283011935,"circlet_count":0,"master_deck":["Defend_G","Defend_G+1","Defend_G","Defend_G","Defend_G","Strike_G","Strike_G+1","Strike_G","Strike_G","Survivor","Neutralize","Outmaneuver+1","Blur","Noxious Fumes+1","Poisoned Stab","Flying Knee","Bouncing Flask","Burst+1","Skewer","Poisoned Stab","Crippling Poison"],"relics":["Ring of the Snake","Tiny Chest","MawBank","Golden Idol","Busted Crown","Red Mask","Lantern","Bag of Marbles"],"potions_floor_usage":[10,16,19,33],"damage_taken":[{"damage":0,"enemies":"Jaw Worm","floor":1,"turns":5},{"damage":0,"enemies":"Small Slimes","floor":2,"turns":4},{"damage":0,"enemies":"2 Louse","floor":3,"turns":5},{"damage":0,"enemies":"Looter","floor":5,"turns":4},{"damage":26,"enemies":"Lagavulin","floor":6,"turns":8},{"damage":5,"enemies":"Exordium Thugs","floor":10,"turns":5},{"damage":32,"enemies":"The Guardian","floor":16,"turns":11},{"damage":6,"enemies":"Chosen","floor":18,"turns":6},{"damage":54,"enemies":"Masked Bandits","floor":19,"turns":4},{"damage":5,"enemies":"3 Byrds","floor":22,"turns":6},{"damage":6,"enemies":"Snake Plant","floor":24,"turns":3},{"damage":15,"enemies":"Shelled Parasite and Fungi","floor":27,"turns":5},{"damage":73,"enemies":"Collector","floor":33,"turns":7}],"seed_played":"-5261490386253574664","potions_obtained":[{"floor":6,"key":"Swift Potion"},{"floor":10,"key":"Swift Potion"},{"floor":16,"key":"Explosive Potion"},{"floor":27,"key":"GhostInAJar"}],"is_trial":false,"path_per_floor":["M","M","M","$","M","E","R","?","T","M","R","?","R","?","R","B",null,"M","?","$","?","M","R","M","R","T","M","?","R","?","?","R","B"],"character_chosen":"THE_SILENT","items_purchased":["Noxious Fumes","Poisoned Stab","Lantern","Poisoned Stab"],"campfire_rested":6,"item_purchase_floors":[4,4,20,20],"current_hp_per_floor":[70,70,70,70,70,44,44,30,30,25,25,14,35,18,39,7,70,64,10,10,10,5,26,20,41,41,26,26,47,47,47,68,0],"gold":408,"neow_bonus":"TRANSFORM_CARD","is_prod":false,"is_daily":false,"chose_seed":false,"campfire_upgraded":2,"win_rate":0.0,"timestamp":1544209415,"path_taken":["M","M","M","$","M","E","R","?","T","M","R","?","R","?","R","BOSS","M","?","$","?","M","R","M","R","T","?","?","R","?","?","R","BOSS"],"build_version":"2018-12-06","purchased_purges":1,"victory":false,"max_hp_per_floor":[70,70,70,70,70,70,70,70,70,70,70,70,70,70,70,70,70,70,70,70,70,70,70,70,70,70,70,70,70,70,70,70,70],"card_choices":[{"not_picked":["Bane","Dodge and Roll"],"picked":"Outmaneuver","floor":1},{"not_picked":["Endless Agony","Acrobatics"],"picked":"Blur","floor":2},{"not_picked":["Die Die Die","PiercingWail","Sucker Punch"],"picked":"SKIP","floor":3},{"not_picked":["Escape Plan","Terror"],"picked":"Flying Knee","floor":5},{"not_picked":["Flechettes","Outmaneuver"],"picked":"Bouncing Flask","floor":6},{"not_picked":["Dagger Throw","Choke","Underhanded Strike"],"picked":"SKIP","floor":10},{"not_picked":["Tools of the Trade","Venomology"],"picked":"Burst","floor":16},{"not_picked":["Deflect"],"picked":"SKIP","floor":18},{"not_picked":["Deflect"],"picked":"SKIP","floor":18},{"not_picked":[],"picked":"Skewer","floor":19},{"not_picked":["Infinite Blades+1"],"picked":"SKIP","floor":22},{"not_picked":[],"picked":"Crippling Poison","floor":24},{"not_picked":["Backflip"],"picked":"SKIP","floor":27}],"player_experience":187451,"relics_obtained":[{"floor":6,"key":"Tiny Chest"},{"floor":9,"key":"MawBank"},{"floor":19,"key":"Red Mask"},{"floor":26,"key":"Bag of Marbles"}],"event_choices":[{"damage_healed":0,"gold_gain":0,"player_choice":"Entered Light","damage_taken":14,"max_hp_gain":0,"max_hp_loss":0,"event_name":"Shining Light","floor":8,"gold_loss":0,"cards_upgraded":["Strike_G","Defend_G"]},{"damage_healed":0,"gold_gain":75,"player_choice":"Gather Gold","damage_taken":11,"max_hp_gain":0,"max_hp_loss":0,"event_name":"World of Goop","floor":12,"gold_loss":0},{"damage_healed":0,"gold_gain":0,"player_choice":"Take Damage","damage_taken":17,"relics_obtained":["Golden Idol"],"max_hp_gain":0,"max_hp_loss":0,"event_name":"Golden Idol","floor":14,"gold_loss":0},{"damage_healed":0,"gold_gain":0,"player_choice":"Fought Bandits","damage_taken":0,"max_hp_gain":0,"max_hp_loss":0,"event_name":"Masked Bandits","floor":19,"gold_loss":0},{"damage_healed":0,"gold_gain":0,"player_choice":"Upgraded","damage_taken":0,"max_hp_gain":0,"max_hp_loss":0,"event_name":"Upgrade Shrine","floor":21,"gold_loss":0,"cards_upgraded":["Burst"]},{"damage_healed":0,"gold_gain":0,"player_choice":"Ignored","damage_taken":0,"max_hp_gain":0,"max_hp_loss":0,"event_name":"Cursed Tome","floor":28,"gold_loss":0},{"damage_healed":0,"gold_gain":0,"player_choice":"Ignored","damage_taken":0,"max_hp_gain":0,"max_hp_loss":0,"event_name":"Vampires","floor":30,"gold_loss":0},{"damage_healed":0,"gold_gain":99,"player_choice":"Stole From Cult","damage_taken":0,"max_hp_gain":0,"max_hp_loss":0,"event_name":"Nest","floor":31,"gold_loss":0}],"is_beta":false,"boss_relics":[{"not_picked":["Runic Pyramid","Tiny House"],"picked":"Busted Crown"}],"items_purged_floors":[20],"is_endless":false,"potions_floor_spawned":[6,10,16,27],"killed_by":"Collector","ascension_level":0}