{"gold_per_floor":[111,128,142,142,152,214,214,227,252,263,56,56,56,110,110,206,206,222,222,222,147,72,72,72],"floor_reached":24,"playtime":970,"items_purged":["Gash"],"score":262,"play_id":"05f70076-afa6-4839-9310-6c69fd43ebe3","local_time":"20180917122858","is_ascension_mode":true,"campfire_choices":[{"floor":7,"key":"REST"},{"data":"Rainbow","floor":12,"key":"SMITH"},{"data":"Defragment","floor":15,"key":"SMITH"},{"floor":23,"key":"REST"}],"neow_cost":"TEN_PERCENT_HP_LOSS","seed_source_timestamp":238173234890666,"circlet_count":0,"master_deck":["Zap","Dualcast","Rainbow+1","Defragment+1","Defragment","Stack","Leap","White Noise","Genetic Algorithm","Tempest","Creative AI","Barrage","Rebound","Hologram","Undo","Redo","Compile Driver","Redo+1"],"relics":["Cracked Core","Du-Vu Doll","Tiny Chest","Art of War","Lee\u0027s Waffle","Dream Catcher","Pandora\u0027s Box","MutagenicStrength"],"potions_floor_usage":[16,24,24],"damage_taken":[{"damage":0,"enemies":"Cultist","floor":1,"turns":3},{"damage":5,"enemies":"Small Slimes","floor":2,"turns":4},{"damage":10,"enemies":"2 Louse","floor":3,"turns":2},{"damage":6,"enemies":"2 Fungi Beasts","floor":5,"turns":4},{"damage":33,"enemies":"3 Sentries","floor":6,"turns":8},{"damage":12,"enemies":"Looter","floor":8,"turns":3},{"damage":0,"enemies":"3 Louse","floor":10,"turns":2},{"damage":26,"enemies":"Hexaghost","floor":16,"turns":8},{"damage":5,"enemies":"3 Byrds","floor":18,"turns":5},{"damage":86,"enemies":"Gremlin Leader","floor":24,"turns":8}],"seed_played":"-7334238766723716592","potions_obtained":[{"floor":2,"key":"Strength Potion"},{"floor":3,"key":"Energy Potion"},{"floor":5,"key":"Ancient Potion"},{"floor":16,"key":"Fire Potion"}],"is_trial":false,"path_per_floor":["M","M","M","?","M","E","R","M","T","M","$","R","?","T","R","B",null,"M","?","?","$","?","R"],"character_chosen":"DEFECT","items_purchased":["Lee\u0027s Waffle"],"campfire_rested":2,"item_purchase_floors":[11],"current_hp_per_floor":[68,63,53,46,40,7,27,15,15,15,75,75,68,68,68,42,67,62,62,48,48,48,72,0],"gold":72,"neow_bonus":"THREE_RARE_CARDS","is_prod":false,"is_daily":false,"chose_seed":false,"campfire_upgraded":2,"win_rate":0,"timestamp":1537201738,"path_taken":["M","M","?","?","M","E","R","M","T","M","$","R","?","?","R","BOSS","M","?","?","$","?","R","E"],"build_version":"2018-09-06","purchased_purges":1,"victory":false,"max_hp_per_floor":[68,68,68,68,68,68,68,68,68,68,75,75,75,75,75,75,75,75,75,80,80,80,80,80],"card_choices":[{"not_picked":["Seek","Amplify"],"picked":"Rainbow","floor":0},{"not_picked":["Steam","Conserve Battery"],"picked":"Defragment","floor":1},{"not_picked":["Static Discharge","Steam"],"picked":"Defragment","floor":2},{"not_picked":["Consume","Doom and Gloom"],"picked":"Stack","floor":3},{"not_picked":["Coolheaded","Sweeping Beam"],"picked":"Leap","floor":5},{"not_picked":["Cold Snap","Blizzard"],"picked":"White Noise","floor":6},{"not_picked":["Gash","Streamline"],"picked":"Genetic Algorithm","floor":8},{"not_picked":["Consume","Skim"],"picked":"Tempest","floor":10},{"not_picked":["Rainbow","Multi-Cast"],"picked":"Creative AI","floor":16},{"not_picked":["Steam Power","Redo"],"picked":"Compile Driver","floor":18},{"not_picked":["Chaos","Skim+1"],"picked":"Redo+1","floor":23}],"player_experience":203685,"relics_obtained":[{"floor":6,"key":"Tiny Chest"},{"floor":9,"key":"Art of War"},{"floor":14,"key":"Dream Catcher"}],"event_choices":[{"event_name":"Scrap Ooze","player_choice":"success","floor":4,"damage_taken":7},{"event_name":"Golden Wing","player_choice":"Card Removal","floor":13,"damage_taken":0},{"event_name":"Drug Dealer","player_choice":"Inject Mutagens","floor":19,"damage_taken":0},{"event_name":"Forgotten Altar","player_choice":"Shed Blood","floor":20,"damage_taken":0},{"event_name":"Beggar","player_choice":"Gave Gold","floor":22,"damage_taken":0}],"is_beta":false,"boss_relics":[{"not_picked":["Velvet Choker","Lizard Tail"],"picked":"Pandora\u0027s Box"}],"items_purged_floors":[21],"is_endless":false,"potions_floor_spawned":[2,3,5,8,16],"killed_by":"Gremlin Leader","ascension_level":7}