{"gold_per_floor":[117,117,135,149,169,204,164,164,164,190,205,225,282,302,302,400,400,419,419,433,2,21,21,47,62,89,124,143,143,143,159,159,264,314,334,26,46,46],"floor_reached":38,"playtime":2765,"items_purged":[],"score":680,"play_id":"64cb75b3-dcf9-4f2a-81ad-6c44f5ce37e4","local_time":"20190208005009","is_ascension_mode":true,"campfire_choices":[{"data":"Uppercut","floor":8,"key":"SMITH"},{"data":"Feel No Pain","floor":15,"key":"SMITH"},{"data":"Disarm","floor":23,"key":"SMITH"},{"data":"Feed","floor":32,"key":"SMITH"}],"neow_cost":"NONE","seed_source_timestamp":137797894308399,"circlet_count":0,"master_deck":["Strike_R","Strike_R","Strike_R","Strike_R","Defend_R","Defend_R","Defend_R","Defend_R","Bash+1","Havoc","Corruption","Whirlwind","Reckless Charge","Uppercut+1","Flex","Feed+1","Battle Trance","Feel No Pain+1","Disarm","Seeing Red","Dark Embrace","Iron Wave","Disarm+1","Exhume","Inflame","Shrug It Off","Shrug It Off","Pommel Strike+1","Body Slam","Whirlwind","True Grit","Metallicize","Demon Form+1","Uppercut+1","Body Slam+1"],"relics":["Burning Blood","Lantern","Ancient Tea Set","Paper Frog","Tiny Chest","Snecko Eye","Dream Catcher","Regal Pillow","Magic Flower","Juzu Bracelet","Bag of Preparation","Tiny House","Omamori","PreservedInsect"],"potions_floor_usage":[10,10,14,16,16,16,27,27],"damage_taken":[{"damage":1,"enemies":"Jaw Worm","floor":1,"turns":4},{"damage":6,"enemies":"Cultist","floor":3,"turns":4},{"damage":19,"enemies":"Small Slimes","floor":4,"turns":4},{"damage":8,"enemies":"Red Slaver","floor":5,"turns":3},{"damage":42,"enemies":"3 Sentries","floor":6,"turns":8},{"damage":10,"enemies":"Gremlin Nob","floor":10,"turns":4},{"damage":12,"enemies":"Looter","floor":11,"turns":3},{"damage":0,"enemies":"Large Slime","floor":12,"turns":2},{"damage":13,"enemies":"3 Sentries","floor":13,"turns":8},{"damage":6,"enemies":"Exordium Thugs","floor":14,"turns":3},{"damage":35,"enemies":"The Guardian","floor":16,"turns":14},{"damage":22,"enemies":"2 Thieves","floor":18,"turns":5},{"damage":0,"enemies":"3 Byrds","floor":20,"turns":4},{"damage":0,"enemies":"Snake Plant","floor":22,"turns":5},{"damage":15,"enemies":"Book of Stabbing","floor":24,"turns":7},{"damage":0,"enemies":"Sentry and Sphere","floor":25,"turns":5},{"damage":5,"enemies":"Gremlin Leader","floor":27,"turns":5},{"damage":0,"enemies":"Snecko","floor":28,"turns":5},{"damage":28,"enemies":"Chosen and Byrds","floor":31,"turns":7},{"damage":28,"enemies":"Automaton","floor":33,"turns":10},{"damage":5,"enemies":"Orb Walker","floor":35,"turns":4},{"damage":55,"enemies":"3 Shapes","floor":37,"turns":8},{"damage":101,"enemies":"2 Orb Walkers","floor":38,"turns":5}],"seed_played":"2009349058361975804","potions_obtained":[{"floor":4,"key":"LiquidBronze"},{"floor":6,"key":"Block Potion"},{"floor":7,"key":"Swift Potion"},{"floor":7,"key":"Strength Potion"},{"floor":10,"key":"BloodPotion"},{"floor":11,"key":"FearPotion"},{"floor":14,"key":"Explosive Potion"},{"floor":16,"key":"SpeedPotion"},{"floor":18,"key":"Explosive Potion"},{"floor":24,"key":"Energy Potion"},{"floor":34,"key":"Poison Potion"}],"is_trial":false,"path_per_floor":["M","?","M","M","M","E","?","R","T","E","M","M","E","M","R","B",null,"M","T","M","$","M","R","E","M","T","E","M","?","?","M","R","B",null,"M","$","M","?"],"character_chosen":"IRONCLAD","items_purchased":["Exhume","Inflame","Shrug It Off","Regal Pillow","Omamori","PreservedInsect"],"campfire_rested":0,"item_purchase_floors":[21,21,21,21,36,36],"current_hp_per_floor":[77,77,77,64,62,26,26,26,26,22,19,28,24,27,27,7,71,58,58,67,67,76,76,70,89,89,93,107,84,84,75,75,62,117,127,127,93,0],"gold":46,"neow_bonus":"UPGRADE_CARD","is_prod":false,"is_daily":false,"chose_seed":false,"campfire_upgraded":4,"win_rate":0,"timestamp":1549615809,"path_taken":["M","?","M","M","?","E","?","R","T","E","M","M","E","M","R","BOSS","M","?","M","$","M","R","E","M","T","E","M","?","?","M","R","BOSS","M","$","M","?"],"build_version":"2019-01-23","purchased_purges":0,"victory":false,"max_hp_per_floor":[80,80,80,80,80,80,80,80,80,80,83,86,89,92,92,92,92,95,95,98,98,101,101,104,110,110,110,113,118,118,124,124,128,133,137,137,145,145],"card_choices":[{"not_picked":["Rage","Cleave"],"picked":"Havoc","floor":1},{"not_picked":["Hemokinesis","Power Through"],"picked":"Whirlwind","floor":3},{"not_picked":["Cleave","Sword Boomerang"],"picked":"Reckless Charge","floor":4},{"not_picked":["Twin Strike","Perfected Strike"],"picked":"Uppercut","floor":5},{"not_picked":["Dual Wield","Iron Wave"],"picked":"Flex","floor":6},{"not_picked":["Flame Barrier","Clash"],"picked":"Feed","floor":10},{"not_picked":["Body Slam","Reckless Charge"],"picked":"Battle Trance","floor":11},{"not_picked":["Intimidate","Infernal Blade"],"picked":"Feel No Pain","floor":12},{"not_picked":["Havoc","Clothesline"],"picked":"Disarm","floor":13},{"not_picked":["Metallicize","Shockwave"],"picked":"Seeing Red","floor":14},{"not_picked":["Barricade","Immolate"],"picked":"Dark Embrace","floor":16},{"not_picked":["True Grit","Anger+1"],"picked":"Iron Wave","floor":18},{"not_picked":["Intimidate+1","Warcry+1"],"picked":"Disarm","floor":20},{"not_picked":["Cleave","Clash"],"picked":"Shrug It Off","floor":22},{"not_picked":["Rampage","Cleave"],"picked":"Pommel Strike+1","floor":24},{"not_picked":["True Grit","Clash"],"picked":"Body Slam","floor":25},{"not_picked":["Blood for Blood","Offering"],"picked":"Whirlwind","floor":27},{"not_picked":["Rage","Sword Boomerang"],"picked":"True Grit","floor":28},{"not_picked":["Pummel","Iron Wave"],"picked":"Metallicize","floor":31},{"not_picked":["Feed","Brutality"],"picked":"Demon Form","floor":33},{"not_picked":["Searing Blow","True Grit"],"picked":"Uppercut+1","floor":34},{"not_picked":["Second Wind","Headbutt","Thunderclap+1"],"picked":"SKIP","floor":35},{"not_picked":["Clothesline+1","Shrug It Off"],"picked":"Body Slam+1","floor":37}],"player_experience":656468,"relics_obtained":[{"floor":6,"key":"Lantern"},{"floor":9,"key":"Ancient Tea Set"},{"floor":10,"key":"Paper Frog"},{"floor":13,"key":"Tiny Chest"},{"floor":19,"key":"Dream Catcher"},{"floor":24,"key":"Magic Flower"},{"floor":27,"key":"Juzu Bracelet"}],"event_choices":[{"damage_healed":0,"gold_gain":0,"cards_transformed":["Strike_R"],"player_choice":"Transformed","damage_taken":0,"max_hp_gain":0,"max_hp_loss":0,"event_name":"Transmorgrifier","floor":2,"gold_loss":0,"cards_obtained":["Corruption"]},{"damage_healed":0,"gold_gain":0,"player_choice":"Bought 3 Potions","damage_taken":0,"max_hp_gain":0,"max_hp_loss":0,"event_name":"The Woman in Blue","floor":7,"gold_loss":0},{"damage_healed":0,"gold_gain":0,"player_choice":"Shed Blood","damage_taken":28,"max_hp_gain":5,"max_hp_loss":0,"event_name":"Forgotten Altar","floor":29,"gold_loss":0},{"damage_healed":0,"gold_gain":0,"player_choice":"Opened","damage_taken":0,"relics_obtained":["Bag of Preparation"],"max_hp_gain":0,"max_hp_loss":0,"event_name":"The Mausoleum","floor":30,"gold_loss":0},{"damage_healed":0,"gold_gain":0,"player_choice":"Fight","damage_taken":0,"max_hp_gain":0,"max_hp_loss":0,"event_name":"Mysterious Sphere","floor":38,"gold_loss":0}],"is_beta":false,"boss_relics":[{"not_picked":["Philosopher\u0027s Stone","Coffee Dripper"],"picked":"Snecko Eye"},{"not_picked":["Fusion Hammer","White Beast Statue"],"picked":"Tiny House"}],"items_purged_floors":[],"is_endless":false,"potions_floor_spawned":[4,6,10,11,14,16,18,24,25],"killed_by":"2 Orb Walkers","ascension_level":6}