{"gold_per_floor":[119,119,137,151,226,226,226,226,273,286,138,157,172,196,196,196],"floor_reached":16,"playtime":1004,"items_purged":["Strike_R"],"score":156,"play_id":"19b57406-2087-4997-a87a-faa1b7ce4f95","local_time":"20181121132202","is_ascension_mode":true,"campfire_choices":[{"data":"Rampage","floor":6,"key":"SMITH"},{"data":"Bash","floor":8,"key":"SMITH"},{"data":"True Grit","floor":15,"key":"SMITH"}],"neow_cost":"NONE","seed_source_timestamp":530771854759735,"circlet_count":0,"master_deck":["AscendersBane","Strike_R","Strike_R","Strike_R","Strike_R","Defend_R","Defend_R","Defend_R","Defend_R+1","Bash+1","Rampage+1","Iron Wave+1","Headbutt","Burning Pact","Metallicize","True Grit+1","Pommel Strike","Intimidate"],"relics":["Burning Blood","Centennial Puzzle","Odd Mushroom"],"potions_floor_usage":[14],"damage_taken":[{"damage":2,"enemies":"Jaw Worm","floor":1,"turns":5},{"damage":1,"enemies":"2 Louse","floor":3,"turns":4},{"damage":0,"enemies":"Small Slimes","floor":4,"turns":3},{"damage":1,"enemies":"Blue Slaver","floor":10,"turns":3},{"damage":23,"enemies":"Exordium Thugs","floor":12,"turns":6},{"damage":6,"enemies":"Looter","floor":13,"turns":3},{"damage":13,"enemies":"The Mushroom Lair","floor":14,"turns":5},{"damage":38,"enemies":"Hexaghost","floor":16,"turns":9}],"seed_played":"1082656001202019740","potions_obtained":[{"floor":1,"key":"LiquidBronze"},{"floor":3,"key":"SpeedPotion"}],"is_trial":false,"path_per_floor":["M","?","M","M","?","R","?","R","T","M","$","M","M","?","R","B"],"character_chosen":"IRONCLAD","items_purchased":["Metallicize"],"campfire_rested":0,"item_purchase_floors":[11],"current_hp_per_floor":[72,57,62,68,57,57,57,57,57,62,62,45,45,38,38,0],"gold":196,"neow_bonus":"THREE_CARDS","is_prod":false,"is_daily":false,"chose_seed":false,"campfire_upgraded":3,"win_rate":0,"timestamp":1542824522,"path_taken":["M","?","M","M","?","R","?","R","T","M","$","M","M","?","R","BOSS"],"build_version":"2018-11-15","purchased_purges":1,"victory":false,"max_hp_per_floor":[75,75,75,75,75,75,75,75,75,75,75,75,75,75,75,75],"card_choices":[{"not_picked":["Whirlwind","Dual Wield"],"picked":"Rampage","floor":0},{"not_picked":["Rampage","Pummel"],"picked":"Iron Wave","floor":1},{"not_picked":["Thunderclap","Pommel Strike"],"picked":"Headbutt","floor":3},{"not_picked":["Flex","Anger","Entrench"],"picked":"SKIP","floor":4},{"not_picked":["Wild Strike","Warcry"],"picked":"Burning Pact","floor":10},{"not_picked":["Clothesline","Evolve"],"picked":"True Grit","floor":12},{"not_picked":["Rampage","Corruption"],"picked":"Pommel Strike","floor":13},{"not_picked":["Iron Wave","Warcry"],"picked":"Intimidate","floor":14}],"player_experience":398107,"relics_obtained":[{"floor":9,"key":"Centennial Puzzle"},{"floor":14,"key":"Odd Mushroom"}],"event_choices":[{"damage_healed":0,"gold_gain":0,"player_choice":"Entered Light","damage_taken":15,"max_hp_gain":0,"max_hp_loss":0,"event_name":"Shining Light","floor":2,"gold_loss":0,"cards_upgraded":["Iron Wave","Defend_R"]},{"damage_healed":0,"gold_gain":75,"player_choice":"Gather Gold","damage_taken":11,"max_hp_gain":0,"max_hp_loss":0,"event_name":"World of Goop","floor":5,"gold_loss":0},{"damage_healed":0,"gold_gain":0,"player_choice":"Ignored","damage_taken":0,"max_hp_gain":0,"max_hp_loss":0,"event_name":"Golden Idol","floor":7,"gold_loss":0},{"damage_healed":0,"gold_gain":0,"player_choice":"Fought Mushrooms","damage_taken":0,"max_hp_gain":0,"max_hp_loss":0,"event_name":"Mushrooms","floor":14,"gold_loss":0}],"is_beta":true,"boss_relics":[],"items_purged_floors":[11],"is_endless":false,"potions_floor_spawned":[1,3,4,10],"killed_by":"Hexaghost","ascension_level":14}