{"gold_per_floor":[114,132,132,144,158,185,185,214,241,266,284,313,161,161,161,161],"floor_reached":16,"playtime":638,"items_purged":["Strike_B"],"score":261,"play_id":"aa9884ed-e28b-40fe-b602-71a2f7889de3","local_time":"20190219213852","is_ascension_mode":true,"campfire_choices":[{"data":"Zap","floor":7.0,"key":"SMITH"},{"data":"Conserve Battery","floor":15,"key":"SMITH"}],"neow_cost":"NONE","seed_source_timestamp":169521049876419,"circlet_count":0,"master_deck":["AscendersBane","Strike_B+1","Strike_B","Defend_B","Defend_B","Defend_B","Defend_B","Zap+1","Dualcast","Cold Snap","Conserve Battery+1","Ball Lightning","Reboot","Cold Snap+1","Rip and Tear+1","Gash+1","Sweeping Beam+1","Melter+1","Leap+1","Sweeping Beam+1"],"special_seed":0,"relics":["Cracked Core","Lantern","Molten Egg 2","DataDisk","Oddly Smooth Stone","Anchor","Odd Mushroom"],"potions_floor_usage":[10],"damage_taken":[{"damage":1.0,"enemies":"Cultist","floor":1.0,"turns":4.0},{"damage":0.0,"enemies":"2 Louse","floor":2.0,"turns":3.0},{"damage":0.0,"enemies":"Small Slimes","floor":4.0,"turns":3.0},{"damage":0.0,"enemies":"Blue Slaver","floor":5.0,"turns":4.0},{"damage":19.0,"enemies":"Lagavulin","floor":6.0,"turns":7.0},{"damage":2.0,"enemies":"3 Sentries","floor":8.0,"turns":6.0},{"damage":0,"enemies":"Lagavulin","floor":10,"turns":5},{"damage":0,"enemies":"2 Fungi Beasts","floor":11,"turns":2},{"damage":0,"enemies":"The Mushroom Lair","floor":12,"turns":3},{"damage":17,"enemies":"Slime Boss","floor":16,"turns":5}],"seed_played":"-3219822223834114238","potions_obtained":[{"floor":1.0,"key":"Ancient Potion"},{"floor":6.0,"key":"Strength Potion"},{"floor":11,"key":"LiquidBronze"}],"is_trial":false,"path_per_floor":["M","M","?","M","M","E","R","E","T","E","M","?","$","?","R","B"],"character_chosen":"DEFECT","items_purchased":["Leap","Sweeping Beam+1"],"campfire_rested":0,"item_purchase_floors":[13,13],"current_hp_per_floor":[63,63,56,56,56,37,37,35,35,35,35,35,35,14,14,0],"gold":161,"neow_bonus":"RANDOM_COMMON_RELIC","is_prod":false,"is_daily":false,"chose_seed":false,"campfire_upgraded":2,"win_rate":0,"timestamp":1550630332,"path_taken":["M","M","?","M","M","E","R","E","T","E","M","?","$","?","R","BOSS"],"build_version":"2019-01-23","purchased_purges":1,"victory":false,"max_hp_per_floor":[71,71,71,71,71,71,71,71,71,71,71,71,71,71,71,71],"card_choices":[{"not_picked":["Heatsinks","Reinforced Body"],"picked":"Cold Snap","floor":1.0},{"not_picked":["BootSequence","Hologram"],"picked":"Conserve Battery","floor":2.0},{"not_picked":["Compile Driver","Coolheaded"],"picked":"Ball Lightning","floor":4.0},{"not_picked":["Streamline","Doom and Gloom"],"picked":"Reboot","floor":5.0},{"not_picked":["Auto Shields","Chill"],"picked":"Cold Snap","floor":6.0},{"not_picked":["Stack","Amplify"],"picked":"Rip and Tear+1","floor":8.0},{"not_picked":["Creative AI","Loop"],"picked":"Gash+1","floor":10},{"not_picked":["FTL+1","Genetic Algorithm"],"picked":"Sweeping Beam+1","floor":11},{"not_picked":["Reprogram","Cold Snap+1"],"picked":"Melter+1","floor":12}],"player_experience":514461,"relics_obtained":[{"floor":6.0,"key":"Molten Egg 2"},{"floor":8.0,"key":"DataDisk"},{"floor":9.0,"key":"Oddly Smooth Stone"},{"floor":10,"key":"Anchor"},{"floor":12,"key":"Odd Mushroom"}],"event_choices":[{"cards_removed":["Strike_B"],"damage_healed":0.0,"max_hp_gain":0.0,"max_hp_loss":0.0,"gold_gain":0.0,"event_name":"Golden Wing","player_choice":"Card Removal","floor":3.0,"gold_loss":0.0,"damage_taken":7.0},{"damage_healed":0,"gold_gain":0,"player_choice":"Fought Mushrooms","damage_taken":0,"max_hp_gain":0,"max_hp_loss":0,"event_name":"Mushrooms","floor":12,"gold_loss":0},{"damage_healed":0,"gold_gain":0,"player_choice":"Entered Light","damage_taken":21,"max_hp_gain":0,"max_hp_loss":0,"event_name":"Shining Light","floor":14,"gold_loss":0,"cards_upgraded":["Strike_B","Leap"]}],"is_beta":false,"boss_relics":[],"items_purged_floors":[13],"is_endless":false,"potions_floor_spawned":[1,6,11],"killed_by":"Slime Boss","ascension_level":16}