{"gold_per_floor":[111,127,147,72,72,72,97,97,175,175,200,229,304,4,4,4],"floor_reached":16,"playtime":395,"items_purged":["Defend_R","Defend_R"],"score":90,"play_id":"7f4af277-e201-4642-a8e6-6f01088c80ac","local_time":"20190306200117","is_ascension_mode":false,"campfire_choices":[{"floor":6,"key":"RECALL"},{"data":"Perfected Strike","floor":10,"key":"SMITH"},{"floor":15,"key":"REST"}],"neow_cost":"NONE","seed_source_timestamp":5580389287280,"circlet_count":0,"master_deck":["Strike_R","Strike_R","Strike_R","Strike_R","Strike_R","Defend_R","Defend_R","Bash","Dual Wield","Perfected Strike+1","Pommel Strike","Battle Trance","Twin Strike"],"relics":["Burning Blood","NeowsBlessing","Golden Idol","Question Card","Odd Mushroom","MealTicket"],"potions_floor_usage":[],"damage_taken":[{"damage":0,"enemies":"Jaw Worm","floor":1,"turns":1},{"damage":0,"enemies":"2 Louse","floor":2,"turns":1},{"damage":0,"enemies":"Small Slimes","floor":3,"turns":1},{"damage":8,"enemies":"2 Fungi Beasts","floor":7,"turns":3},{"damage":35,"enemies":"Exordium Wildlife","floor":11,"turns":4},{"damage":31,"enemies":"The Mushroom Lair","floor":12,"turns":4},{"damage":37,"enemies":"Slime Boss","floor":16,"turns":7}],"seed_played":"-5996778895466149768","potions_obtained":[{"floor":2,"key":"Weak Potion"},{"floor":12,"key":"FearPotion"}],"is_trial":false,"path_per_floor":["M","M","M","$","?","R","M","$","T","R","M","?","?","$","R","B"],"character_chosen":"IRONCLAD","items_purchased":["MealTicket"],"campfire_rested":1,"item_purchase_floors":[14],"current_hp_per_floor":[80,80,80,80,74,74,72,72,72,72,43,18,7,7,29,0],"gold":4,"neow_bonus":"THREE_ENEMY_KILL","is_prod":false,"is_daily":false,"chose_seed":false,"campfire_upgraded":1,"win_rate":0,"timestamp":1551870077,"path_taken":["M","M","M","$","?","R","M","$","T","R","M","?","?","?","R","BOSS"],"build_version":"2019-01-23","purchased_purges":2,"victory":false,"max_hp_per_floor":[80,80,80,80,74,74,74,74,74,74,74,74,74,74,74,74],"card_choices":[{"not_picked":["Armaments","Cleave"],"picked":"Dual Wield","floor":1},{"not_picked":["Evolve","Ghostly Armor"],"picked":"Perfected Strike","floor":2},{"not_picked":["Ghostly Armor","Disarm","Heavy Blade"],"picked":"SKIP","floor":3},{"not_picked":["Iron Wave","Carnage"],"picked":"Pommel Strike","floor":7},{"not_picked":["Headbutt","Armaments","Iron Wave"],"picked":"Battle Trance","floor":11},{"not_picked":["Rampage","Reckless Charge","Flex"],"picked":"Twin Strike","floor":12}],"player_experience":131339,"relics_obtained":[{"floor":9,"key":"Question Card"},{"floor":12,"key":"Odd Mushroom"}],"event_choices":[{"damage_healed":0,"gold_gain":0,"player_choice":"Lose Max HP","damage_taken":0,"relics_obtained":["Golden Idol"],"max_hp_gain":0,"max_hp_loss":6,"event_name":"Golden Idol","floor":5,"gold_loss":0},{"damage_healed":0,"gold_gain":0,"player_choice":"Fought Mushrooms","damage_taken":0,"max_hp_gain":0,"max_hp_loss":0,"event_name":"Mushrooms","floor":12,"gold_loss":0},{"damage_healed":0,"gold_gain":75,"player_choice":"Gather Gold","damage_taken":11,"max_hp_gain":0,"max_hp_loss":0,"event_name":"World of Goop","floor":13,"gold_loss":0}],"is_beta":false,"boss_relics":[],"items_purged_floors":[4,14],"is_endless":false,"potions_floor_spawned":[2,12],"killed_by":"Slime Boss","ascension_level":0}