{"gold_per_floor":[109,59,59,73,88,116,116,66,91,103,103,123,123,139,139,240,240],"floor_reached":17,"playtime":502,"items_purged":[],"score":232,"play_id":"0748bf25-7828-404a-8403-46930d3508eb","local_time":"20180912030135","daily_mods":["Draft"],"is_ascension_mode":false,"campfire_choices":[{"data":"Clash","floor":7,"key":"SMITH"},{"data":"Flex","floor":11,"key":"SMITH"},{"data":"Anger","floor":13,"key":"SMITH"},{"data":"Rage","floor":15,"key":"SMITH"}],"neow_cost":"","seed_source_timestamp":451090152899962,"circlet_count":0,"master_deck":["Anger","Armaments","Flex","Clash","Flex","Sword Boomerang","Clash","Rage","Anger+1","Rage+1","Headbutt","Sword Boomerang","Clash+1","Infernal Blade","Flex","Flex+1","Twin Strike","Flex","Clash"],"relics":["Burning Blood","Red Skull","Strawberry"],"potions_floor_usage":[12,16,16],"damage_taken":[{"damage":0,"enemies":"2 Louse","floor":1,"turns":1},{"damage":6,"enemies":"Jaw Worm","floor":4,"turns":2},{"damage":0,"enemies":"Cultist","floor":5,"turns":2},{"damage":0,"enemies":"Gremlin Nob","floor":6,"turns":2},{"damage":4,"enemies":"Gremlin Gang","floor":10,"turns":2},{"damage":4,"enemies":"2 Fungi Beasts","floor":12,"turns":2},{"damage":1,"enemies":"Looter","floor":14,"turns":2},{"damage":16,"enemies":"Slime Boss","floor":16,"turns":6}],"seed_played":"5928734887759091220","potions_obtained":[{"floor":1,"key":"PowerPotion"},{"floor":6,"key":"GamblersBrew"},{"floor":10,"key":"Poison Potion"},{"floor":14,"key":"SpeedPotion"}],"is_trial":true,"path_per_floor":["M","?","$","M","M","E","R","$","T","M","R","M","R","M","R","B"],"character_chosen":"IRONCLAD","items_purchased":["Clash"],"campfire_rested":0,"item_purchase_floors":[8],"current_hp_per_floor":[80,80,80,80,80,80,80,80,87,87,87,87,87,87,87,77,77],"gold":240,"neow_bonus":"","is_prod":false,"is_daily":false,"chose_seed":false,"campfire_upgraded":4,"win_rate":0,"timestamp":1536735695,"path_taken":["M","?","$","M","?","E","R","$","T","M","R","?","R","M","R","BOSS"],"build_version":"2018-09-06","purchased_purges":0,"victory":false,"max_hp_per_floor":[80,80,80,80,80,80,80,80,87,87,87,87,87,87,87,87,87],"card_choices":[{"not_picked":["Rampage","Uppercut"],"picked":"Anger","floor":0},{"not_picked":["Hemokinesis","Entrench"],"picked":"Armaments","floor":0},{"not_picked":["Anger","Perfected Strike"],"picked":"Flex","floor":0},{"not_picked":["Spot Weakness","Warcry"],"picked":"Clash","floor":0},{"not_picked":["Havoc","Body Slam"],"picked":"Flex","floor":0},{"not_picked":["Armaments","Inflame"],"picked":"Sword Boomerang","floor":0},{"not_picked":["Iron Wave","Pummel"],"picked":"Clash","floor":0},{"not_picked":["Warcry","Spot Weakness"],"picked":"Perfected Strike","floor":0},{"not_picked":["Burning Pact","Shrug It Off"],"picked":"Rage","floor":0},{"not_picked":["Burning Pact","Disarm"],"picked":"Anger","floor":0},{"not_picked":["Rupture","Armaments"],"picked":"Rage","floor":0},{"not_picked":["Reckless Charge","Infernal Blade"],"picked":"Headbutt","floor":0},{"not_picked":["Burning Pact","Hemokinesis"],"picked":"Sword Boomerang","floor":0},{"not_picked":["Evolve","True Grit"],"picked":"Clash","floor":0},{"not_picked":["Searing Blow","Spot Weakness"],"picked":"Infernal Blade","floor":0},{"not_picked":["Battle Trance","Pummel"],"picked":"Flex","floor":1},{"not_picked":["Sword Boomerang","Headbutt"],"picked":"Flex","floor":4},{"not_picked":["Warcry","Shrug It Off"],"picked":"Twin Strike","floor":5},{"not_picked":["Reckless Charge","Perfected Strike"],"picked":"Flex","floor":6},{"not_picked":["Havoc","Juggernaut","Warcry"],"picked":"SKIP","floor":10},{"not_picked":["Cleave","Infernal Blade","Warcry"],"picked":"SKIP","floor":12},{"not_picked":["Sentinel","Wild Strike","Dropkick"],"picked":"SKIP","floor":14}],"player_experience":119320,"relics_obtained":[{"floor":6,"key":"Red Skull"},{"floor":9,"key":"Strawberry"}],"event_choices":[{"event_name":"The Cleric","player_choice":"Card Removal","floor":2,"damage_taken":0}],"is_beta":false,"boss_relics":[],"items_purged_floors":[],"is_endless":false,"potions_floor_spawned":[1,6,10,14],"ascension_level":0}