{"gold_per_floor":[110,110,35,55,65,65,100,100,100,132,144,161,161,161,161,263,263,276,201,116,25,39,39,57,57,57,67,67,67],"floor_reached":29,"playtime":2321,"items_purged":["Decay"],"score":266,"play_id":"ddcb121e-acb8-45d0-9e76-416e8fadf784","local_time":"20190122205623","is_ascension_mode":true,"campfire_choices":[{"floor":6.0,"key":"RECALL"},{"data":"Beam Cell","floor":8.0,"key":"SMITH"},{"data":"Dualcast","floor":13.0,"key":"SMITH"},{"data":"Double Energy","floor":15.0,"key":"SMITH"},{"data":"Mind Blast","floor":23.0,"key":"SMITH"},{"data":"Scrape","floor":25,"key":"SMITH"}],"neow_cost":"NONE","seed_source_timestamp":0,"circlet_count":0,"master_deck":["Strike_B","Strike_B","Strike_B","Strike_B","Defend_B","Defend_B","Defend_B","Defend_B","Dualcast+1","Sweeping Beam","Beam Cell+1","Cold Snap","Conserve Battery","Compile Driver","Amplify","Double Energy+1","Machine Learning","Hello World+1","Mind Blast+1","Scrape+1","Capacitor","Steam"],"special_seed":0,"relics":["Cracked Core","NeowsBlessing","Question Card","Pantograph","Pen Nib","Kunai","Eternal Feather","Letter Opener"],"potions_floor_usage":[24,28,28],"damage_taken":[{"damage":0.0,"enemies":"Small Slimes","floor":1.0,"turns":1.0},{"damage":0.0,"enemies":"Cultist","floor":4.0,"turns":1.0},{"damage":0.0,"enemies":"2 Louse","floor":5.0,"turns":1.0},{"damage":16.0,"enemies":"Gremlin Nob","floor":7.0,"turns":4.0},{"damage":30.0,"enemies":"Lagavulin","floor":10.0,"turns":6.0},{"damage":0.0,"enemies":"Blue Slaver","floor":11.0,"turns":2.0},{"damage":3.0,"enemies":"2 Fungi Beasts","floor":12.0,"turns":3.0},{"damage":40.0,"enemies":"Hexaghost","floor":16.0,"turns":11.0},{"damage":16.0,"enemies":"Chosen","floor":18.0,"turns":5.0},{"damage":24.0,"enemies":"2 Thieves","floor":22.0,"turns":4.0},{"damage":7,"enemies":"Centurion and Healer","floor":24,"turns":4},{"damage":18,"enemies":"Shelled Parasite and Fungi","floor":27,"turns":6},{"damage":22,"enemies":"Gremlin Leader","floor":28,"turns":4},{"damage":15,"enemies":"Snake Plant","floor":29,"turns":1}],"seed_played":"8941736621895198144","potions_obtained":[{"floor":4.0,"key":"Explosive Potion"},{"floor":5.0,"key":"Ancient Potion"},{"floor":12.0,"key":"Strength Potion"},{"floor":18.0,"key":"Block Potion"},{"floor":22.0,"key":"SmokeBomb"},{"floor":24,"key":"Strength Potion"}],"is_trial":false,"path_per_floor":["M","?","$","M","M","R","E","R","T","E","M","M","R","?","R","B",null,"M","?","?","$","M","R","M","R","T","M","E","M"],"character_chosen":"DEFECT","items_purchased":["Mind Blast"],"campfire_rested":0,"item_purchase_floors":[21],"current_hp_per_floor":[75,75,75,75,75,75,59,59,59,29,29,26,26,23,23,8,75,59,59,59,59,35,47,40,52,52,34,12,0],"gold":67,"neow_bonus":"THREE_ENEMY_KILL","is_prod":false,"is_daily":false,"chose_seed":false,"campfire_upgraded":5,"win_rate":0,"timestamp":1548208583,"path_taken":["M","?","$","?","M","R","E","R","T","E","M","M","R","?","R","BOSS","M","?","?","$","M","R","M","R","T","M","E","M"],"build_version":"2019-01-17v2","purchased_purges":1,"victory":false,"max_hp_per_floor":[75,75,75,75,75,75,75,75,75,75,75,75,75,75,75,75,75,75,75,75,75,75,75,75,75,75,75,75,75],"card_choices":[{"not_picked":["BootSequence","Hologram"],"picked":"Sweeping Beam","floor":1.0},{"not_picked":["Conserve Battery","Coolheaded"],"picked":"Beam Cell","floor":4.0},{"not_picked":["Steam","Conserve Battery"],"picked":"Cold Snap","floor":5.0},{"not_picked":["Coolheaded","Turbo"],"picked":"Conserve Battery","floor":7.0},{"not_picked":["Barrage","Sweeping Beam","Genetic Algorithm"],"picked":"Compile Driver","floor":10.0},{"not_picked":["Chill","Rebound","Reinforced Body"],"picked":"Amplify","floor":11.0},{"not_picked":["Tempest","Leap","Barrage"],"picked":"Double Energy","floor":12.0},{"not_picked":["Meteor Strike","Thunder Strike","Seek"],"picked":"Machine Learning","floor":16.0},{"not_picked":["Reinforced Body","Reprogram","Barrage+1"],"picked":"Hello World+1","floor":18.0},{"not_picked":["Leap","Conserve Battery","Hologram"],"picked":"Scrape","floor":22.0},{"not_picked":["Steam","Coolheaded","Hologram"],"picked":"Capacitor","floor":24},{"not_picked":["Doom and Gloom","Turbo","Conserve Battery"],"picked":"Steam","floor":27}],"player_experience":40662,"relics_obtained":[{"floor":7.0,"key":"Question Card"},{"floor":9.0,"key":"Pantograph"},{"floor":10.0,"key":"Pen Nib"}],"event_choices":[{"damage_healed":0.0,"max_hp_gain":0.0,"max_hp_loss":0.0,"gold_gain":0.0,"event_name":"Wheel of Change","player_choice":"Cursed","floor":2.0,"gold_loss":0.0,"damage_taken":0.0,"cards_obtained":["Decay"]},{"damage_healed":0.0,"max_hp_gain":0.0,"max_hp_loss":0.0,"gold_gain":0.0,"event_name":"Scrap Ooze","player_choice":"Success","floor":14.0,"gold_loss":0.0,"damage_taken":3.0,"relics_obtained":["Kunai"]},{"cards_removed":["Zap"],"damage_healed":0.0,"max_hp_gain":0.0,"max_hp_loss":0.0,"gold_gain":0.0,"event_name":"Beggar","player_choice":"Gave Gold","floor":19.0,"gold_loss":75.0,"damage_taken":0.0},{"damage_healed":0.0,"max_hp_gain":0.0,"max_hp_loss":0.0,"gold_gain":0.0,"event_name":"Addict","player_choice":"Obtained Relic","floor":20.0,"gold_loss":85.0,"damage_taken":0.0,"relics_obtained":["Letter Opener"]}],"is_beta":false,"boss_relics":[{"not_picked":["Black Star","Orrery"],"picked":"Eternal Feather"}],"items_purged_floors":[3],"is_endless":false,"potions_floor_spawned":[4,5,12,18,22,24],"killed_by":"Snake Plant","ascension_level":1}