{"gold_per_floor":[213,11,11,22,34,34,64,64,90,90,90,106,141,160,160,160],"floor_reached":16,"playtime":453,"items_purged":[],"score":220,"play_id":"f2a4be63-d2df-40f6-b9ba-8122ca312780","local_time":"20181101090057","is_ascension_mode":true,"campfire_choices":[{"data":"Blur","floor":6,"key":"SMITH"},{"data":"Neutralize","floor":8,"key":"SMITH"},{"data":"Backstab","floor":10,"key":"SMITH"},{"floor":15,"key":"REST"}],"neow_cost":"NONE","seed_source_timestamp":1607386611823452,"circlet_count":0,"master_deck":["Defend_G","Defend_G","Defend_G","Defend_G","Strike_G","Strike_G","Strike_G","Strike_G","Strike_G","Survivor","Neutralize+1","AscendersBane","Backstab+1","Blur+1","Predator","Escape Plan"],"relics":["Ring of the Snake","Potion Belt","Bag of Preparation","Art of War","Bag of Marbles"],"potions_floor_usage":[7,7,16,16],"damage_taken":[{"damage":0,"enemies":"Small Slimes","floor":1,"turns":3},{"damage":0,"enemies":"2 Louse","floor":4,"turns":3},{"damage":2,"enemies":"Jaw Worm","floor":5,"turns":4},{"damage":4,"enemies":"3 Sentries","floor":7,"turns":8},{"damage":0,"enemies":"2 Fungi Beasts","floor":12,"turns":4},{"damage":42,"enemies":"Lagavulin","floor":13,"turns":6},{"damage":0,"enemies":"3 Louse","floor":14,"turns":2},{"damage":25,"enemies":"Hexaghost","floor":16,"turns":11}],"seed_played":"-3147977401140610552","potions_obtained":[{"floor":1,"key":"SteroidPotion"},{"floor":4,"key":"PowerPotion"},{"floor":13,"key":"GhostInAJar"},{"floor":14,"key":"Poison Potion"}],"is_trial":false,"path_per_floor":["M","$","?","M","M","R","E","R","T","R","?","M","E","M","R"],"character_chosen":"THE_SILENT","items_purchased":["Potion Belt","Blur"],"campfire_rested":1,"item_purchase_floors":[2,2],"current_hp_per_floor":[59,59,59,59,57,57,53,53,53,53,46,46,4,4,23,0],"gold":160,"neow_bonus":"HUNDRED_GOLD","is_prod":false,"is_daily":false,"chose_seed":false,"campfire_upgraded":3,"win_rate":0,"timestamp":1541088057,"path_taken":["M","$","?","M","M","R","E","R","T","R","?","M","E","M","R","BOSS"],"build_version":"2018-10-25v2","purchased_purges":0,"victory":false,"max_hp_per_floor":[66,66,66,66,66,66,66,66,66,66,66,66,66,66,66,66],"card_choices":[{"not_picked":["Masterful Stab","Dash"],"picked":"Backstab","floor":1},{"not_picked":["Flying Knee","Blade Dance","Calculated Gamble"],"picked":"SKIP","floor":4},{"not_picked":["Masterful Stab","Sucker Punch","Slice"],"picked":"SKIP","floor":5},{"not_picked":["Outmaneuver","PiercingWail","Choke"],"picked":"SKIP","floor":7},{"not_picked":["Caltrops","Deadly Poison"],"picked":"Predator","floor":12},{"not_picked":["Calculated Gamble","Accuracy"],"picked":"Escape Plan","floor":13},{"not_picked":["Prepared","Heel Hook","Quick Slash"],"picked":"SKIP","floor":14}],"player_experience":580845,"relics_obtained":[{"floor":7,"key":"Bag of Preparation"},{"floor":9,"key":"Art of War"},{"floor":13,"key":"Bag of Marbles"}],"event_choices":[{"damage_healed":0,"gold_gain":0,"player_choice":"Ignored","damage_taken":0,"max_hp_gain":0,"max_hp_loss":0,"event_name":"Liars Game","floor":3,"gold_loss":0},{"cards_removed":["Defend_G"],"damage_healed":0,"gold_gain":0,"player_choice":"Card Removal","damage_taken":7,"max_hp_gain":0,"max_hp_loss":0,"event_name":"Golden Wing","floor":11,"gold_loss":0}],"is_beta":false,"boss_relics":[],"items_purged_floors":[],"is_endless":false,"potions_floor_spawned":[1,4,13,14],"killed_by":"Hexaghost","ascension_level":20}