{"gold_per_floor":[362,382,395,47,66,66,86,11,11,11,50,50,77,118,118,216,216,231,250,250,250,267,267,298,298,323,323,0,27,45,45],"floor_reached":31,"playtime":1767,"items_purged":["Strike_B"],"score":538,"play_id":"ed603308-402d-45da-bc8f-e8ab09cceed3","local_time":"20190127180126","is_ascension_mode":true,"campfire_choices":[{"floor":6,"key":"REST"},{"floor":12,"key":"REST"},{"data":"Capacitor","floor":15,"key":"SMITH"},{"data":"Defragment","floor":23,"key":"SMITH"},{"data":"Defragment","floor":25,"key":"SMITH"}],"neow_cost":"PERCENT_DAMAGE","seed_source_timestamp":1473643853931400,"circlet_count":0,"master_deck":["AscendersBane","Strike_B+1","Defend_B+1","Defend_B+1","Defend_B+1","Defend_B+1","Zap","Dualcast","Glacier","Ball Lightning","Defragment+1","Consume","Ball Lightning","Loop","Capacitor+1","Compile Driver","Fission+1","Conserve Battery+1","Compile Driver+1","Cold Snap","Defragment+1","Loop","Steam+1","Coolheaded+1"],"relics":["Cracked Core","Bag of Preparation","Bottled Flame","Bloody Idol","Meat on the Bone","Blood Vial","Toxic Egg 2","Empty Cage","Gremlin Horn","PreservedInsect","MutagenicStrength","Bottled Lightning","Smiling Mask"],"potions_floor_usage":[22,22,31],"damage_taken":[{"damage":13,"enemies":"2 Louse","floor":1,"turns":3},{"damage":2,"enemies":"Jaw Worm","floor":2,"turns":5},{"damage":3,"enemies":"Small Slimes","floor":3,"turns":4},{"damage":7,"enemies":"3 Louse","floor":5,"turns":5},{"damage":12,"enemies":"2 Fungi Beasts","floor":7,"turns":4},{"damage":11,"enemies":"Gremlin Nob","floor":11,"turns":3},{"damage":20,"enemies":"3 Sentries","floor":14,"turns":20},{"damage":24,"enemies":"The Guardian","floor":16,"turns":10},{"damage":0,"enemies":"Chosen","floor":18,"turns":5},{"damage":15,"enemies":"Shell Parasite","floor":19,"turns":8},{"damage":11,"enemies":"Snecko","floor":22,"turns":8},{"damage":32,"enemies":"Gremlin Leader","floor":24,"turns":11},{"damage":27,"enemies":"Slavers","floor":29,"turns":4},{"damage":12,"enemies":"Sentry and Sphere","floor":30,"turns":6},{"damage":34,"enemies":"Cultist and Chosen","floor":31,"turns":3}],"seed_played":"-8828168431299119929","potions_obtained":[{"floor":1,"key":"Swift Potion"},{"floor":2,"key":"FairyPotion"},{"floor":16,"key":"PowerPotion"},{"floor":30,"key":"SkillPotion"}],"is_trial":false,"path_per_floor":["M","M","M","$","M","R","M","$","T","?","E","R","T","E","R","B",null,"M","M","?","?","M","R","E","R","T","?","$","E","M","M"],"character_chosen":"DEFECT","items_purchased":["Defragment","Bag of Preparation","Consume","Bottled Lightning","Loop"],"campfire_rested":2,"item_purchase_floors":[4,4,4,28,28],"current_hp_per_floor":[33,31,28,28,21,42,30,30,30,30,19,38,38,32,32,22,54,56,43,43,43,39,39,26,26,31,31,31,23,30,0],"gold":45,"neow_bonus":"TWO_FIFTY_GOLD","is_prod":false,"is_daily":false,"chose_seed":false,"campfire_upgraded":3,"win_rate":0,"timestamp":1548640886,"path_taken":["M","M","M","$","M","R","M","$","T","?","E","R","?","E","R","BOSS","M","M","?","?","M","R","E","R","T","?","$","E","M","M"],"build_version":"2019-01-23","purchased_purges":1,"victory":false,"max_hp_per_floor":[71,71,71,71,71,71,71,71,71,64,64,64,64,64,64,64,64,64,64,64,64,64,64,64,64,64,64,64,64,64,64],"card_choices":[{"not_picked":["Streamline","Hologram"],"picked":"Glacier","floor":1},{"not_picked":["Force Field","Undo","Cold Snap"],"picked":"SKIP","floor":2},{"not_picked":["Coolheaded","Scrape"],"picked":"Ball Lightning","floor":3},{"not_picked":["Compile Driver","Thunder Strike"],"picked":"Ball Lightning","floor":5},{"not_picked":["Chaos","Compile Driver"],"picked":"Loop","floor":7},{"not_picked":["Stack","Leap"],"picked":"Capacitor","floor":11},{"not_picked":["Rebound","Tempest"],"picked":"Compile Driver","floor":14},{"not_picked":["Multi-Cast+1","Rainbow+1"],"picked":"Fission+1","floor":16},{"not_picked":["Hello World","Steam+1"],"picked":"Conserve Battery+1","floor":18},{"not_picked":["Hello World+1","Sweeping Beam"],"picked":"Compile Driver+1","floor":19},{"not_picked":["Gash","Turbo+1"],"picked":"Cold Snap","floor":22},{"not_picked":["Reprogram+1","Compile Driver"],"picked":"Defragment","floor":24},{"not_picked":["Redo+1","Sunder"],"picked":"Steam+1","floor":29},{"not_picked":["Reboot+1","Rebound"],"picked":"Coolheaded+1","floor":30}],"player_experience":597327,"relics_obtained":[{"floor":9,"key":"Bottled Flame"},{"floor":11,"key":"Meat on the Bone"},{"floor":13,"key":"Blood Vial"},{"floor":14,"key":"Toxic Egg 2"},{"floor":24,"key":"Gremlin Horn"},{"floor":26,"key":"PreservedInsect"},{"floor":29,"key":"Smiling Mask"}],"event_choices":[{"damage_healed":0,"gold_gain":0,"player_choice":"Lose Max HP","damage_taken":0,"relics_obtained":["Golden Idol"],"max_hp_gain":0,"max_hp_loss":7,"event_name":"Golden Idol","floor":10,"gold_loss":0},{"damage_healed":0,"gold_gain":0,"player_choice":"Gave Idol","damage_taken":0,"relics_obtained":["Bloody Idol"],"max_hp_gain":0,"max_hp_loss":0,"event_name":"Forgotten Altar","floor":20,"relics_lost":["Golden Idol"],"gold_loss":0},{"damage_healed":0,"gold_gain":0,"player_choice":"Simplicity","damage_taken":0,"max_hp_gain":0,"max_hp_loss":0,"event_name":"Back to Basics","floor":21,"gold_loss":0,"cards_upgraded":["Strike_B","Defend_B","Defend_B","Defend_B","Defend_B"]},{"damage_healed":0,"gold_gain":0,"player_choice":"Inject Mutagens","damage_taken":0,"relics_obtained":["MutagenicStrength"],"max_hp_gain":0,"max_hp_loss":0,"event_name":"Drug Dealer","floor":27,"gold_loss":0}],"is_beta":false,"boss_relics":[{"not_picked":["Calling Bell","Fusion Hammer"],"picked":"Empty Cage"}],"items_purged_floors":[8],"is_endless":false,"potions_floor_spawned":[1,2,5,7,16,18,30],"killed_by":"Cultist and Chosen","ascension_level":18}