{"gold_per_floor":[119,69,21,37,37,37,94,94,94,94],"floor_reached":10,"playtime":508,"items_purged":[],"score":57,"play_id":"7a349c81-30e1-4bf6-bffd-69772e13ed1c","local_time":"20190109033804","is_ascension_mode":true,"campfire_choices":[{"data":"Blur","floor":6,"key":"SMITH"},{"floor":8,"key":"REST"}],"neow_cost":"NONE","seed_source_timestamp":366949313674885,"circlet_count":0,"master_deck":["Defend_G","Defend_G","Defend_G","Defend_G","Defend_G","Strike_G","Strike_G","Strike_G","Strike_G","Survivor","Neutralize","Blur+1","Backflip","Sucker Punch"],"relics":["Ring of the Snake","Bag of Preparation","Orichalcum"],"potions_floor_usage":[],"damage_taken":[{"damage":0,"enemies":"Cultist","floor":1,"turns":4},{"damage":5,"enemies":"Jaw Worm","floor":4,"turns":9},{"damage":38,"enemies":"3 Sentries","floor":7,"turns":20},{"damage":59,"enemies":"Gremlin Nob","floor":10,"turns":7}],"seed_played":"-1923313193050035961","potions_obtained":[],"is_trial":false,"path_per_floor":["M","?","$","M","?","R","?","R","T","E"],"character_chosen":"THE_SILENT","items_purchased":["Backflip"],"campfire_rested":1,"item_purchase_floors":[3],"current_hp_per_floor":[77,77,77,72,72,72,34,57,57,0],"gold":94,"neow_bonus":"TEN_PERCENT_HP_BONUS","is_prod":false,"is_daily":false,"chose_seed":false,"campfire_upgraded":1,"win_rate":0,"timestamp":1547023084,"path_taken":["M","?","$","M","?","R","?","R","T","E"],"build_version":"2019-01-03v4","purchased_purges":0,"victory":false,"max_hp_per_floor":[77,77,77,77,77,77,77,77,77,77],"card_choices":[{"not_picked":["Prepared","Masterful Stab"],"picked":"Blur","floor":1},{"not_picked":["Dodge and Roll","Cloak And Dagger","Blade Dance"],"picked":"SKIP","floor":4},{"not_picked":["Wraith Form v2","Predator"],"picked":"Sucker Punch","floor":7}],"player_experience":478857,"relics_obtained":[{"floor":7,"key":"Bag of Preparation"},{"floor":9,"key":"Orichalcum"}],"event_choices":[{"cards_removed":["Strike_G"],"damage_healed":0,"gold_gain":0,"player_choice":"Card Removal","damage_taken":0,"max_hp_gain":0,"max_hp_loss":0,"event_name":"The Cleric","floor":2,"gold_loss":50},{"damage_healed":0,"gold_gain":0,"player_choice":"Ignored","damage_taken":0,"max_hp_gain":0,"max_hp_loss":0,"event_name":"Liars Game","floor":5,"gold_loss":0},{"damage_healed":0,"gold_gain":30,"player_choice":"Searched \u00273\u0027 times","damage_taken":0,"max_hp_gain":0,"max_hp_loss":0,"event_name":"Dead Adventurer","floor":7,"gold_loss":0}],"is_beta":false,"boss_relics":[],"items_purged_floors":[],"is_endless":false,"potions_floor_spawned":[],"killed_by":"Gremlin Nob","ascension_level":1}