{"gold_per_floor":[110,128,22,39,39,39,53,83,152,162,3,3,3,21,21,100,100,0,0,0,13,31,31],"floor_reached":23,"playtime":1442,"items_purged":["Strike_B"],"score":382,"play_id":"ee19c366-070b-4356-8739-ea9a29f1a808","local_time":"20190215175125","is_ascension_mode":true,"campfire_choices":[{"data":"Zap","floor":6.0,"key":"SMITH"},{"floor":15.0,"key":"REST"}],"neow_cost":"NONE","seed_source_timestamp":0,"circlet_count":0,"master_deck":["AscendersBane","Strike_B+1","Strike_B+1","Defend_B+1","Defend_B+1","Defend_B+1","Defend_B+1","Zap+1","Dualcast","Gash","Glacier","Coolheaded","Hologram","Coolheaded","Leap","All For One+1","Reprogram","Blizzard+1","Cold Snap","Machine Learning","Coolheaded+1","Double Energy+1","Double Energy+1"],"special_seed":0,"relics":["FrozenCore","Pocketwatch","Sundial","Toxic Egg 2"],"potions_floor_usage":[18,23],"damage_taken":[{"damage":4.0,"enemies":"Small Slimes","floor":1.0,"turns":3.0},{"damage":1.0,"enemies":"Cultist","floor":2.0,"turns":3.0},{"damage":6.0,"enemies":"2 Louse","floor":4.0,"turns":4.0},{"damage":5.0,"enemies":"Blue Slaver","floor":7.0,"turns":5.0},{"damage":24.0,"enemies":"3 Sentries","floor":8.0,"turns":19.0},{"damage":0.0,"enemies":"Looter","floor":10.0,"turns":3.0},{"damage":0.0,"enemies":"2 Fungi Beasts","floor":14.0,"turns":4.0},{"damage":23.0,"enemies":"Slime Boss","floor":16.0,"turns":11.0},{"damage":3,"enemies":"2 Thieves","floor":18,"turns":5},{"damage":26,"enemies":"3 Byrds","floor":21,"turns":6},{"damage":0,"enemies":"Snecko","floor":22,"turns":8},{"damage":49,"enemies":"Cultist and Chosen","floor":23,"turns":4}],"seed_played":"2678577038459297453","potions_obtained":[{"floor":1.0,"key":"Block Potion"},{"floor":4.0,"key":"Weak Potion"},{"floor":16.0,"key":"Block Potion"},{"floor":21,"key":"GamblersBrew"}],"is_trial":false,"path_per_floor":["M","M","$","M","?","R","M","E","T","M","$","?","T","M","R","B",null,"M","?","?","M","M","M"],"character_chosen":"DEFECT","items_purchased":["Coolheaded","Hologram","Blizzard"],"campfire_rested":1,"item_purchase_floors":[3,3,11],"current_hp_per_floor":[67,66,66,60,60,60,55,31,31,31,31,8,8,8,31,8,61,58,58,58,32,32,0],"gold":31,"neow_bonus":"TEN_PERCENT_HP_BONUS","is_prod":false,"is_daily":false,"chose_seed":false,"campfire_upgraded":1,"win_rate":0,"timestamp":1550281885,"path_taken":["M","M","$","M","?","R","M","E","T","?","?","?","?","M","R","BOSS","M","?","?","M","M","M"],"build_version":"2019-01-23","purchased_purges":1,"victory":false,"max_hp_per_floor":[78,78,78,78,78,78,78,78,78,78,78,78,78,78,78,78,78,78,78,78,78,78,78],"card_choices":[{"not_picked":["Leap","Sweeping Beam"],"picked":"Gash","floor":1.0},{"not_picked":["Beam Cell","Go for the Eyes"],"picked":"Glacier","floor":2.0},{"not_picked":["Skim","Stack"],"picked":"Coolheaded","floor":4.0},{"not_picked":["Aggregate","Streamline"],"picked":"Leap","floor":7.0},{"not_picked":["Cold Snap","Conserve Battery"],"picked":"All For One","floor":8.0},{"not_picked":["Aggregate","Compile Driver"],"picked":"Reprogram","floor":10.0},{"not_picked":["Streamline","Darkness+1"],"picked":"Cold Snap","floor":14.0},{"not_picked":["Hyperbeam","Multi-Cast+1"],"picked":"Machine Learning","floor":16.0},{"not_picked":["Conserve Battery+1","Stack+1"],"picked":"Coolheaded+1","floor":18},{"not_picked":["Stack+1","Undo+1"],"picked":"Double Energy+1","floor":21},{"not_picked":["Leap+1","Beam Cell+1"],"picked":"Double Energy+1","floor":22}],"player_experience":709575,"relics_obtained":[{"floor":8.0,"key":"Pocketwatch"},{"floor":9.0,"key":"Sundial"},{"floor":13.0,"key":"Toxic Egg 2"}],"event_choices":[{"cards_removed":["Strike_B"],"damage_healed":0.0,"max_hp_gain":0.0,"max_hp_loss":0.0,"gold_gain":0.0,"event_name":"Bonfire Elementals","player_choice":"Offered Basic","floor":5.0,"gold_loss":0.0,"damage_taken":0.0},{"damage_healed":0.0,"max_hp_gain":0.0,"max_hp_loss":0.0,"gold_gain":0.0,"event_name":"Shining Light","player_choice":"Entered Light","floor":12.0,"gold_loss":0.0,"damage_taken":23.0,"cards_upgraded":["All For One","Defend_B"]},{"damage_healed":0,"gold_gain":0,"player_choice":"Simplicity","damage_taken":0,"max_hp_gain":0,"max_hp_loss":0,"event_name":"Back to Basics","floor":19,"gold_loss":0,"cards_upgraded":["Strike_B","Strike_B","Defend_B","Defend_B","Defend_B"]},{"damage_healed":0,"gold_gain":0,"player_choice":"Upgraded","damage_taken":0,"max_hp_gain":0,"max_hp_loss":0,"event_name":"Upgrade Shrine","floor":20,"gold_loss":0,"cards_upgraded":["Blizzard"]}],"is_beta":false,"boss_relics":[{"not_picked":["Astrolabe","Black Star"],"picked":"FrozenCore"}],"items_purged_floors":[11],"is_endless":false,"potions_floor_spawned":[1,4,7,8,16,21],"killed_by":"Cultist and Chosen","ascension_level":20}