{"path_per_floor":["M","?","?","$","M","R","E","R","T","M","T","R","M","E","R","B",null,"M","$","M","?","M","E","M","R","T","T","R","M","M","?","R","B",null,"M","M","M","M","M","R","M","?","T","M","R","$","R","M","R","B"],"character_chosen":"IRONCLAD","items_purchased":["Armaments","Master of Strategy","Thread and Needle","Feel No Pain"],"gold_per_floor":[118,68,68,44,63,63,88,88,88,105,130,130,147,175,175,275,275,288,5,23,23,39,64,76,76,156,156,156,166,184,184,184,286,316,330,342,354,370,389,389,404,404,452,469,469,39,39,49,49,49],"floor_reached":51,"campfire_rested":1,"playtime":8532,"current_hp_per_floor":[80,80,64,64,69,69,55,55,55,58,58,58,41,36,36,32,80,44,44,49,49,40,22,24,24,24,24,24,37,55,40,40,40,90,74,56,42,39,52,52,55,55,55,37,37,37,37,36,63,23],"items_purged":["Strike_R","Writhe"],"gold":49,"play_id":"2dfadb62-89d7-482d-8173-f0a3c2094bf3","is_prod":false,"is_daily":false,"is_ascension_mode":false,"campfire_upgraded":10,"path_taken":["M","?","?","?","M","R","E","R","T","M","?","R","M","E","R","BOSS","M","$","?","?","?","E","M","R","T","?","R","M","?","?","R","BOSS","M","M","?","M","M","R","M","?","T","M","R","$","R","M","R","BOSS"],"build_version":"2018-02-01-PROD3","purchased_purges":2,"victory":true,"master_deck":["Defend_R+1","Defend_R","Defend_R+1","Bash+1","Heavy Blade+1","Armaments+1","Thunderclap+1","Dual Wield+1","Hemokinesis","Heavy Blade+1","Flex","Dark Embrace+1","Searing Blow+6","Shockwave+1","Metallicize+1","True Grit+1","Master of Strategy","Seeing Red","Havoc+1","Berserk","Battle Trance","Offering","Metallicize","Dual Wield","Corruption+1","Feel No Pain"],"max_hp_per_floor":[80,80,80,80,80,80,80,80,80,80,80,80,80,80,80,80,80,80,80,80,80,80,80,80,80,80,80,80,80,80,85,85,85,90,90,90,90,90,90,90,90,90,90,90,90,90,90,90,90,90],"relics":["Burning Blood","War Paint","Red Skull","Prayer Wheel","Lantern","Astrolabe","Pantograph","Meat on the Bone","Smiling Mask","Bag of Marbles","Tiny House","Dream Catcher","Thread and Needle"],"card_choices":[{"not_picked":["Evolve","Armaments"],"picked":"Heavy Blade"},{"not_picked":["Second Wind","Flex"],"picked":"Thunderclap"},{"not_picked":["Armaments","Intimidate"],"picked":"Dual Wield"},{"not_picked":["Fiend Fire","Pommel Strike"],"picked":"Hemokinesis"},{"not_picked":["Iron Wave","Hemokinesis"],"picked":"Heavy Blade"},{"not_picked":["Juggernaut","Warcry"],"picked":"Flex"},{"not_picked":["Brutality","Immolate"],"picked":"Dark Embrace"},{"not_picked":["Pommel Strike","Heavy Blade"],"picked":"True Grit"},{"not_picked":["Cleave","Havoc"],"picked":"Seeing Red"},{"not_picked":["Cleave","Flex"],"picked":"Havoc"},{"not_picked":["Rupture","Cleave"],"picked":"Berserk"},{"not_picked":["Evolve","Iron Wave"],"picked":"Battle Trance"},{"not_picked":["Barricade","Limit Break"],"picked":"Offering"},{"not_picked":["Cleave","Thunderclap"],"picked":"Metallicize"},{"not_picked":["Power Through","Warcry"],"picked":"Corruption"}],"player_experience":124608,"potions_floor_usage":[16,23,23,29,44,48,48,48,50],"damage_taken":[{"damage":1,"enemies":"Cultist","floor":1,"turns":3},{"damage":1,"enemies":"Jaw Worm","floor":5,"turns":4},{"damage":20,"enemies":"Gremlin Nob","floor":7,"turns":4},{"damage":3,"enemies":"Small Slimes","floor":10,"turns":2},{"damage":23,"enemies":"Looter","floor":13,"turns":3},{"damage":11,"enemies":"3 Sentries","floor":14,"turns":4},{"damage":10,"enemies":"The Guardian","floor":16,"turns":5},{"damage":42,"enemies":"2 Thieves","floor":18,"turns":4},{"damage":1,"enemies":"Spheric Guardian","floor":20,"turns":4},{"damage":15,"enemies":"Centurion and Healer","floor":22,"turns":5},{"damage":24,"enemies":"Gremlin Leader","floor":23,"turns":9},{"damage":16,"enemies":"3 Cultists","floor":24,"turns":5},{"damage":5,"enemies":"Cultist and Chosen","floor":29,"turns":4},{"damage":0,"enemies":"Chosen and Byrds","floor":30,"turns":5},{"damage":43,"enemies":"Collector","floor":33,"turns":8},{"damage":22,"enemies":"Orb Walker","floor":35,"turns":2},{"damage":24,"enemies":"3 Shapes","floor":36,"turns":2},{"damage":32,"enemies":"Sphere and 2 Shapes","floor":37,"turns":5},{"damage":21,"enemies":"4 Shapes","floor":38,"turns":4},{"damage":5,"enemies":"3 Darklings","floor":39,"turns":4},{"damage":15,"enemies":"Maw","floor":41,"turns":6},{"damage":48,"enemies":"4 Shapes","floor":44,"turns":8},{"damage":31,"enemies":"3 Darklings","floor":48,"turns":6},{"damage":83,"enemies":"Donu and Deca","floor":50,"turns":10}],"event_choices":[{"event_name":"The Cleric","player_choice":"Card Removal","floor":2,"damage_taken":0},{"event_name":"Shining Light","player_choice":"Entered Light","floor":3,"damage_taken":0},{"event_name":"The Mausoleum","player_choice":"Yes","floor":21,"damage_taken":0},{"event_name":"Forgotten Altar","player_choice":"Shed Blood","floor":31,"damage_taken":0},{"event_name":"Transmorgrifier","player_choice":"Transform","floor":42,"damage_taken":0}],"boss_relics":[{"not_picked":["White Beast Statue","Philosopher\u0027s Stone"],"picked":"Astrolabe"},{"not_picked":["Question Card","Snecko Eye"],"picked":"Tiny House"}],"potions_floor_spawned":[7,14,16,18,24,35,37,41,44,48],"seed_played":"7285243098403876758","ascension_level":0,"is_trial":false}