{"gold_per_floor":[114,114,134,84,100,100,100,127,127,138,138,10,28,46,46,150,150,150,150,1,1,1,1,1,1,1,1,1,1,1,1,1,1,1,1,1,1,1,1,1,1,1,1,1],"floor_reached":44,"playtime":3130,"items_purged":["Strike_G"],"score":675,"play_id":"33e65a8b-d0e2-4faa-b18a-a5df7a9b1a16","local_time":"20190213194212","is_ascension_mode":true,"campfire_choices":[{"data":"Neutralize","floor":6.0,"key":"SMITH"},{"floor":11.0,"key":"REST"},{"data":"Slice","floor":15.0,"key":"SMITH"},{"data":"Cloak And Dagger","floor":24.0,"key":"SMITH"},{"data":"Footwork","floor":27.0,"key":"SMITH"},{"data":"Infinite Blades","floor":32.0,"key":"SMITH"},{"floor":41,"key":"REST"}],"neow_cost":"NONE","seed_source_timestamp":0,"circlet_count":0,"master_deck":["Defend_G","Defend_G","Defend_G","Defend_G","Strike_G","Strike_G","Survivor","Neutralize+1","Escape Plan","Footwork+1","Slice+1","Backflip","Malaise","Accuracy","Cloak And Dagger+1","Flash of Steel","Blade Dance+1","Terror+1","Cloak And Dagger","Slice","Infinite Blades+1","A Thousand Cuts","Madness","Madness","Panacea","Swift Strike","Mayhem","Infinite Blades+1","Prepared","Adrenaline"],"special_seed":0,"relics":["WristBlade","PreservedInsect","Kunai","Ectoplasm","Potion Belt","Singing Bowl","Runic Pyramid","Question Card","Orichalcum"],"potions_floor_usage":[39,42],"damage_taken":[{"damage":1.0,"enemies":"Small Slimes","floor":1.0,"turns":5.0},{"damage":1.0,"enemies":"2 Louse","floor":3.0,"turns":3.0},{"damage":9.0,"enemies":"Jaw Worm","floor":5.0,"turns":7.0},{"damage":24.0,"enemies":"Gremlin Nob","floor":8.0,"turns":5.0},{"damage":5.0,"enemies":"3 Louse","floor":10.0,"turns":6.0},{"damage":6.0,"enemies":"Exordium Wildlife","floor":13.0,"turns":6.0},{"damage":0.0,"enemies":"Large Slime","floor":14.0,"turns":8.0},{"damage":22.0,"enemies":"Hexaghost","floor":16.0,"turns":18.0},{"damage":10.0,"enemies":"Chosen","floor":18.0,"turns":8.0},{"damage":0.0,"enemies":"Shell Parasite","floor":21.0,"turns":7.0},{"damage":0.0,"enemies":"Shelled Parasite and Fungi","floor":22.0,"turns":6.0},{"damage":7.0,"enemies":"Slavers","floor":23.0,"turns":6.0},{"damage":3.0,"enemies":"Book of Stabbing","floor":25.0,"turns":4.0},{"damage":11.0,"enemies":"Snecko","floor":29.0,"turns":4.0},{"damage":1.0,"enemies":"Centurion and Healer","floor":30.0,"turns":5.0},{"damage":0.0,"enemies":"Cultist and Chosen","floor":31.0,"turns":6.0},{"damage":1.0,"enemies":"Champ","floor":33.0,"turns":11.0},{"damage":3.0,"enemies":"Orb Walker","floor":35.0,"turns":4.0},{"damage":11.0,"enemies":"3 Darklings","floor":38.0,"turns":6.0},{"damage":7,"enemies":"Transient","floor":39,"turns":5},{"damage":14,"enemies":"Nemesis","floor":40,"turns":5},{"damage":30,"enemies":"4 Shapes","floor":42,"turns":6},{"damage":7,"enemies":"Spire Growth","floor":44,"turns":2}],"seed_played":"-4059175380828138051","potions_obtained":[{"floor":1.0,"key":"AttackPotion"},{"floor":3.0,"key":"SkillPotion"},{"floor":13.0,"key":"GamblersBrew"},{"floor":14.0,"key":"Dexterity Potion"},{"floor":21.0,"key":"Block Potion"},{"floor":22.0,"key":"Regen Potion"},{"floor":23.0,"key":"Weak Potion"},{"floor":33.0,"key":"Poison Potion"},{"floor":40,"key":"AttackPotion"},{"floor":42,"key":"EssenceOfSteel"}],"is_trial":false,"path_per_floor":["M","?","M","?","M","R","?","E","T","M","R","$","M","M","R","B",null,"M","?","$","M","M","E","R","E","T","R","?","M","M","M","R","B",null,"M","?","?","M","M","E","R","M","T","M"],"character_chosen":"THE_SILENT","items_purchased":["Slice","Cloak And Dagger","Flash of Steel"],"campfire_rested":2,"item_purchase_floors":[12,20,20],"current_hp_per_floor":[62,62,61,61,52,52,45,21,21,16,37,37,31,31,31,9,55,45,32,32,32,32,40,40,39,39,39,39,28,27,27,27,26,64,63,53,43,32,25,11,34,6,6,0],"gold":1,"neow_bonus":"BOSS_RELIC","is_prod":false,"is_daily":false,"chose_seed":false,"campfire_upgraded":5,"win_rate":0,"timestamp":1550076132,"path_taken":["M","?","M","?","?","R","?","E","T","M","R","?","M","M","R","BOSS","M","?","$","M","M","E","R","E","T","R","?","M","?","M","R","BOSS","M","?","?","M","M","E","R","M","T","M"],"build_version":"2019-01-23","purchased_purges":1,"victory":false,"max_hp_per_floor":[70,70,70,70,70,70,70,70,70,70,70,70,70,70,70,70,70,70,75,75,75,75,75,75,77,77,77,77,77,77,77,77,77,77,79,79,79,79,79,79,79,81,81,81],"card_choices":[{"not_picked":["PiercingWail","Bane"],"picked":"Escape Plan","floor":1.0},{"not_picked":["Bane","Poisoned Stab","Outmaneuver"],"picked":"SKIP","floor":3.0},{"not_picked":["Setup","Calculated Gamble","Caltrops"],"picked":"SKIP","floor":5.0},{"not_picked":["Blur","Riddle With Holes"],"picked":"Footwork","floor":8.0},{"not_picked":["Caltrops","Acrobatics","Poisoned Stab"],"picked":"SKIP","floor":10.0},{"not_picked":["Poisoned Stab","Predator","Night Terror"],"picked":"SKIP","floor":13.0},{"not_picked":["Predator","PiercingWail"],"picked":"Backflip","floor":14.0},{"not_picked":["Die Die Die","Bullet Time"],"picked":"Malaise","floor":16.0},{"not_picked":["Dagger Throw","Deflect+1"],"picked":"Accuracy","floor":18.0},{"not_picked":["Underhanded Strike","Acrobatics"],"picked":"Blade Dance+1","floor":21.0},{"not_picked":["Quick Slash+1","Crippling Poison","Poisoned Stab"],"picked":"SKIP","floor":22.0},{"not_picked":["Reflex","Grand Finale"],"picked":"Terror+1","floor":23.0},{"not_picked":["Quick Slash","Flying Knee","Flechettes"],"picked":"Singing Bowl","floor":25.0},{"not_picked":["Setup+1","Underhanded Strike+1"],"picked":"Cloak And Dagger","floor":29.0},{"not_picked":["Sucker Punch","Poisoned Stab"],"picked":"Slice","floor":30.0},{"not_picked":["Dagger Throw","Expertise"],"picked":"Infinite Blades","floor":31.0},{"not_picked":["Wraith Form v2","Corpse Explosion"],"picked":"A Thousand Cuts","floor":33.0},{"not_picked":["Dagger Throw+1","Deadly Poison+1","Flying Knee+1"],"picked":"Singing Bowl","floor":35.0},{"not_picked":["HandOfGreed","The Bomb"],"picked":"Panacea","floor":37.0},{"not_picked":["Secret Weapon","Madness"],"picked":"Swift Strike","floor":37.0},{"not_picked":["Swift Strike","Impatience"],"picked":"Mayhem","floor":37.0},{"not_picked":["Concentrate+1","Dodge and Roll"],"picked":"Infinite Blades+1","floor":38.0},{"not_picked":["Acrobatics","Dagger Throw"],"picked":"Prepared","floor":39},{"not_picked":["Noxious Fumes","Outmaneuver"],"picked":"Adrenaline","floor":40},{"not_picked":["Caltrops","Quick Slash+1","Poisoned Stab","Deadly Poison"],"picked":"Singing Bowl","floor":42}],"player_experience":293207,"relics_obtained":[{"floor":8.0,"key":"PreservedInsect"},{"floor":9.0,"key":"Kunai"},{"floor":23.0,"key":"Potion Belt"},{"floor":25.0,"key":"Singing Bowl"},{"floor":40,"key":"Question Card"},{"floor":43,"key":"Orichalcum"}],"event_choices":[{"damage_healed":0.0,"max_hp_gain":0.0,"max_hp_loss":0.0,"gold_gain":0.0,"event_name":"Liars Game","player_choice":"Ignored","floor":2.0,"gold_loss":0.0,"damage_taken":0.0},{"cards_removed":["Strike_G"],"damage_healed":0.0,"max_hp_gain":0.0,"max_hp_loss":0.0,"gold_gain":0.0,"event_name":"The Cleric","player_choice":"Card Removal","floor":4.0,"gold_loss":50.0,"damage_taken":0.0},{"cards_removed":["Defend_G"],"damage_healed":0.0,"max_hp_gain":0.0,"max_hp_loss":0.0,"gold_gain":0.0,"event_name":"Golden Wing","player_choice":"Card Removal","floor":7.0,"gold_loss":0.0,"damage_taken":7.0},{"damage_healed":0.0,"max_hp_gain":5.0,"max_hp_loss":0.0,"gold_gain":0.0,"event_name":"Forgotten Altar","player_choice":"Shed Blood","floor":19.0,"gold_loss":0.0,"damage_taken":18.0},{"cards_removed":["Strike_G"],"damage_healed":0.0,"max_hp_gain":0.0,"max_hp_loss":0.0,"gold_gain":0.0,"event_name":"Purifier","player_choice":"Purged","floor":28.0,"gold_loss":0.0,"damage_taken":0.0},{"damage_healed":0.0,"max_hp_gain":0.0,"max_hp_loss":0.0,"gold_gain":0.0,"event_name":"Winding Halls","player_choice":"Embrace Madness","floor":36.0,"gold_loss":0.0,"damage_taken":10.0,"cards_obtained":["Madness","Madness"]},{"damage_healed":0.0,"max_hp_gain":0.0,"max_hp_loss":0.0,"gold_gain":0.0,"event_name":"SensoryStone","player_choice":"Memory 3","floor":37.0,"gold_loss":0.0,"damage_taken":10.0}],"is_beta":false,"boss_relics":[{"not_picked":["White Beast Statue","Eternal Feather"],"picked":"Ectoplasm"},{"not_picked":["Fusion Hammer","Black Star"],"picked":"Runic Pyramid"}],"items_purged_floors":[12],"is_endless":false,"potions_floor_spawned":[1,3,13,14,21,22,23,33,40,42],"killed_by":"Spire Growth","ascension_level":8}