{"gold_per_floor":[113,1,11,25,37,37,66,66,66,79,79,79,96,130,130,207,207,218,218,238,238,257,257,257,257,257,257,336,355,355,38,38,38],"floor_reached":33,"playtime":829,"items_purged":["Fire Breathing","Regret"],"score":495,"play_id":"8ea18ea9-9684-46dc-9340-6bd2fdc95eaf","local_time":"20181025203544","is_ascension_mode":true,"campfire_choices":[{"data":"Rampage","floor":6.0,"key":"SMITH"},{"data":"Flex","floor":8.0,"key":"SMITH"},{"data":"Armaments","floor":11.0,"key":"SMITH"},{"data":"Uppercut","floor":15.0,"key":"SMITH"},{"data":"True Grit","floor":23.0,"key":"SMITH"},{"data":"Sword Boomerang","floor":27,"key":"SMITH"},{"floor":30,"key":"REST"},{"floor":32,"key":"REST"}],"neow_cost":"TEN_PERCENT_HP_LOSS","seed_source_timestamp":511745831341028,"circlet_count":0,"master_deck":["Strike_R","Strike_R","Strike_R","Defend_R","Defend_R","Defend_R","Bash","AscendersBane","Pommel Strike","Flex+1","Uppercut+1","Rampage+1","Sword Boomerang+1","Armaments+1","Cleave","Battle Trance","Demon Form+1","True Grit+1","Ghostly Armor","True Grit+1"],"special_seed":0,"relics":["Burning Blood","Bag of Marbles","Frozen Egg 2","Self Forming Clay","Cursed Key","Ornamental Fan","DollysMirror"],"potions_floor_usage":[25,29],"damage_taken":[{"damage":6.0,"enemies":"Cultist","floor":1.0,"turns":3.0},{"damage":2.0,"enemies":"Jaw Worm","floor":3.0,"turns":3.0},{"damage":6.0,"enemies":"2 Louse","floor":4.0,"turns":3.0},{"damage":23.0,"enemies":"Exordium Wildlife","floor":5.0,"turns":3.0},{"damage":22.0,"enemies":"Lagavulin","floor":7.0,"turns":6.0},{"damage":0.0,"enemies":"Blue Slaver","floor":10.0,"turns":1.0},{"damage":16.0,"enemies":"Exordium Thugs","floor":13.0,"turns":4.0},{"damage":10.0,"enemies":"Gremlin Nob","floor":14.0,"turns":3.0},{"damage":21.0,"enemies":"Slime Boss","floor":16.0,"turns":6.0},{"damage":6.0,"enemies":"3 Byrds","floor":18.0,"turns":4.0},{"damage":9.0,"enemies":"Shell Parasite","floor":20.0,"turns":3.0},{"damage":27.0,"enemies":"Snake Plant","floor":22.0,"turns":3.0},{"damage":0,"enemies":"Slavers","floor":25,"turns":1},{"damage":29,"enemies":"Shelled Parasite and Fungi","floor":29,"turns":7},{"damage":78,"enemies":"Collector","floor":33,"turns":5}],"seed_played":"-4564845056472929986","potions_obtained":[{"floor":1.0,"key":"SkillPotion"},{"floor":4.0,"key":"EssenceOfSteel"},{"floor":13.0,"key":"BloodPotion"},{"floor":14.0,"key":"SmokeBomb"},{"floor":18.0,"key":"SpeedPotion"},{"floor":19.0,"key":"Regen Potion"}],"is_trial":false,"path_per_floor":["M","$","M","M","M","R","E","R","T","M","R","?","M","E","R","B",null,"M","?","M","?","M","R","?","E","T","R","T","M","R","$","R"],"character_chosen":"IRONCLAD","items_purchased":["Uppercut","DollysMirror"],"campfire_rested":2,"item_purchase_floors":[2,31],"current_hp_per_floor":[68,68,68,68,51,51,35,35,35,41,41,34,24,26,26,11,54,54,54,51,51,30,30,30,36,36,36,36,28,48,48,68,0],"gold":38,"neow_bonus":"TRANSFORM_TWO_CARDS","is_prod":false,"is_daily":false,"chose_seed":false,"campfire_upgraded":6,"win_rate":0,"timestamp":1540467344,"path_taken":["M","$","?","?","M","R","E","R","T","M","R","?","M","E","R","BOSS","M","?","M","?","?","R","?","E","T","R","?","M","R","$","R","BOSS"],"build_version":"2018-10-18","purchased_purges":2,"victory":false,"max_hp_per_floor":[68,68,68,68,68,68,68,68,68,68,68,68,68,68,68,68,68,68,68,68,68,68,68,68,68,68,68,68,68,68,68,68,68],"card_choices":[{"not_picked":["Infernal Blade","Shrug It Off"],"picked":"Flex","floor":1.0},{"not_picked":["Entrench","Havoc"],"picked":"Rampage","floor":3.0},{"not_picked":["Warcry","Thunderclap","Anger"],"picked":"SKIP","floor":4.0},{"not_picked":["Havoc","Whirlwind","Pommel Strike"],"picked":"SKIP","floor":5.0},{"not_picked":["Heavy Blade","Double Tap"],"picked":"Sword Boomerang","floor":7.0},{"not_picked":["Searing Blow","Pummel"],"picked":"Armaments","floor":10.0},{"not_picked":["Clash","Armaments"],"picked":"Cleave","floor":13.0},{"not_picked":["Twin Strike","Pommel Strike"],"picked":"Battle Trance","floor":14.0},{"not_picked":["Juggernaut+1","Offering"],"picked":"Demon Form+1","floor":16.0},{"not_picked":["Seeing Red","Perfected Strike"],"picked":"True Grit","floor":18.0},{"not_picked":["Clothesline+1","Corruption+1","Rage"],"picked":"SKIP","floor":20.0},{"not_picked":["Wild Strike","Reckless Charge"],"picked":"Ghostly Armor","floor":22.0},{"not_picked":["Iron Wave","Wild Strike","Perfected Strike"],"picked":"SKIP","floor":29}],"player_experience":722189,"relics_obtained":[{"floor":7.0,"key":"Bag of Marbles"},{"floor":9.0,"key":"Frozen Egg 2"},{"floor":14.0,"key":"Self Forming Clay"},{"floor":28,"key":"Ornamental Fan"}],"event_choices":[{"cards_removed":["Strike_R"],"damage_healed":0.0,"max_hp_gain":0.0,"max_hp_loss":0.0,"gold_gain":0.0,"event_name":"Golden Wing","player_choice":"Card Removal","floor":12.0,"gold_loss":0.0,"damage_taken":7.0},{"damage_healed":0.0,"max_hp_gain":0.0,"max_hp_loss":0.0,"gold_gain":0.0,"event_name":"The Lab","player_choice":"Got Potions","floor":19.0,"gold_loss":0.0,"damage_taken":0.0},{"damage_healed":0.0,"max_hp_gain":0.0,"max_hp_loss":0.0,"gold_gain":0.0,"event_name":"The Mausoleum","player_choice":"Ignored","floor":21.0,"gold_loss":0.0,"damage_taken":0.0},{"damage_healed":0.0,"max_hp_gain":0.0,"max_hp_loss":0.0,"gold_gain":0.0,"event_name":"Ghosts","player_choice":"Ignored","floor":24.0,"gold_loss":0.0,"damage_taken":0.0}],"is_beta":false,"boss_relics":[{"not_picked":["White Beast Statue","Eternal Feather"],"picked":"Cursed Key"}],"items_purged_floors":[2,31],"is_endless":false,"potions_floor_spawned":[1,4,13,14,18,22],"killed_by":"Collector","ascension_level":16}