{"path_per_floor":["M","M","?","M","M","R","E","M","T","M","M","R","M","M","R","B",null,"M","M","?","?","$","R","E","R","T","R","M","M","R","$","R","B",null,"M","M","M","M","M","R","M","R","T","M","?","R","M","M","R"],"character_chosen":"IRONCLAD","items_purchased":["Toxic Egg 2","Finesse","Transmutation"],"gold_per_floor":[113,126,226,246,261,261,289,300,300,311,322,322,340,352,352,453,453,472,485,485,485,139,139,171,171,171,171,183,193,193,17,17,114,114,127,145,165,182,193,193,211,211,258,278,278,278,296,315,315,315],"floor_reached":50,"campfire_rested":2,"playtime":5487,"current_hp_per_floor":[80,80,80,80,80,80,41,33,33,46,51,51,53,44,44,26,86,85,82,65,65,65,65,51,51,51,51,49,55,55,55,55,46,97,93,68,64,31,37,37,44,44,44,27,14,47,41,55,89,0],"items_purged":[],"gold":315,"score":624,"play_id":"1ab7616e-cb18-4b2c-9eb7-721fe8b60502","local_time":"20180409210326","is_prod":false,"is_daily":false,"is_ascension_mode":true,"campfire_upgraded":3,"timestamp":1523300606,"path_taken":["M","?","?","M","M","R","E","M","T","M","M","R","M","M","R","BOSS","M","M","?","?","$","R","E","R","T","R","M","M","R","$","R","BOSS","M","?","M","M","M","R","M","R","T","M","?","R","M","?","R","BOSS"],"build_version":"2018-04-05v2","purchased_purges":0,"victory":false,"master_deck":["Strike_R+1","Strike_R+1","Strike_R+1","Strike_R+1","Strike_R+1","Defend_R+1","Defend_R+1","Defend_R+1","Defend_R+1","Bash+1","Bludgeon","Pommel Strike","Metallicize","Inflame","Shrug It Off","Shrug It Off","Impervious","Clothesline+1","Finesse+1","Seeing Red+1","Transmutation+1","Barricade+1","Flame Barrier+1","Dropkick+1","Inflame+1","Madness+1","Madness+1","Impervious+1"],"max_hp_per_floor":[80,80,80,80,80,80,80,80,80,82,82,82,84,86,86,86,86,88,88,93,93,93,93,95,95,95,95,97,97,97,97,97,97,97,99,101,103,103,103,103,105,105,105,105,105,107,107,109,111,111],"relics":["Burning Blood","Singing Bowl","Shovel","Pen Nib","Anchor","Philosopher\u0027s Stone","Toxic Egg 2","Toolbox","Ornamental Fan","Kunai","Bronze Scales","Molten Egg 2","Paper Frog","Runic Cube","Dream Catcher","Art of War"],"card_choices":[{"not_picked":["True Grit","Heavy Blade"],"picked":"Bludgeon","floor":1},{"not_picked":["Anger","Corruption"],"picked":"Pommel Strike","floor":4},{"not_picked":["Flex","Corruption"],"picked":"Metallicize","floor":5},{"not_picked":["Sword Boomerang","Heavy Blade"],"picked":"Inflame","floor":7},{"not_picked":["Rupture","Warcry"],"picked":"Shrug It Off","floor":8},{"not_picked":["Clash","Heavy Blade"],"picked":"Shrug It Off","floor":11},{"not_picked":["Demon Form","Brutality"],"picked":"Impervious","floor":16},{"not_picked":["Pommel Strike","Headbutt"],"picked":"Clothesline","floor":19},{"not_picked":["Entrench","Clothesline"],"picked":"Seeing Red","floor":29},{"not_picked":["Demon Form","Exhume"],"picked":"Barricade","floor":33},{"not_picked":["Anger","Clothesline"],"picked":"Flame Barrier","floor":38},{"not_picked":["Headbutt","Iron Wave"],"picked":"Dropkick","floor":39},{"not_picked":["Clash","Warcry"],"picked":"Inflame","floor":44},{"not_picked":["Armaments","Ghostly Armor"],"picked":"Impervious","floor":47}],"player_experience":149049,"potions_floor_usage":[10,16,16,16,24,36,38,38,41,44,50,50],"damage_taken":[{"damage":6,"enemies":"Cultist","floor":1,"turns":3},{"damage":4,"enemies":"Jaw Worm","floor":2,"turns":4},{"damage":6,"enemies":"Small Slimes","floor":4,"turns":2},{"damage":5,"enemies":"2 Fungi Beasts","floor":5,"turns":3},{"damage":45,"enemies":"Lagavulin","floor":7,"turns":8},{"damage":14,"enemies":"3 Louse","floor":8,"turns":3},{"damage":10,"enemies":"Red Slaver","floor":10,"turns":6},{"damage":1,"enemies":"2 Fungi Beasts","floor":11,"turns":5},{"damage":6,"enemies":"Exordium Wildlife","floor":13,"turns":4},{"damage":17,"enemies":"Lots of Slimes","floor":14,"turns":7},{"damage":24,"enemies":"Hexaghost","floor":16,"turns":11},{"damage":9,"enemies":"Chosen","floor":18,"turns":5},{"damage":9,"enemies":"Shell Parasite","floor":19,"turns":3},{"damage":22,"enemies":"Gremlin Leader","floor":24,"turns":7},{"damage":14,"enemies":"3 Cultists","floor":28,"turns":6},{"damage":0,"enemies":"Sentry and Sphere","floor":29,"turns":4},{"damage":15,"enemies":"Champ","floor":33,"turns":9},{"damage":12,"enemies":"Orb Walker","floor":35,"turns":6},{"damage":33,"enemies":"3 Darklings","floor":36,"turns":11},{"damage":12,"enemies":"4 Shapes","floor":37,"turns":5},{"damage":48,"enemies":"Sphere and 2 Shapes","floor":38,"turns":6},{"damage":0,"enemies":"Maw","floor":39,"turns":9},{"damage":1,"enemies":"4 Shapes","floor":41,"turns":7},{"damage":23,"enemies":"3 Darklings","floor":44,"turns":6},{"damage":12,"enemies":"Maw","floor":47,"turns":8},{"damage":0,"enemies":"Sphere and 2 Shapes","floor":48,"turns":7},{"damage":97,"enemies":"Donu and Deca","floor":50,"turns":6}],"event_choices":[{"event_name":"Golden Shrine","player_choice":"Pray","floor":3,"damage_taken":0},{"event_name":"Forgotten Altar","player_choice":"Shed Blood","floor":20,"damage_taken":0},{"event_name":"Back to Basics","player_choice":"Simplicity","floor":21,"damage_taken":0},{"event_name":"Winding Halls","player_choice":"Embrace Madness","floor":45,"damage_taken":0}],"boss_relics":[{"not_picked":["Black Blood","Pandora\u0027s Box"],"picked":"Philosopher\u0027s Stone"},{"not_picked":["Tiny House","Runic Dome"],"picked":"Runic Cube"}],"potions_floor_spawned":[1,7,8,11,14,18,28,29,33,39,41,44,48],"seed_played":"-3957042230418807230","killed_by":"Donu and Deca","ascension_level":3,"is_trial":false}