{"gold_per_floor":[111,111,122,49,59,90,90,125,125,125,141,106,120,132,132,233,233,233,233,233,33,33,33,33,33],"floor_reached":25,"playtime":1308,"items_purged":[],"score":233,"play_id":"636ad5cf-98d5-4642-97ea-0fc8220de4ef","local_time":"20190308151657","is_ascension_mode":false,"campfire_choices":[{"data":"Carnage","floor":7,"key":"SMITH"},{"floor":10,"key":"REST"},{"floor":15,"key":"REST"},{"data":"Bludgeon","floor":23,"key":"SMITH"}],"neow_cost":"NONE","seed_source_timestamp":184432903957003,"circlet_count":0,"master_deck":["Strike_R","Strike_R","Strike_R","Strike_R","Strike_R","Defend_R","Defend_R","Defend_R","Defend_R","Bash","Brutality","Flex","Carnage+1","Twin Strike","Pummel","Cleave","Warcry","Inflame","Dark Embrace","Inflame","Clothesline","Flex","Bludgeon+1","Spot Weakness"],"relics":["Burning Blood","Magic Flower","Dodecahedron","Nunchaku","Gambling Chip","Ectoplasm","Pen Nib"],"potions_floor_usage":[8,20,24,24,25],"damage_taken":[{"damage":20,"enemies":"Jaw Worm","floor":1,"turns":3},{"damage":16,"enemies":"Small Slimes","floor":3,"turns":2},{"damage":7,"enemies":"2 Louse","floor":5,"turns":2},{"damage":17,"enemies":"Gremlin Nob","floor":6,"turns":4},{"damage":39,"enemies":"Lagavulin","floor":8,"turns":4},{"damage":0,"enemies":"Large Slime","floor":11,"turns":2},{"damage":26,"enemies":"Gremlin Gang","floor":13,"turns":3},{"damage":13,"enemies":"Blue Slaver","floor":14,"turns":2},{"damage":35,"enemies":"Slime Boss","floor":16,"turns":9},{"damage":11,"enemies":"Chosen","floor":18,"turns":3},{"damage":21,"enemies":"3 Byrds","floor":19,"turns":4},{"damage":22,"enemies":"Snake Plant","floor":20,"turns":3},{"damage":45,"enemies":"Book of Stabbing","floor":24,"turns":5},{"damage":22,"enemies":"Shelled Parasite and Fungi","floor":25,"turns":2}],"seed_played":"9083249698717250915","potions_obtained":[{"floor":3,"key":"Dexterity Potion"},{"floor":6,"key":"FearPotion"},{"floor":8,"key":"Dexterity Potion"},{"floor":16,"key":"GamblersBrew"},{"floor":18,"key":"EssenceOfSteel"},{"floor":24,"key":"AttackPotion"}],"is_trial":false,"path_per_floor":["?","?","?"],"character_chosen":"IRONCLAD","items_purchased":["Carnage","Flex","Bludgeon"],"campfire_rested":2,"item_purchase_floors":[4,21,21],"current_hp_per_floor":[66,54,47,47,49,41,41,11,11,35,44,64,47,43,67,41,80,78,66,53,53,53,53,17,0],"gold":33,"neow_bonus":"ONE_RANDOM_RARE_CARD","is_prod":false,"is_daily":false,"chose_seed":false,"campfire_upgraded":2,"win_rate":0.0,"timestamp":1552054617,"path_taken":["M","?","M","$","M","E","R","E","T","R","M","?","M","M","R","BOSS","M","M","M","$","?","R","E","M"],"build_version":"2019-01-23","purchased_purges":0,"victory":false,"max_hp_per_floor":[80,80,80,80,80,80,80,80,80,80,80,80,80,80,80,80,80,80,80,80,80,80,80,80,80],"card_choices":[{"not_picked":["Corruption","Headbutt"],"picked":"Flex","floor":1},{"not_picked":["Searing Blow","Metallicize","Corruption"],"picked":"SKIP","floor":3},{"not_picked":["Uppercut","Body Slam"],"picked":"Twin Strike","floor":5},{"not_picked":["True Grit","Power Through"],"picked":"Pummel","floor":6},{"not_picked":["Entrench","Combust"],"picked":"Cleave","floor":8},{"not_picked":["Thunderclap","Juggernaut"],"picked":"Warcry","floor":11},{"not_picked":["Headbutt","Metallicize"],"picked":"Inflame","floor":13},{"not_picked":["Sword Boomerang","Reckless Charge","Headbutt"],"picked":"SKIP","floor":14},{"not_picked":["Impervious","Juggernaut"],"picked":"Dark Embrace","floor":16},{"not_picked":["Uppercut","Headbutt+1"],"picked":"Inflame","floor":18},{"not_picked":["Corruption+1","Anger","Iron Wave"],"picked":"SKIP","floor":19},{"not_picked":["Armaments","Sword Boomerang"],"picked":"Clothesline","floor":20},{"not_picked":["Hemokinesis","Feel No Pain"],"picked":"Spot Weakness","floor":24}],"player_experience":71535,"relics_obtained":[{"floor":6,"key":"Dodecahedron"},{"floor":8,"key":"Nunchaku"},{"floor":9,"key":"Gambling Chip"},{"floor":24,"key":"Pen Nib"}],"event_choices":[{"damage_healed":0,"gold_gain":0,"player_choice":"Success","damage_taken":12,"relics_obtained":["Magic Flower"],"max_hp_gain":0,"max_hp_loss":0,"event_name":"Scrap Ooze","floor":2,"gold_loss":0},{"damage_healed":20,"gold_gain":0,"player_choice":"Healed","damage_taken":0,"max_hp_gain":0,"max_hp_loss":0,"event_name":"The Cleric","floor":12,"gold_loss":35},{"damage_healed":0,"gold_gain":0,"player_choice":"Ignored","damage_taken":0,"max_hp_gain":0,"max_hp_loss":0,"event_name":"Beggar","floor":22,"gold_loss":0}],"is_beta":false,"boss_relics":[{"not_picked":["Cursed Key","Fusion Hammer"],"picked":"Ectoplasm"}],"items_purged_floors":[],"is_endless":false,"potions_floor_spawned":[3,6,8,16,18,19,24],"killed_by":"Shelled Parasite and Fungi","ascension_level":0}