{"gold_per_floor":[115,115,115,135,135,135,166,181,181,181,191,191,48,62,62,165,165,178,1,13,13,23,23,35,35,35,52,52,52,78,278,278,382,382,392,410,34,44,56,88,88,88,88,108,142,142,159,173,173,173],"floor_reached":51,"playtime":2573,"items_purged":["Strike_B","Strike_B"],"score":993,"play_id":"b418476b-d8f6-450f-a664-951f61111a8f","local_time":"20181014222956","is_ascension_mode":true,"campfire_choices":[{"data":"Buffer","floor":6,"key":"SMITH"},{"data":"Tempest","floor":10,"key":"SMITH"},{"data":"Tempest","floor":12,"key":"SMITH"},{"data":"Defragment","floor":15,"key":"SMITH"},{"data":"Defragment","floor":23,"key":"SMITH"},{"floor":25,"key":"REST"},{"data":"Defragment","floor":28,"key":"SMITH"},{"floor":32,"key":"REST"},{"data":"Echo Form","floor":41,"key":"SMITH"},{"data":"Amplify","floor":49,"key":"SMITH"}],"neow_cost":"CURSE","seed_source_timestamp":10160669185939,"circlet_count":0,"master_deck":["Strike_B","Defend_B","Defend_B","Defend_B","Defend_B","Zap","Dualcast","Leap","Buffer+1","Tempest+1","Tempest+1","Leap","Defragment+1","Ball Lightning","Echo Form+1","Capacitor","Defragment+1","Defragment+1","Auto Shields","Decay","Hello World+1","Creative AI+1","Redo+1","Creative AI+1","Capacitor+1","Auto Shields+1","Consume+1","Amplify+1"],"relics":["FrozenCore","Calipers","Pear","Anchor","Potion Belt","Meat on the Bone","Velvet Choker","Frozen Egg 2","Mummified Hand","Bird Faced Urn","Symbiotic Virus","Shuriken","Gambling Chip","Pocketwatch"],"potions_floor_usage":[27,30,40],"damage_taken":[{"damage":0,"enemies":"Cultist","floor":1,"turns":3},{"damage":0,"enemies":"Jaw Worm","floor":4,"turns":4},{"damage":36,"enemies":"Gremlin Nob","floor":7,"turns":5},{"damage":0,"enemies":"2 Louse","floor":8,"turns":2},{"damage":0,"enemies":"Blue Slaver","floor":11,"turns":3},{"damage":3,"enemies":"Lots of Slimes","floor":14,"turns":3},{"damage":7,"enemies":"Slime Boss","floor":16,"turns":7},{"damage":0,"enemies":"Chosen","floor":18,"turns":3},{"damage":16,"enemies":"Spheric Guardian","floor":20,"turns":4},{"damage":28,"enemies":"3 Cultists","floor":22,"turns":4},{"damage":38,"enemies":"Shelled Parasite and Fungi","floor":24,"turns":5},{"damage":22,"enemies":"Sentry and Sphere","floor":27,"turns":4},{"damage":28,"enemies":"Book of Stabbing","floor":30,"turns":5},{"damage":1,"enemies":"Champ","floor":33,"turns":7},{"damage":1,"enemies":"Orb Walker","floor":35,"turns":4},{"damage":24,"enemies":"3 Shapes","floor":36,"turns":4},{"damage":0,"enemies":"Maw","floor":38,"turns":6},{"damage":0,"enemies":"Spire Growth","floor":39,"turns":6},{"damage":0,"enemies":"Nemesis","floor":40,"turns":7},{"damage":37,"enemies":"4 Shapes","floor":44,"turns":6},{"damage":0,"enemies":"Giant Head","floor":45,"turns":8},{"damage":8,"enemies":"Mind Bloom Boss Battle","floor":46,"turns":6},{"damage":39,"enemies":"3 Darklings","floor":47,"turns":5},{"damage":0,"enemies":"Sphere and 2 Shapes","floor":48,"turns":5},{"damage":2,"enemies":"Time Eater","floor":50,"turns":6}],"seed_played":"3974991414416677370","potions_obtained":[{"floor":8,"key":"EssenceOfSteel"},{"floor":16,"key":"GamblersBrew"},{"floor":24,"key":"SneckoOil"},{"floor":27,"key":"Fire Potion"},{"floor":33,"key":"Poison Potion"},{"floor":39,"key":"GamblersBrew"},{"floor":44,"key":"GamblersBrew"},{"floor":45,"key":"PowerPotion"}],"is_trial":false,"path_per_floor":["M","T","T","M","?","R","E","M","T","R","M","R","$","M","R","B",null,"M","$","M","?","M","R","M","R","T","M","R","?","E","?","R","B",null,"M","M","$","M","M","E","R","?","T","M","E","?","M","M","R","B"],"character_chosen":"DEFECT","items_purchased":["Defragment","Defragment","Bird Faced Urn","Capacitor+1"],"campfire_rested":2,"item_purchase_floors":[13,19,37,37],"current_hp_per_floor":[75,85,85,85,78,78,42,42,42,42,54,54,54,51,51,44,75,75,75,59,59,43,43,17,42,42,32,32,32,16,16,41,52,77,76,52,52,84,85,85,85,85,85,78,85,85,60,85,85,85],"gold":173,"neow_bonus":"ONE_RARE_RELIC","is_prod":false,"is_daily":false,"chose_seed":false,"campfire_upgraded":8,"win_rate":0,"timestamp":1539581396,"path_taken":["M","?","?","M","?","R","E","M","T","R","M","R","?","M","R","BOSS","M","?","M","?","M","R","?","R","T","M","R","?","E","?","R","BOSS","M","M","$","M","?","E","R","?","T","M","E","?","M","?","R","BOSS"],"build_version":"2018-10-11","purchased_purges":2,"victory":true,"max_hp_per_floor":[75,85,85,85,85,85,85,85,85,85,85,85,85,85,85,85,85,85,85,85,85,85,85,85,85,85,85,85,85,85,85,85,85,85,85,85,85,85,85,85,85,85,85,85,85,85,85,85,85,85],"card_choices":[{"not_picked":["Steam","Turbo"],"picked":"Leap","floor":1},{"not_picked":["Recycle","Blizzard"],"picked":"Buffer","floor":4},{"not_picked":["Reinforced Body","Steam"],"picked":"Tempest","floor":7},{"not_picked":["Redo","Compile Driver"],"picked":"Tempest","floor":8},{"not_picked":["Hologram","Steam"],"picked":"Leap","floor":11},{"not_picked":["Go for the Eyes","Conserve Battery"],"picked":"Ball Lightning","floor":14},{"not_picked":["Buffer","Biased Cognition"],"picked":"Echo Form","floor":16},{"not_picked":["Turbo","Sweeping Beam"],"picked":"Capacitor","floor":18},{"not_picked":["Rebound","Rip and Tear","Compile Driver"],"picked":"SKIP","floor":20},{"not_picked":["Doom and Gloom","Stack","Coolheaded"],"picked":"SKIP","floor":22},{"not_picked":["Redo","Rip and Tear"],"picked":"Auto Shields","floor":24},{"not_picked":["Streamline","Rebound","Steam Power"],"picked":"SKIP","floor":27},{"not_picked":["Scrape","Leap+1"],"picked":"Hello World+1","floor":30},{"not_picked":["Rainbow","Biased Cognition+1"],"picked":"Creative AI+1","floor":33},{"not_picked":["Barrage","Hologram"],"picked":"Redo+1","floor":35},{"not_picked":["Rebound+1","Cold Snap+1"],"picked":"Creative AI+1","floor":36},{"not_picked":["Go for the Eyes","Compile Driver+1"],"picked":"Auto Shields+1","floor":38},{"not_picked":["Gash","Scrape+1","Cold Snap+1"],"picked":"SKIP","floor":39},{"not_picked":["Beam Cell","Go for the Eyes","Double Energy"],"picked":"SKIP","floor":40},{"not_picked":["Auto Shields+1","Barrage"],"picked":"Consume+1","floor":44},{"not_picked":["Beam Cell","Cold Snap+1"],"picked":"Amplify","floor":45},{"not_picked":["Redo+1","Go for the Eyes","Compile Driver"],"picked":"SKIP","floor":47},{"not_picked":["Genetic Algorithm+1","Lockon","Streamline"],"picked":"SKIP","floor":48}],"player_experience":260926,"relics_obtained":[{"floor":2,"key":"Pear"},{"floor":3,"key":"Anchor"},{"floor":7,"key":"Potion Belt"},{"floor":9,"key":"Meat on the Bone"},{"floor":26,"key":"Frozen Egg 2"},{"floor":30,"key":"Mummified Hand"},{"floor":40,"key":"Symbiotic Virus"},{"floor":43,"key":"Shuriken"},{"floor":45,"key":"Gambling Chip"},{"floor":46,"key":"Pocketwatch"}],"event_choices":[{"event_name":"Golden Wing","player_choice":"Card Removal","floor":5,"damage_taken":0},{"event_name":"The Library","player_choice":"Read","floor":21,"damage_taken":0},{"event_name":"Forgotten Altar","player_choice":"Smashed Altar","floor":29,"damage_taken":0},{"event_name":"The Joust","player_choice":"Bet on Owner","floor":31,"damage_taken":0},{"event_name":"Falling","player_choice":"Removed Attack","floor":42,"damage_taken":0},{"event_name":"MindBloom","player_choice":"Fight","floor":46,"damage_taken":0}],"is_beta":false,"boss_relics":[{"not_picked":["Empty Cage","Cursed Key"],"picked":"Velvet Choker"},{"not_picked":["Eternal Feather","Calling Bell"],"picked":"FrozenCore"}],"items_purged_floors":[13,19],"is_endless":false,"potions_floor_spawned":[8,16,24,27,33,39,44,45],"ascension_level":5}