{"path_per_floor":["M","?","$","M","?","E","R","M","T","M","M","?","E","M","R","B",null,"M","?","?","M","M","R","M","R","T","R","M","$","E","M","R","B",null,"M","M","$","M","?","R","E","?","T","?","?","M","R","$","R"],"character_chosen":"IRONCLAD","items_purchased":["Whirlwind","Strawberry","Anchor","Strength Potion","Mercury Hourglass","Kunai"],"gold_per_floor":[111,61,61,76,76,108,108,121,189,199,216,246,271,287,287,386,386,400,500,500,514,529,529,543,543,589,589,600,137,168,184,184,282,282,302,321,221,232,332,332,361,661,661,661,708,723,723,154,154,154],"floor_reached":50,"campfire_rested":2,"playtime":2023,"current_hp_per_floor":[78,78,78,78,60,62,62,64,64,66,74,74,65,60,60,23,80,77,77,77,77,66,72,73,79,79,80,80,87,69,71,77,36,87,70,44,44,21,21,70,44,44,44,44,48,14,63,63,71,0],"items_purged":["Defend_R","Defend_R"],"gold":154,"score":527,"play_id":"be7a5b61-ba8f-4f91-abfb-d66c30c6aa26","local_time":"20180423190536","is_prod":false,"is_daily":false,"chose_seed":false,"is_ascension_mode":false,"campfire_upgraded":7,"timestamp":1524503136,"path_taken":["M","?","$","M","?","E","R","M","T","M","M","?","E","M","R","BOSS","M","?","?","M","M","R","M","R","T","R","M","$","E","M","R","BOSS","M","M","$","M","?","R","E","?","T","?","?","M","R","$","R","BOSS"],"build_version":"2018-04-19","seed_source_timestamp":0,"purchased_purges":2,"victory":false,"master_deck":["Strike_R","Strike_R","Strike_R","Strike_R+1","Strike_R","Defend_R","Bash+1","Twin Strike","Anger","Pommel Strike","Iron Wave","Seeing Red","Searing Blow+6","Thunderclap","Offering","Dropkick","Dropkick","Whirlwind+1","Impervious","Dropkick+1","Thinking Ahead","Metallicize+1"],"max_hp_per_floor":[80,80,80,80,80,80,80,80,80,80,80,80,80,80,80,80,80,80,80,80,80,80,80,80,80,80,80,80,87,87,87,87,87,87,87,87,87,87,87,87,87,87,87,87,87,87,87,87,87,87],"relics":["Burning Blood","Regal Pillow","Blood Vial","Juzu Bracelet","Shuriken","Art of War","Bottled Flame","Eternal Feather","Ancient Tea Set","Strawberry","Anchor","Whetstone","Philosopher\u0027s Stone","Self Forming Clay","Frozen Egg 2","Thread and Needle","Mercury Hourglass","Kunai"],"card_choices":[{"not_picked":["True Grit","Battle Trance"],"picked":"Twin Strike","floor":1.0},{"not_picked":["Second Wind","Wild Strike"],"picked":"Anger","floor":4.0},{"not_picked":["Fire Breathing","Wild Strike"],"picked":"Pommel Strike","floor":6.0},{"not_picked":["Body Slam","Power Through"],"picked":"Iron Wave","floor":8.0},{"not_picked":["Havoc","Fire Breathing"],"picked":"Seeing Red","floor":10.0},{"not_picked":["Exhume","Entrench"],"picked":"Searing Blow","floor":11.0},{"not_picked":["Twin Strike","Warcry"],"picked":"Thunderclap","floor":14.0},{"not_picked":["Feed","Brutality"],"picked":"Offering","floor":16.0},{"not_picked":["Wild Strike","Fire Breathing"],"picked":"Dropkick","floor":18.0},{"not_picked":["Shockwave","Anger"],"picked":"Dropkick","floor":24.0},{"not_picked":["Demon Form","Bludgeon"],"picked":"Impervious","floor":33.0},{"not_picked":["Infernal Blade","Heavy Blade"],"picked":"Dropkick","floor":38},{"not_picked":["Enlightenment","Finesse"],"picked":"Thinking Ahead","floor":44},{"not_picked":["Anger","Pommel Strike"],"picked":"Metallicize","floor":45}],"player_experience":415630,"potions_floor_usage":[41,41,46,46,50],"damage_taken":[{"damage":8.0,"enemies":"Small Slimes","floor":1.0,"turns":3.0},{"damage":6.0,"enemies":"2 Louse","floor":4.0,"turns":2.0},{"damage":6.0,"enemies":"Gremlin Nob","floor":6.0,"turns":3.0},{"damage":6.0,"enemies":"Jaw Worm","floor":8.0,"turns":2.0},{"damage":6.0,"enemies":"Large Slime","floor":10.0,"turns":3.0},{"damage":0.0,"enemies":"Exordium Wildlife","floor":11.0,"turns":2.0},{"damage":17.0,"enemies":"3 Sentries","floor":13.0,"turns":6.0},{"damage":13.0,"enemies":"Red Slaver","floor":14.0,"turns":3.0},{"damage":45.0,"enemies":"Hexaghost","floor":16.0,"turns":6.0},{"damage":9.0,"enemies":"Spheric Guardian","floor":18.0,"turns":3.0},{"damage":8.0,"enemies":"3 Byrds","floor":21.0,"turns":4.0},{"damage":19.0,"enemies":"Snecko","floor":22.0,"turns":3.0},{"damage":7.0,"enemies":"Cultist and Chosen","floor":24.0,"turns":4.0},{"damage":3.0,"enemies":"Centurion and Healer","floor":28.0,"turns":5.0},{"damage":24.0,"enemies":"Book of Stabbing","floor":30.0,"turns":3.0},{"damage":6.0,"enemies":"Snake Plant","floor":31.0,"turns":2.0},{"damage":49.0,"enemies":"Collector","floor":33.0,"turns":4.0},{"damage":23,"enemies":"3 Shapes","floor":35,"turns":3},{"damage":34,"enemies":"3 Darklings","floor":36,"turns":3},{"damage":31,"enemies":"Maw","floor":38,"turns":5},{"damage":40,"enemies":"2 Orb Walkers","floor":41,"turns":3},{"damage":4,"enemies":"Mysterious Sphere","floor":45,"turns":1},{"damage":42,"enemies":"Sphere and 2 Shapes","floor":46,"turns":4},{"damage":74,"enemies":"Awakened One","floor":50,"turns":8}],"event_choices":[{"event_name":"The Cleric","player_choice":"Card Removal","floor":2.0,"damage_taken":0.0},{"event_name":"Scrap Ooze","player_choice":"success","floor":5.0,"damage_taken":18.0},{"event_name":"Dead Adventurer","player_choice":"Searched \u00272\u0027 times","floor":12.0,"damage_taken":0.0},{"event_name":"Golden Shrine","player_choice":"Pray","floor":19.0,"damage_taken":0.0},{"event_name":"Ghosts","player_choice":"Ignored","floor":20.0,"damage_taken":0.0},{"event_name":"Golden Shrine","player_choice":"Pray","floor":39,"damage_taken":0},{"event_name":"Wheel of Change","player_choice":"Gold","floor":42,"damage_taken":0},{"event_name":"SensoryStone","player_choice":"Memory 1","floor":44,"damage_taken":0},{"event_name":"Mysterious Sphere","player_choice":"Fight","floor":45,"damage_taken":0}],"boss_relics":[{"not_picked":["Calling Bell","Black Star"],"picked":"Philosopher\u0027s Stone"}],"potions_floor_spawned":[1,4,10,14,18,21,22,31,36,45],"seed_played":"4834792870395570184","killed_by":"Awakened One","ascension_level":0,"is_trial":false}