{"path_per_floor":["M","M","$","?","?","E","M","R","T","M","?","E","M","M","R"],"character_chosen":"IRONCLAD","items_purchased":["Flame Barrier"],"gold_per_floor":[111,130,58,113,113,141,158,158,158,168,168,198,214,233,233,233],"floor_reached":16,"campfire_rested":2,"playtime":524,"current_hp_per_floor":[80,76,76,76,76,23,16,40,40,36,36,38,36,12,36,0],"items_purged":[],"gold":233,"score":123,"play_id":"cb816558-df28-4b70-9c30-6a090d53f24e","local_time":"20180328000709","is_prod":false,"is_daily":false,"is_ascension_mode":true,"campfire_upgraded":0,"timestamp":1522217229,"path_taken":["M","M","$","?","?","E","M","R","T","?","?","E","?","M","R","BOSS"],"build_version":"2018-03-22v2","purchased_purges":0,"victory":false,"master_deck":["Strike_R","Strike_R","Strike_R","Strike_R","Strike_R","Defend_R","Defend_R","Defend_R","Defend_R","Bash","Searing Blow","Power Through","Flame Barrier","Twin Strike","Sentinel","Cleave","Decay","Cleave","Thunderclap","Ghostly Armor"],"max_hp_per_floor":[80,80,80,80,80,80,80,80,80,80,80,80,80,80,80,80],"relics":["Burning Blood","Happy Flower","Paper Frog","Bottled Flame"],"card_choices":[{"not_picked":["Twin Strike","Sword Boomerang"],"picked":"Searing Blow","floor":1},{"not_picked":["Anger","Bludgeon"],"picked":"Power Through","floor":2},{"not_picked":["Clothesline","Intimidate"],"picked":"Twin Strike","floor":6},{"not_picked":["Iron Wave","Inflame"],"picked":"Sentinel","floor":7},{"not_picked":["Headbutt","Flex"],"picked":"Cleave","floor":10},{"not_picked":["Reaper","Carnage"],"picked":"Cleave","floor":12},{"not_picked":["Clash","Hemokinesis"],"picked":"Thunderclap","floor":13},{"not_picked":["Combust","Corruption"],"picked":"Ghostly Armor","floor":14}],"player_experience":223148,"potions_floor_usage":[12,12,12,16],"damage_taken":[{"damage":1,"enemies":"Cultist","floor":1,"turns":4},{"damage":10,"enemies":"2 Louse","floor":2,"turns":3},{"damage":59,"enemies":"Lagavulin","floor":6,"turns":9},{"damage":13,"enemies":"Jaw Worm","floor":7,"turns":5},{"damage":10,"enemies":"3 Louse","floor":10,"turns":4},{"damage":4,"enemies":"Gremlin Nob","floor":12,"turns":3},{"damage":8,"enemies":"Exordium Thugs","floor":13,"turns":3},{"damage":30,"enemies":"Large Slime","floor":14,"turns":5},{"damage":41,"enemies":"Hexaghost","floor":16,"turns":11}],"event_choices":[{"event_name":"Golden Wing","player_choice":"Gained Gold","floor":4,"damage_taken":0},{"event_name":"The Woman in Blue","player_choice":"Bought 0 Potions","floor":5,"damage_taken":0},{"event_name":"Wheel of Change","player_choice":"Curse","floor":11,"damage_taken":0}],"boss_relics":[],"potions_floor_spawned":[2,7,10,14],"seed_played":"-5846774347300970491","killed_by":"Hexaghost","ascension_level":2,"is_trial":false}