{"path_per_floor":["M","$","M","M","?","R","E","R","T","T","R","E","?","M","R","B",null,"M","$","?","M","M","R","E","R","T","E","?","R","?","E","R","B",null,"M","$","?","?","M","E"],"character_chosen":"IRONCLAD","items_purchased":["Perfected Strike","Shrug It Off"],"gold_per_floor":[15,15,35,49,49,49,82,82,82,82,82,115,65,84,84,181,181,192,94,94,110,121,121,150,150,150,179,94,94,19,47,47,149,179,196,42,42,42,54,89,89],"floor_reached":41,"campfire_rested":2,"playtime":1254,"current_hp_per_floor":[80,80,80,80,73,73,48,48,48,48,48,30,30,30,69,18,80,80,80,65,71,77,77,64,64,70,68,68,68,68,63,91,55,96,96,96,84,84,61,35,0],"items_purged":["Defend_R","Defend_R"],"gold":89,"score":558,"play_id":"16fe7341-c95a-4e13-8302-df2414c36c79","local_time":"20180324173306","is_prod":false,"is_daily":false,"is_ascension_mode":true,"campfire_upgraded":6,"timestamp":1521934386,"path_taken":["M","$","M","M","?","R","E","R","T","?","R","E","?","M","R","BOSS","M","$","?","M","M","R","E","R","T","E","?","R","?","E","R","BOSS","M","$","?","?","M","E","?"],"build_version":"2018-03-22v2","purchased_purges":2,"victory":false,"master_deck":["Strike_R","Strike_R","Strike_R","Strike_R","Bash+1","Double Tap+1","Sword Boomerang","Clash+1","Sword Boomerang+1","Spot Weakness","Carnage","Sword Boomerang+1","Feed","Pummel+1","Perfected Strike+1","Dropkick","Wild Strike","Clumsy","Anger+1","Sword Boomerang","Bludgeon","Perfected Strike","Heavy Blade","Shrug It Off+1","Madness+1","Madness+1","Iron Wave+1","Headbutt+1"],"max_hp_per_floor":[80,80,80,80,80,80,80,80,80,80,80,80,80,80,80,80,80,80,80,85,85,85,85,85,85,91,91,91,91,91,91,91,91,96,96,96,96,96,96,103,103],"relics":["Burning Blood","Darkstone Periapt","Regal Pillow","Bird Faced Urn","Champion Belt","Oddly Smooth Stone","Cursed Key","Toxic Egg 2","Du-Vu Doll","Centennial Puzzle","Kunai","Bag of Preparation","Tiny House","Strawberry"],"card_choices":[{"not_picked":["Fiend Fire","Reaper"],"picked":"Double Tap","floor":0},{"not_picked":["Blood for Blood","Anger"],"picked":"Sword Boomerang","floor":1},{"not_picked":["Headbutt","Warcry"],"picked":"Clash","floor":3},{"not_picked":["Rage","True Grit"],"picked":"Sword Boomerang","floor":4},{"not_picked":["Havoc","Burning Pact"],"picked":"Spot Weakness","floor":7},{"not_picked":["True Grit","Offering"],"picked":"Carnage","floor":12},{"not_picked":["Wild Strike","Bloodletting"],"picked":"Sword Boomerang","floor":14},{"not_picked":["Exhume","Fiend Fire"],"picked":"Feed","floor":16},{"not_picked":["Cleave","Body Slam"],"picked":"Pummel","floor":18},{"not_picked":["Flex","Body Slam"],"picked":"Dropkick","floor":21},{"not_picked":["Body Slam","Corruption"],"picked":"Wild Strike","floor":24},{"not_picked":["Wild Strike","Fire Breathing"],"picked":"Anger","floor":27},{"not_picked":["Armaments","Berserk"],"picked":"Sword Boomerang","floor":31},{"not_picked":["Juggernaut","Brutality"],"picked":"Bludgeon","floor":33},{"not_picked":["Cleave","Pommel Strike"],"picked":"Perfected Strike","floor":34},{"not_picked":["Carnage","Armaments"],"picked":"Heavy Blade","floor":35},{"not_picked":["Bloodletting","Carnage"],"picked":"Iron Wave","floor":39},{"not_picked":["Bloodletting","Entrench"],"picked":"Headbutt","floor":40}],"player_experience":206418,"potions_floor_usage":[16,24,31,33,33,35,40,40,40],"damage_taken":[{"damage":0,"enemies":"Small Slimes","floor":1,"turns":3},{"damage":6,"enemies":"2 Louse","floor":3,"turns":2},{"damage":0,"enemies":"Cultist","floor":4,"turns":2},{"damage":31,"enemies":"Lagavulin","floor":7,"turns":5},{"damage":24,"enemies":"Gremlin Nob","floor":12,"turns":4},{"damage":6,"enemies":"Exordium Wildlife","floor":14,"turns":3},{"damage":57,"enemies":"The Guardian","floor":16,"turns":10},{"damage":0,"enemies":"Chosen","floor":18,"turns":2},{"damage":0,"enemies":"Spheric Guardian","floor":21,"turns":2},{"damage":0,"enemies":"Snecko","floor":22,"turns":2},{"damage":19,"enemies":"Gremlin Leader","floor":24,"turns":5},{"damage":8,"enemies":"Book of Stabbing","floor":27,"turns":2},{"damage":17,"enemies":"Gremlin Leader","floor":31,"turns":5},{"damage":42,"enemies":"Collector","floor":33,"turns":7},{"damage":0,"enemies":"Orb Walker","floor":35,"turns":1},{"damage":29,"enemies":"3 Shapes","floor":39,"turns":3},{"damage":48,"enemies":"Nemesis","floor":40,"turns":5},{"damage":41,"enemies":"Maw","floor":41,"turns":5}],"event_choices":[{"event_name":"Scrap Ooze","player_choice":"success","floor":5,"damage_taken":7},{"event_name":"The Cleric","player_choice":"Card Removal","floor":13,"damage_taken":0},{"event_name":"Forgotten Altar","player_choice":"Shed Blood","floor":20,"damage_taken":0},{"event_name":"Addict","player_choice":"Obtained Relic","floor":28,"damage_taken":0},{"event_name":"Beggar","player_choice":"Gave Gold","floor":30,"damage_taken":0},{"event_name":"Winding Halls","player_choice":"Embrace Madness","floor":37,"damage_taken":0}],"boss_relics":[{"not_picked":["Black Blood","Runic Dome"],"picked":"Cursed Key"},{"not_picked":["Pandora\u0027s Box","Mark of Pain"],"picked":"Tiny House"}],"potions_floor_spawned":[7,14,16,18,22,27,33,35,39],"seed_played":"-2856918092813656715","killed_by":"Maw","ascension_level":1,"is_trial":false}