{"gold_per_floor":[114,129,144,159,113,143,173,188,188,203,233,71,86,116,116,216,216,231,246,273,300,327,369,381,393,430,472,499,526,553,580,592,704,716,743,51,51,51,66,96,126,141,141,141,171,171,201,216,216,216],"floor_reached":51,"playtime":4772,"items_purged":[],"score":1045,"play_id":"9c7b2f8d-9fc5-47d3-8801-7a14d752a497","local_time":"20190211025915","daily_mods":["Specialized","Vintage","Terminal"],"is_ascension_mode":false,"campfire_choices":[{"floor":15,"key":"DIG"},{"floor":25,"key":"DIG"},{"floor":32,"key":"DIG"},{"floor":44,"key":"DIG"},{"floor":46,"key":"DIG"},{"floor":49,"key":"DIG"}],"neow_cost":"","seed_source_timestamp":0,"circlet_count":0,"master_deck":["Defend_G","Defend_G","Defend_G","Defend_G","Defend_G","Strike_G","Strike_G","Strike_G","Strike_G+1","Strike_G","Survivor","Neutralize+1","Crippling Poison","Crippling Poison","Crippling Poison","Crippling Poison","Crippling Poison","Quick Slash","Cloak And Dagger","Backstab","Venomology","Adrenaline","Bullet Time","Slice+1","Slice","After Image","Slice+1","All Out Attack+1","Good Instincts","Panacea","Panache","Slice+1","Backflip","Quick Slash+1","Madness","Madness","Backflip+1","Skewer+1","Wraith Form v2+1","Slice+1"],"special_seed":17938,"relics":["Ring of the Snake","Tingsha","Mummified Hand","Shuriken","Torii","WingedGreaves","Shovel","Snake Skull","Meat on the Bone","Question Card","Ginger","Smiling Mask","Juzu Bracelet","Bag of Preparation","Runic Pyramid","Letter Opener","MawBank","Orichalcum","Potion Belt","Bottled Flame","Matryoshka","Blue Candle","The Courier","Happy Flower","Omamori","Pen Nib","Oddly Smooth Stone","Molten Egg 2","Regal Pillow","Dream Catcher","Lizard Tail","Bag of Marbles","Pantograph","Mercury Hourglass","Frozen Egg 2","Dodecahedron","Bronze Scales","Incense Burner","Whetstone","Dead Branch","Anchor","Lantern","Ancient Tea Set","Singing Bowl","Gremlin Horn"],"potions_floor_usage":[4,14,16,20,21,27,29,30,33,33,35,40,41,45,47,48,50],"damage_taken":[{"damage":1,"enemies":"Cultist","floor":1,"turns":4},{"damage":0,"enemies":"Jaw Worm","floor":2,"turns":4},{"damage":0,"enemies":"2 Louse","floor":3,"turns":2},{"damage":2,"enemies":"Large Slime","floor":4,"turns":5},{"damage":27,"enemies":"Lagavulin","floor":6,"turns":6},{"damage":3,"enemies":"3 Sentries","floor":7,"turns":6},{"damage":1,"enemies":"Gremlin Gang","floor":8,"turns":4},{"damage":7,"enemies":"2 Fungi Beasts","floor":10,"turns":4},{"damage":14,"enemies":"Gremlin Nob","floor":11,"turns":5},{"damage":2,"enemies":"Blue Slaver","floor":13,"turns":3},{"damage":8,"enemies":"Lagavulin","floor":14,"turns":6},{"damage":1,"enemies":"The Guardian","floor":16,"turns":8},{"damage":1,"enemies":"3 Byrds","floor":18,"turns":4},{"damage":0,"enemies":"2 Thieves","floor":19,"turns":2},{"damage":0,"enemies":"Centurion and Healer","floor":20,"turns":5},{"damage":0,"enemies":"3 Cultists","floor":21,"turns":3},{"damage":0,"enemies":"Chosen and Byrds","floor":22,"turns":4},{"damage":1,"enemies":"Gremlin Leader","floor":23,"turns":5},{"damage":0,"enemies":"Book of Stabbing","floor":27,"turns":5},{"damage":0,"enemies":"Sentry and Sphere","floor":28,"turns":4},{"damage":2,"enemies":"Snake Plant","floor":29,"turns":4},{"damage":0,"enemies":"Centurion and Healer","floor":30,"turns":2},{"damage":1,"enemies":"Cultist and Chosen","floor":31,"turns":5},{"damage":32,"enemies":"Collector","floor":33,"turns":8},{"damage":1,"enemies":"3 Darklings","floor":35,"turns":3},{"damage":0,"enemies":"Orb Walker","floor":39,"turns":3},{"damage":2,"enemies":"Nemesis","floor":40,"turns":5},{"damage":2,"enemies":"Reptomancer","floor":41,"turns":5},{"damage":0,"enemies":"Sphere and 2 Shapes","floor":42,"turns":3},{"damage":1,"enemies":"Nemesis","floor":45,"turns":3},{"damage":0,"enemies":"Giant Head","floor":47,"turns":4},{"damage":0,"enemies":"Maw","floor":48,"turns":4},{"damage":0,"enemies":"Donu and Deca","floor":50,"turns":5}],"seed_played":"6339212738474030288","potions_obtained":[{"floor":3,"key":"Fire Potion"},{"floor":7,"key":"SpeedPotion"},{"floor":13,"key":"Poison Potion"},{"floor":14,"key":"Poison Potion"},{"floor":19,"key":"Strength Potion"},{"floor":21,"key":"LiquidBronze"},{"floor":22,"key":"Block Potion"},{"floor":33,"key":"Swift Potion"},{"floor":42,"key":"Fire Potion"},{"floor":45,"key":"EntropicBrew"}],"is_trial":false,"path_per_floor":["M","M","M","M","$","E","E","M","T","M","E","$","M","E","R","B",null,"M","M","M","M","M","E","?","R","T","E","M","M","M","M","R","B",null,"M","$","?","?","M","E","E","M","T","R","E","R","E","M","R","B",null],"character_chosen":"THE_SILENT","items_purchased":["Quick Slash","Venomology","Slice+1","All Out Attack+1","Good Instincts","Panacea","Panache","Pantograph","Dagger Spray+1","Slice+1","Backflip","Quick Slash+1"],"campfire_rested":0,"item_purchase_floors":[5,12,36,36,36,36,36,36,36,36,36,36],"current_hp_per_floor":[68,67,66,64,64,37,34,33,33,38,36,36,34,38,38,37,52,51,50,49,48,47,46,45,44,43,42,41,39,39,38,37,17,35,34,33,32,28,28,26,24,24,24,24,23,23,22,21,20,19],"gold":216,"neow_bonus":"","is_prod":false,"is_daily":true,"chose_seed":false,"campfire_upgraded":0,"win_rate":0,"timestamp":1549850355,"path_taken":["M","M","M","M","$","E","E","M","T","M","E","?","M","E","R","BOSS","M","M","M","M","M","E","?","R","T","E","M","M","M","M","R","BOSS","M","$","?","?","M","E","E","M","T","R","E","R","E","M","R","BOSS"],"build_version":"2019-02-06","purchased_purges":0,"victory":true,"max_hp_per_floor":[68,67,66,65,64,63,62,61,60,59,58,57,56,55,54,53,52,51,50,49,48,47,46,45,44,43,42,41,40,39,38,37,36,35,34,33,32,31,30,29,28,27,26,25,24,23,22,21,20,19],"card_choices":[{"not_picked":["Bane","Poisoned Stab"],"picked":"Cloak And Dagger","floor":6},{"not_picked":["Deadly Poison","Acrobatics","Concentrate"],"picked":"SKIP","floor":7},{"not_picked":["Deadly Poison","Acrobatics","Concentrate"],"picked":"SKIP","floor":7},{"not_picked":["Deadly Poison","Acrobatics","Concentrate"],"picked":"SKIP","floor":7},{"not_picked":["Dagger Spray","Underhanded Strike","Prepared"],"picked":"Backstab","floor":11},{"not_picked":["Poisoned Stab","Flying Knee","Finisher"],"picked":"Adrenaline","floor":14},{"not_picked":["Corpse Explosion","Envenom","Die Die Die"],"picked":"Bullet Time","floor":16},{"not_picked":["All Out Attack","Dodge and Roll","Leg Sweep+1"],"picked":"Slice+1","floor":23},{"not_picked":["Prepared","Acrobatics","Poisoned Stab+1"],"picked":"Slice","floor":27},{"not_picked":["Die Die Die+1","Envenom","Doppelganger"],"picked":"After Image","floor":33},{"not_picked":["Crippling Poison","Dagger Spray+1","Finisher+1"],"picked":"Backflip+1","floor":40},{"not_picked":["Eviscerate+1","Dodge and Roll","Bane+1"],"picked":"Skewer+1","floor":41},{"not_picked":["Poisoned Stab+1","Phantasmal Killer","Venomology"],"picked":"Wraith Form v2+1","floor":45},{"not_picked":["Bane+1","Backflip","Outmaneuver"],"picked":"Slice+1","floor":47}],"player_experience":1193444,"relics_obtained":[{"floor":1,"key":"Tingsha"},{"floor":2,"key":"Mummified Hand"},{"floor":3,"key":"Shuriken"},{"floor":4,"key":"Torii"},{"floor":6,"key":"WingedGreaves"},{"floor":7,"key":"Shovel"},{"floor":8,"key":"Snake Skull"},{"floor":9,"key":"Meat on the Bone"},{"floor":10,"key":"Question Card"},{"floor":11,"key":"Ginger"},{"floor":13,"key":"Smiling Mask"},{"floor":14,"key":"Juzu Bracelet"},{"floor":15,"key":"Bag of Preparation"},{"floor":18,"key":"Letter Opener"},{"floor":19,"key":"MawBank"},{"floor":20,"key":"Orichalcum"},{"floor":21,"key":"Potion Belt"},{"floor":22,"key":"Bottled Flame"},{"floor":23,"key":"Matryoshka"},{"floor":25,"key":"Blue Candle"},{"floor":26,"key":"The Courier"},{"floor":26,"key":"Happy Flower"},{"floor":27,"key":"Omamori"},{"floor":28,"key":"Pen Nib"},{"floor":29,"key":"Oddly Smooth Stone"},{"floor":30,"key":"Molten Egg 2"},{"floor":31,"key":"Regal Pillow"},{"floor":32,"key":"Dream Catcher"},{"floor":35,"key":"Bag of Marbles"},{"floor":39,"key":"Mercury Hourglass"},{"floor":40,"key":"Frozen Egg 2"},{"floor":41,"key":"Dodecahedron"},{"floor":42,"key":"Bronze Scales"},{"floor":43,"key":"Incense Burner"},{"floor":43,"key":"Whetstone"},{"floor":44,"key":"Dead Branch"},{"floor":45,"key":"Anchor"},{"floor":46,"key":"Lantern"},{"floor":47,"key":"Ancient Tea Set"},{"floor":48,"key":"Singing Bowl"},{"floor":49,"key":"Gremlin Horn"}],"event_choices":[{"damage_healed":0,"gold_gain":0,"player_choice":"Ignored","damage_taken":0,"max_hp_gain":0,"max_hp_loss":0,"event_name":"N\u0027loth","floor":24,"gold_loss":0},{"cards_removed":["Dagger Spray"],"damage_healed":0,"gold_gain":0,"player_choice":"Removed Attack","damage_taken":0,"max_hp_gain":0,"max_hp_loss":0,"event_name":"Falling","floor":37,"gold_loss":0},{"damage_healed":0,"gold_gain":0,"player_choice":"Embrace Madness","damage_taken":4,"max_hp_gain":0,"max_hp_loss":0,"event_name":"Winding Halls","floor":38,"gold_loss":0,"cards_obtained":["Madness","Madness"]}],"is_beta":true,"boss_relics":[{"not_picked":["Runic Dome","White Beast Statue"],"picked":"Runic Pyramid"},{"not_picked":["Black Star","Snecko Eye"],"picked":"Lizard Tail"}],"items_purged_floors":[],"is_endless":false,"potions_floor_spawned":[3,7,13,14,19,21,22,29,33,39,42,45],"ascension_level":0}