{"gold_per_floor":[114,133,145,16,33,33,59,79,154,154,173,185,185,202,202,302,302,289,299,299,299,315,315,315,17,17,33,33,61,86,100,100,205,205,220,220,47,60,160,160,0,10,10,10,21,21,37,54,54,54,54,54,18,47,47],"floor_reached":56,"playtime":3010,"items_purged":["Strike_B","Defend_B"],"score":1223,"play_id":"9e1c6220-8c52-471f-951e-da30e92a7faa","local_time":"20181101235204","is_ascension_mode":true,"campfire_choices":[{"data":"Defragment","floor":6,"key":"SMITH"},{"data":"Defragment","floor":10,"key":"SMITH"},{"data":"Zap","floor":13,"key":"SMITH"},{"data":"Hologram","floor":15,"key":"SMITH"},{"data":"Creative AI","floor":24,"key":"SMITH"},{"floor":32,"key":"REST"},{"data":"Defragment","floor":40,"key":"SMITH"},{"data":"Biased Cognition","floor":44,"key":"SMITH"},{"floor":49,"key":"RECALL"},{"data":"Glacier","floor":52,"key":"SMITH"}],"neow_cost":"NONE","seed_source_timestamp":1946199815493560,"circlet_count":0,"master_deck":["Defend_B","Defend_B","Defend_B","Zap+1","Dualcast","Hologram+1","Scrape","Glacier+1","Defragment+1","Beam Cell","Gash","Defragment+1","Core Surge","Go for the Eyes","Creative AI+1","Skim+1","Thunder Strike","Electrodynamics","Cold Snap+1","Force Field+1","Bandage Up+1","Scrape","Hologram+1","Double Energy+1","Stack+1","Amplify+1","Chill+1","Defragment+1","Panacea+1","Heatsinks+1","Biased Cognition+1","Parasite","Cold Snap+1","Consume+1"],"relics":["Cracked Core","Pear","Toxic Egg 2","Nuclear Battery","Pantograph","Torii","Inserter","Pocketwatch","Red Mask","Meat on the Bone","Oddly Smooth Stone"],"potions_floor_usage":[19,27,55,55],"damage_taken":[{"damage":0,"enemies":"Small Slimes","floor":1,"turns":3},{"damage":1,"enemies":"Jaw Worm","floor":2,"turns":3},{"damage":0,"enemies":"2 Louse","floor":3,"turns":3},{"damage":20,"enemies":"Large Slime","floor":5,"turns":7},{"damage":0,"enemies":"3 Sentries","floor":7,"turns":15},{"damage":0,"enemies":"Blue Slaver","floor":8,"turns":4},{"damage":1,"enemies":"2 Fungi Beasts","floor":11,"turns":3},{"damage":0,"enemies":"Exordium Thugs","floor":12,"turns":4},{"damage":7,"enemies":"Blue Slaver","floor":14,"turns":3},{"damage":8,"enemies":"The Guardian","floor":16,"turns":10},{"damage":11,"enemies":"2 Thieves","floor":18,"turns":4},{"damage":3,"enemies":"3 Byrds","floor":19,"turns":4},{"damage":30,"enemies":"Snake Plant","floor":22,"turns":4},{"damage":0,"enemies":"3 Cultists","floor":27,"turns":3},{"damage":25,"enemies":"Gremlin Leader","floor":29,"turns":8},{"damage":24,"enemies":"Centurion and Healer","floor":31,"turns":5},{"damage":24,"enemies":"Champ","floor":33,"turns":13},{"damage":13,"enemies":"3 Shapes","floor":35,"turns":7},{"damage":17,"enemies":"3 Darklings","floor":38,"turns":6},{"damage":3,"enemies":"Mind Bloom Boss Battle","floor":39,"turns":9},{"damage":0,"enemies":"Maw","floor":42,"turns":8},{"damage":0,"enemies":"4 Shapes","floor":45,"turns":4},{"damage":13,"enemies":"Writhing Mass","floor":47,"turns":7},{"damage":9,"enemies":"Spire Growth","floor":48,"turns":5},{"damage":14,"enemies":"Time Eater","floor":50,"turns":9},{"damage":24,"enemies":"Shield and Spear","floor":54,"turns":13},{"damage":36,"enemies":"The Heart","floor":55,"turns":10}],"seed_played":"-2287891500431998995","potions_obtained":[{"floor":2,"key":"Weak Potion"},{"floor":5,"key":"PowerPotion"},{"floor":11,"key":"Weak Potion"},{"floor":16,"key":"LiquidBronze"},{"floor":22,"key":"Explosive Potion"},{"floor":31,"key":"Swift Potion"},{"floor":47,"key":"PowerPotion"}],"is_trial":false,"path_per_floor":["M","M","M","$","M","R","E","M","T","R","M","M","R","M","R","B",null,"M","M","?","?","M","?","R","$","T","M","?","E","T","M","R","B",null,"M","?","$","M","?","R","?","M","T","R","M","$","M","M","R","B",null,"R","$","E","B",null],"character_chosen":"DEFECT","items_purchased":["Beam Cell","Force Field+1","Bandage Up+1","Scrape","Defragment","Panacea+1","Consume+1"],"campfire_rested":1,"item_purchase_floors":[4,25,25,25,37,37,53],"current_hp_per_floor":[75,74,74,74,54,54,64,64,64,64,63,63,63,56,56,48,85,74,71,71,71,41,41,41,41,41,41,41,22,22,4,29,36,85,78,78,78,67,85,85,85,85,85,85,85,85,78,75,75,71,85,85,85,67,55],"gold":47,"neow_bonus":"THREE_CARDS","is_prod":false,"is_daily":false,"chose_seed":false,"campfire_upgraded":8,"win_rate":0,"timestamp":1541130724,"path_taken":["M","M","M","$","M","R","E","M","T","R","M","M","R","M","R","BOSS","M","M","?","?","M","?","R","$","T","M","?","E","?","M","R","BOSS","M","?","$","M","?","R","?","M","T","R","M","?","M","M","R","BOSS","R","$","E","BOSS"],"build_version":"2018-11-01v2","purchased_purges":2,"victory":true,"max_hp_per_floor":[75,75,75,75,75,75,85,85,85,85,85,85,85,85,85,85,85,85,85,85,85,85,85,85,85,85,85,85,85,85,85,85,85,85,85,85,85,85,85,85,85,85,85,85,85,85,85,85,85,85,85,85,85,85,85],"card_choices":[{"not_picked":["Redo","Barrage"],"picked":"Hologram","floor":0},{"not_picked":["Gash","Glacier"],"picked":"Scrape","floor":1},{"not_picked":["Chaos","Double Energy"],"picked":"Glacier","floor":2},{"not_picked":["Reprogram","Ball Lightning"],"picked":"Defragment","floor":3},{"not_picked":["Steam","Turbo"],"picked":"Gash","floor":5},{"not_picked":["Cold Snap","Lockon"],"picked":"Defragment","floor":7},{"not_picked":["Streamline","Self Repair","Compile Driver"],"picked":"SKIP","floor":8},{"not_picked":["Steam Power+1","Streamline"],"picked":"Core Surge","floor":11},{"not_picked":["Reinforced Body+1","Barrage","Tempest+1"],"picked":"SKIP","floor":12},{"not_picked":["Streamline","Sunder"],"picked":"Go for the Eyes","floor":14},{"not_picked":["Multi-Cast+1","Electrodynamics"],"picked":"Creative AI","floor":16},{"not_picked":["Go for the Eyes","Storm","Ball Lightning"],"picked":"SKIP","floor":18},{"not_picked":["Leap+1","Ball Lightning"],"picked":"Skim+1","floor":19},{"not_picked":["Barrage+1","Hello World+1"],"picked":"Cold Snap+1","floor":22},{"not_picked":["Hyperbeam","Conserve Battery+1"],"picked":"Hologram+1","floor":27},{"not_picked":["Sweeping Beam","Beam Cell+1"],"picked":"Double Energy+1","floor":29},{"not_picked":["Hologram+1","Beam Cell"],"picked":"Stack+1","floor":31},{"not_picked":["Rainbow+1","Creative AI"],"picked":"Amplify+1","floor":33},{"not_picked":["Reinforced Body+1","Hologram+1"],"picked":"Chill+1","floor":35},{"not_picked":["Leap+1","Sweeping Beam","Streamline+1"],"picked":"SKIP","floor":38},{"not_picked":["Barrage+1","Ball Lightning"],"picked":"Heatsinks+1","floor":39},{"not_picked":["Redo+1","Beam Cell+1"],"picked":"Biased Cognition","floor":42},{"not_picked":["Redo+1","Blizzard+1","Turbo+1"],"picked":"SKIP","floor":45},{"not_picked":["Go for the Eyes+1","Streamline+1"],"picked":"Cold Snap+1","floor":47},{"not_picked":["Sunder","Coolheaded+1","Genetic Algorithm+1"],"picked":"SKIP","floor":48},{"not_picked":["Conserve Battery+1","Beam Cell+1","Tempest+1"],"picked":"SKIP","floor":54}],"player_experience":325025,"relics_obtained":[{"floor":7,"key":"Pear"},{"floor":9,"key":"Toxic Egg 2"},{"floor":26,"key":"Pantograph"},{"floor":29,"key":"Torii"},{"floor":39,"key":"Pocketwatch"},{"floor":43,"key":"Meat on the Bone"},{"floor":54,"key":"Oddly Smooth Stone"}],"event_choices":[{"damage_healed":0,"gold_gain":0,"player_choice":"Ignored","damage_taken":0,"max_hp_gain":0,"max_hp_loss":0,"event_name":"Ghosts","floor":20,"gold_loss":0},{"damage_healed":0,"gold_gain":0,"cards_transformed":["Strike_B","Strike_B"],"player_choice":"Became Test Subject","damage_taken":0,"max_hp_gain":0,"max_hp_loss":0,"event_name":"Drug Dealer","floor":21,"gold_loss":0,"cards_obtained":["Thunder Strike","Electrodynamics"]},{"cards_removed":["Strike_B"],"damage_healed":0,"gold_gain":0,"player_choice":"Elegance","damage_taken":0,"max_hp_gain":0,"max_hp_loss":0,"event_name":"Back to Basics","floor":23,"gold_loss":0},{"damage_healed":0,"gold_gain":0,"player_choice":"Ignored","damage_taken":0,"max_hp_gain":0,"max_hp_loss":0,"event_name":"Cursed Tome","floor":28,"gold_loss":0},{"damage_healed":0,"gold_gain":0,"player_choice":"Ignored","damage_taken":0,"max_hp_gain":0,"max_hp_loss":0,"event_name":"Mysterious Sphere","floor":36,"gold_loss":0},{"damage_healed":0,"gold_gain":0,"player_choice":"Fight","damage_taken":0,"max_hp_gain":0,"max_hp_loss":0,"event_name":"MindBloom","floor":39,"gold_loss":0},{"damage_healed":0,"gold_gain":0,"player_choice":"Paid","damage_taken":0,"relics_obtained":["Red Mask"],"max_hp_gain":0,"max_hp_loss":0,"event_name":"Tomb of Lord Red Mask","floor":41,"gold_loss":160}],"is_beta":true,"boss_relics":[{"not_picked":["Philosopher\u0027s Stone","Runic Dome"],"picked":"Nuclear Battery"},{"not_picked":["Eternal Feather","Cursed Key"],"picked":"Inserter"}],"items_purged_floors":[4,25],"is_endless":false,"potions_floor_spawned":[2,5,11,16,22,31,33,47],"ascension_level":1}