{"gold_per_floor":[119,119,169,186,201,201,219,237,285,285,285],"floor_reached":11,"playtime":232,"items_purged":[],"score":130,"play_id":"c38268b5-0663-4e6a-a7dd-2a846566abaf","local_time":"20181107001122","is_ascension_mode":true,"campfire_choices":[{"data":"Bash","floor":6,"key":"SMITH"}],"neow_cost":"NONE","seed_source_timestamp":449856319852449,"circlet_count":0,"master_deck":["AscendersBane","Strike_R","Strike_R","Strike_R","Strike_R","Strike_R","Defend_R","Defend_R","Defend_R","Defend_R","Bash+1","Rupture"],"special_seed":0,"relics":["Burning Blood","Centennial Puzzle","Strawberry","Paper Frog"],"potions_floor_usage":[11,11],"damage_taken":[{"damage":10.0,"enemies":"Small Slimes","floor":1.0,"turns":3.0},{"damage":4.0,"enemies":"2 Louse","floor":4.0,"turns":3.0},{"damage":12,"enemies":"Cultist","floor":5,"turns":4},{"damage":10,"enemies":"2 Fungi Beasts","floor":7,"turns":4},{"damage":16,"enemies":"3 Louse","floor":8,"turns":7},{"damage":15,"enemies":"Large Slime","floor":11,"turns":3}],"seed_played":"6467685399148282247","potions_obtained":[{"floor":1.0,"key":"Poison Potion"},{"floor":7,"key":"Strength Potion"}],"is_trial":false,"path_per_floor":["M","?","?","M","M","R","M","M","T","?","M"],"character_chosen":"IRONCLAD","items_purchased":[],"campfire_rested":0,"item_purchase_floors":[],"current_hp_per_floor":[64,64,57,59,53,53,49,39,46,11,0],"gold":285,"neow_bonus":"RANDOM_COMMON_RELIC","is_prod":false,"is_daily":false,"chose_seed":false,"campfire_upgraded":1,"win_rate":0,"timestamp":1541578282,"path_taken":["M","?","?","M","?","R","M","M","T","?","M"],"build_version":"2018-11-01","purchased_purges":0,"victory":false,"max_hp_per_floor":[75,75,75,75,75,75,75,75,82,82,82],"card_choices":[{"not_picked":["Dual Wield","Clash","Flex"],"picked":"SKIP","floor":1.0},{"not_picked":["Body Slam","Armaments"],"picked":"Rupture","floor":4.0},{"not_picked":["Dual Wield","Cleave","Wild Strike"],"picked":"SKIP","floor":5},{"not_picked":["Thunderclap","Warcry","Entrench"],"picked":"SKIP","floor":7},{"not_picked":["Heavy Blade","Seeing Red","Anger"],"picked":"SKIP","floor":8}],"player_experience":621203,"relics_obtained":[{"floor":9,"key":"Strawberry"}],"event_choices":[{"damage_healed":0.0,"max_hp_gain":0.0,"max_hp_loss":0.0,"gold_gain":0.0,"event_name":"Liars Game","player_choice":"Ignored","floor":2.0,"gold_loss":0.0,"damage_taken":0.0},{"damage_healed":0.0,"max_hp_gain":0.0,"max_hp_loss":0.0,"gold_gain":50.0,"event_name":"FaceTrader","player_choice":"Touch","floor":3.0,"gold_loss":0.0,"damage_taken":7.0},{"damage_healed":0,"gold_gain":0,"player_choice":"Success","damage_taken":35,"relics_obtained":["Paper Frog"],"max_hp_gain":0,"max_hp_loss":0,"event_name":"Scrap Ooze","floor":10,"gold_loss":0}],"is_beta":false,"boss_relics":[],"items_purged_floors":[],"is_endless":false,"potions_floor_spawned":[1,7],"killed_by":"Large Slime","ascension_level":20}