{"gold_per_floor":[112,112,124,136,148,173,173,189,212,212,237,187,187,204,204,302,302,314,136,151,151,151,151,171,171,171,171],"floor_reached":27,"playtime":1208,"items_purged":[],"score":213,"play_id":"be98e146-7011-464f-a7a2-2a3d2de14420","local_time":"20190113151850","is_ascension_mode":false,"campfire_choices":[{"floor":13,"key":"RECALL"},{"data":"Blur","floor":15,"key":"SMITH"},{"data":"Envenom","floor":23,"key":"SMITH"},{"data":"Caltrops","floor":25,"key":"SMITH"}],"neow_cost":"NONE","seed_source_timestamp":402396097506842,"circlet_count":0,"master_deck":["Survivor","Neutralize","Caltrops+1","Blur+1","Sucker Punch","Prepared","Poisoned Stab+1","Sucker Punch+1","Quick Slash+1","Envenom+1","Glass Knife+1","Well Laid Plans","Storm of Steel","Backstab+1","Skewer+1","Cloak And Dagger","Underhanded Strike+1","Storm of Steel","Bullet Time","Predator+1","Poisoned Stab+1","Backstab+1","PanicButton","Flying Knee+1","Terror","PiercingWail"],"relics":["Coffee Dripper","Molten Egg 2","Snake Skull","Pen Nib","Pandora\u0027s Box","Nilry\u0027s Codex","The Courier"],"potions_floor_usage":[16],"damage_taken":[{"damage":1,"enemies":"Jaw Worm","floor":1,"turns":4},{"damage":1,"enemies":"Cultist","floor":3,"turns":3},{"damage":1,"enemies":"2 Louse","floor":4,"turns":3},{"damage":0,"enemies":"2 Fungi Beasts","floor":5,"turns":4},{"damage":27,"enemies":"Lagavulin","floor":6,"turns":10},{"damage":2,"enemies":"Blue Slaver","floor":8,"turns":4},{"damage":0,"enemies":"Exordium Wildlife","floor":14,"turns":4},{"damage":25,"enemies":"Slime Boss","floor":16,"turns":10},{"damage":16,"enemies":"Shell Parasite","floor":18,"turns":3},{"damage":18,"enemies":"3 Byrds","floor":20,"turns":4},{"damage":0,"enemies":"3 Cultists","floor":24,"turns":3},{"damage":21,"enemies":"Snake Plant","floor":27,"turns":1}],"seed_played":"-6082690042104038235","potions_obtained":[{"floor":1,"key":"Energy Potion"},{"floor":4,"key":"SpeedPotion"},{"floor":5,"key":"PowerPotion"},{"floor":20,"key":"SteroidPotion"}],"is_trial":false,"path_per_floor":["M","?","M","M","M","E","?","M","T","?","T","?","R","M","R","B",null,"M","$","M","?","?","R","M","R","T","M"],"character_chosen":"THE_SILENT","items_purchased":["Backstab+1","PanicButton","Flying Knee+1"],"campfire_rested":0,"item_purchase_floors":[19,19,19],"current_hp_per_floor":[69,69,68,67,67,40,40,38,38,55,55,55,55,55,55,30,70,54,54,36,20,20,20,20,20,20,0],"gold":171,"neow_bonus":"BOSS_RELIC","is_prod":false,"is_daily":false,"chose_seed":false,"campfire_upgraded":3,"win_rate":0,"timestamp":1547410730,"path_taken":["M","?","M","?","M","E","?","M","T","?","?","?","R","M","R","BOSS","M","$","M","?","?","R","?","R","T","M"],"build_version":"2019-01-10","purchased_purges":0,"victory":false,"max_hp_per_floor":[70,70,70,70,70,70,70,70,70,70,70,70,70,70,70,70,70,70,70,70,70,67,67,67,67,67,67],"card_choices":[{"not_picked":["Bouncing Flask","Blade Dance"],"picked":"Caltrops","floor":1},{"not_picked":["Finisher","Choke"],"picked":"Blur","floor":3},{"not_picked":["Quick Slash","Finisher"],"picked":"Sucker Punch","floor":4},{"not_picked":["Dodge and Roll","Cloak And Dagger"],"picked":"Prepared","floor":5},{"not_picked":["Catalyst","Dagger Throw"],"picked":"Poisoned Stab","floor":6},{"not_picked":["Blade Dance","Deflect"],"picked":"Sucker Punch+1","floor":8},{"not_picked":["Calculated Gamble","Masterful Stab+1"],"picked":"Quick Slash+1","floor":14},{"not_picked":["Tools of the Trade","After Image"],"picked":"Envenom","floor":16},{"not_picked":["Bouncing Flask","Dagger Spray+1"],"picked":"Poisoned Stab+1","floor":18},{"not_picked":["Calculated Gamble","Concentrate"],"picked":"Terror","floor":20},{"not_picked":["Acrobatics","Setup"],"picked":"PiercingWail","floor":24}],"player_experience":56856,"relics_obtained":[{"floor":6,"key":"Molten Egg 2"},{"floor":11,"key":"Pen Nib"},{"floor":21,"key":"Nilry\u0027s Codex"},{"floor":26,"key":"The Courier"}],"event_choices":[{"damage_healed":0,"gold_gain":0,"player_choice":"Ignored","damage_taken":0,"max_hp_gain":0,"max_hp_loss":0,"event_name":"Purifier","floor":2,"gold_loss":0},{"damage_healed":0,"gold_gain":0,"player_choice":"Box","damage_taken":0,"relics_obtained":["Snake Skull"],"max_hp_gain":0,"max_hp_loss":0,"event_name":"Big Fish","floor":7,"gold_loss":0,"cards_obtained":["Regret"]},{"damage_healed":17,"gold_gain":0,"player_choice":"Healed and dodged fight","damage_taken":0,"max_hp_gain":0,"max_hp_loss":0,"event_name":"Mushrooms","floor":10,"gold_loss":0,"cards_obtained":["Parasite"]},{"cards_removed":["Regret"],"damage_healed":0,"gold_gain":0,"player_choice":"Card Removal","damage_taken":0,"max_hp_gain":0,"max_hp_loss":0,"event_name":"The Cleric","floor":12,"gold_loss":50},{"damage_healed":0,"gold_gain":0,"player_choice":"Obtained Book","damage_taken":16,"max_hp_gain":0,"max_hp_loss":0,"event_name":"Cursed Tome","floor":21,"gold_loss":0},{"cards_removed":["Parasite"],"damage_healed":0,"gold_gain":0,"player_choice":"Removed Curses","damage_taken":0,"max_hp_gain":0,"max_hp_loss":0,"event_name":"Fountain of Cleansing","floor":22,"gold_loss":0}],"is_beta":false,"boss_relics":[{"not_picked":["Black Star","Cursed Key"],"picked":"Pandora\u0027s Box"}],"items_purged_floors":[],"is_endless":false,"potions_floor_spawned":[1,4,5,6,20],"killed_by":"Snake Plant","ascension_level":0}