{"gold_per_floor":[12,24,24,24,99,128,128,154,180,192,217,241,282,244,256,371,383,410,422,452,22,22,50,50,82,82,82,109,109,128,148,148,247,247,266,315,325,425,439,470,484,19,19,34,61,61,92,106,106,106,106,106,18,46,46],"floor_reached":56,"playtime":5268,"items_purged":["Zap","Writhe"],"score":2145,"play_id":"062e6ccc-de1c-46c8-868c-a9a8f4169399","local_time":"20190204225054","is_ascension_mode":true,"campfire_choices":[{"data":"Static Discharge","floor":7.0,"key":"SMITH"},{"floor":10.0,"key":"REST"},{"data":"Defragment","floor":15.0,"key":"SMITH"},{"data":"Defragment","floor":24.0,"key":"SMITH"},{"data":"Coolheaded","floor":29.0,"key":"SMITH"},{"data":"White Noise","floor":32.0,"key":"SMITH"},{"floor":46,"key":"RECALL"},{"data":"Amplify","floor":49,"key":"SMITH"},{"data":"Conserve Battery","floor":52,"key":"SMITH"}],"neow_cost":"NO_GOLD","seed_source_timestamp":170861254600724,"circlet_count":0,"master_deck":["AscendersBane","Defend_B+1","Static Discharge+1","Auto Shields+1","Stack+1","Conserve Battery+1","White Noise+1","Reinforced Body+1","Defragment+1","Echo Form","Coolheaded+1","Ball Lightning+1","Genetic Algorithm+1","Storm","Storm","Defragment+1","Ball Lightning+1","Electrodynamics","Tempest","Chill+1","Capacitor","Capacitor+1","Amplify+1","Heatsinks+1","Static Discharge+1","Conserve Battery+1","Consume+1","Self Repair+1","Storm","Capacitor","Loop","Self Repair","Hello World","Capacitor","Capacitor","Heatsinks","Heatsinks","Capacitor","Defragment","Storm","Aggregate+1","Conserve Battery+1","BootSequence+1","Storm"],"special_seed":0,"relics":["Cracked Core","Vajra","Matryoshka","MawBank","The Courier","Empty Cage","Membership Card","Meat on the Bone","DataDisk","Mummified Hand","Whetstone","Art of War","Bag of Preparation","Kunai","Bag of Marbles","Philosopher\u0027s Stone","Peace Pipe","Gambling Chip","Singing Bowl","Blood Vial","Cables","Boot","Girya","War Paint","Strawberry"],"potions_floor_usage":[55],"damage_taken":[{"damage":7.0,"enemies":"Small Slimes","floor":1.0,"turns":3.0},{"damage":7.0,"enemies":"Jaw Worm","floor":2.0,"turns":3.0},{"damage":9.0,"enemies":"Lagavulin","floor":6.0,"turns":8.0},{"damage":27.0,"enemies":"Gremlin Nob","floor":8.0,"turns":4.0},{"damage":1.0,"enemies":"2 Louse","floor":11.0,"turns":3.0},{"damage":11.0,"enemies":"Red Slaver","floor":12.0,"turns":4.0},{"damage":11.0,"enemies":"Lagavulin","floor":13.0,"turns":8.0},{"damage":22.0,"enemies":"Slime Boss","floor":16.0,"turns":11.0},{"damage":25.0,"enemies":"2 Thieves","floor":18.0,"turns":4.0},{"damage":8.0,"enemies":"3 Byrds","floor":20.0,"turns":3.0},{"damage":12.0,"enemies":"Slavers","floor":23.0,"turns":4.0},{"damage":10.0,"enemies":"Book of Stabbing","floor":25.0,"turns":4.0},{"damage":20.0,"enemies":"Slavers","floor":28.0,"turns":3.0},{"damage":0.0,"enemies":"Shelled Parasite and Fungi","floor":30.0,"turns":2.0},{"damage":0.0,"enemies":"Chosen and Byrds","floor":31.0,"turns":2.0},{"damage":0.0,"enemies":"Collector","floor":33.0,"turns":3.0},{"damage":12.0,"enemies":"3 Darklings","floor":35.0,"turns":3.0},{"damage":29.0,"enemies":"2 Orb Walkers","floor":36.0,"turns":5.0},{"damage":10.0,"enemies":"Orb Walker","floor":37.0,"turns":2.0},{"damage":0.0,"enemies":"Mind Bloom Boss Battle","floor":38.0,"turns":3.0},{"damage":0.0,"enemies":"4 Shapes","floor":39.0,"turns":3.0},{"damage":0.0,"enemies":"Giant Head","floor":40.0,"turns":5.0},{"damage":0,"enemies":"Sphere and 2 Shapes","floor":41,"turns":1},{"damage":0,"enemies":"Writhing Mass","floor":44,"turns":2},{"damage":0,"enemies":"Nemesis","floor":45,"turns":1},{"damage":0,"enemies":"Giant Head","floor":47,"turns":3},{"damage":9,"enemies":"Spire Growth","floor":48,"turns":3},{"damage":15,"enemies":"Donu and Deca","floor":50,"turns":3},{"damage":0,"enemies":"Shield and Spear","floor":54,"turns":2},{"damage":8,"enemies":"The Heart","floor":55,"turns":2}],"seed_played":"4480451420455108701","potions_obtained":[{"floor":1.0,"key":"Regen Potion"},{"floor":2.0,"key":"Energy Potion"},{"floor":12.0,"key":"SpeedPotion"},{"floor":13.0,"key":"LiquidBronze"},{"floor":23.0,"key":"SpeedPotion"},{"floor":30.0,"key":"FocusPotion"},{"floor":35.0,"key":"Strength Potion"},{"floor":39.0,"key":"Weak Potion"}],"is_trial":false,"path_per_floor":["M","M","?","?","?","E","R","E","T","R","M","M","E","?","R","B",null,"M","?","M","$","?","E","R","E","T","?","E","R","M","M","R","B",null,"M","?","M","?","M","E","M","$","T","M","E","R","E","M","R","B",null,"R","$","E","B",null],"character_chosen":"DEFECT","items_purchased":["Membership Card","Meat on the Bone","DataDisk","Storm","Storm","Defragment","Blood Vial","Storm","Capacitor","Loop","Self Repair","Hello World","Capacitor","Capacitor","Heatsinks","Heatsinks","Capacitor","Defragment","Storm","Storm","War Paint"],"campfire_rested":1,"item_purchase_floors":[21,21,21,21,21,21,42,42,42,42,42,42,42,42,42,42,42,42,42,53,53],"current_hp_per_floor":[61,54,39,64,53,44,44,17,17,39,38,27,31,31,31,9,59,34,34,26,26,26,26,26,28,28,28,20,20,32,44,44,44,67,55,38,40,40,40,40,42,42,42,51,72,72,79,77,77,74,78,78,78,88,88],"gold":46,"neow_bonus":"REMOVE_TWO","is_prod":false,"is_daily":false,"chose_seed":false,"campfire_upgraded":7,"win_rate":0,"timestamp":1549338654,"path_taken":["M","M","?","?","?","E","R","E","T","R","M","M","E","?","R","BOSS","M","?","?","$","?","E","R","E","T","?","E","R","M","M","R","BOSS","M","?","M","?","M","E","M","?","T","?","E","R","E","M","R","BOSS","R","$","E","BOSS"],"build_version":"2019-01-23","purchased_purges":2,"victory":true,"max_hp_per_floor":[75,75,75,75,75,75,75,75,75,75,75,75,75,75,75,75,75,75,75,75,75,75,75,75,75,75,75,75,75,75,75,75,75,75,75,75,75,75,75,75,77,77,77,77,79,79,79,79,79,79,79,79,79,88,88],"card_choices":[{"not_picked":["Fusion","Go for the Eyes"],"picked":"Static Discharge","floor":1.0},{"not_picked":["Streamline","Darkness"],"picked":"Auto Shields","floor":2.0},{"not_picked":["Chaos","Reinforced Body"],"picked":"Stack","floor":6.0},{"not_picked":["Sweeping Beam","Cold Snap"],"picked":"Conserve Battery","floor":8.0},{"not_picked":["Blizzard","FTL"],"picked":"White Noise","floor":11.0},{"not_picked":["Cold Snap","Chaos"],"picked":"Reinforced Body","floor":12.0},{"not_picked":["Fission","Glacier"],"picked":"Defragment","floor":13.0},{"not_picked":["Multi-Cast","Meteor Strike"],"picked":"Echo Form","floor":16.0},{"not_picked":["Hello World","Sweeping Beam"],"picked":"Coolheaded","floor":18.0},{"not_picked":["Turbo","Lockon+1"],"picked":"Genetic Algorithm+1","floor":20.0},{"not_picked":["Reprogram","Barrage"],"picked":"Ball Lightning","floor":23.0},{"not_picked":["Cold Snap","Steam Power","Gash"],"picked":"SKIP","floor":25.0},{"not_picked":["Turbo","Darkness+1"],"picked":"Chill+1","floor":28.0},{"not_picked":["Heatsinks","Streamline"],"picked":"Capacitor","floor":30.0},{"not_picked":["Double Energy+1","Darkness"],"picked":"Capacitor+1","floor":31.0},{"not_picked":["Fission","Biased Cognition"],"picked":"Amplify","floor":33.0},{"not_picked":["Ball Lightning+1","Hologram+1"],"picked":"Heatsinks+1","floor":35.0},{"not_picked":["Conserve Battery","Compile Driver+1"],"picked":"Static Discharge+1","floor":36.0},{"not_picked":["Storm","Darkness+1"],"picked":"Conserve Battery+1","floor":37.0},{"not_picked":["Rip and Tear","Reprogram"],"picked":"Consume+1","floor":38.0},{"not_picked":["Sweeping Beam","Barrage+1","Lockon"],"picked":"SKIP","floor":39.0},{"not_picked":["Gash+1","Ball Lightning"],"picked":"Self Repair+1","floor":40.0},{"not_picked":["Streamline","Meteor Strike","Go for the Eyes+1"],"picked":"Singing Bowl","floor":41},{"not_picked":["Go for the Eyes","Steam+1"],"picked":"Aggregate+1","floor":44},{"not_picked":["Compile Driver+1","Reinforced Body","Leap+1"],"picked":"Singing Bowl","floor":45},{"not_picked":["Steam","Stack+1"],"picked":"Conserve Battery+1","floor":47},{"not_picked":["Cold Snap+1","Reprogram+1"],"picked":"BootSequence+1","floor":48},{"not_picked":["All For One","Steam","Redo+1"],"picked":"Singing Bowl","floor":54}],"player_experience":344640,"relics_obtained":[{"floor":6.0,"key":"Vajra"},{"floor":8.0,"key":"Matryoshka"},{"floor":9.0,"key":"MawBank"},{"floor":13.0,"key":"The Courier"},{"floor":23.0,"key":"Whetstone"},{"floor":25.0,"key":"Art of War"},{"floor":26.0,"key":"Bag of Preparation"},{"floor":26.0,"key":"Kunai"},{"floor":28.0,"key":"Bag of Marbles"},{"floor":36.0,"key":"Peace Pipe"},{"floor":38.0,"key":"Gambling Chip"},{"floor":40.0,"key":"Singing Bowl"},{"floor":43,"key":"Cables"},{"floor":45,"key":"Boot"},{"floor":47,"key":"Girya"},{"floor":54,"key":"Strawberry"}],"event_choices":[{"damage_healed":0.0,"max_hp_gain":0.0,"max_hp_loss":0.0,"gold_gain":0.0,"event_name":"Shining Light","player_choice":"Entered Light","floor":3.0,"gold_loss":0.0,"damage_taken":15.0,"cards_upgraded":["Auto Shields","Defend_B"]},{"damage_healed":25.0,"max_hp_gain":0.0,"max_hp_loss":0.0,"gold_gain":0.0,"event_name":"Big Fish","player_choice":"Banana","floor":4.0,"gold_loss":0.0,"damage_taken":0.0},{"damage_healed":0.0,"max_hp_gain":0.0,"max_hp_loss":0.0,"gold_gain":75.0,"event_name":"World of Goop","player_choice":"Gather Gold","floor":5.0,"gold_loss":0.0,"damage_taken":11.0},{"cards_removed":["Strike_B"],"damage_healed":0.0,"max_hp_gain":0.0,"max_hp_loss":0.0,"gold_gain":0.0,"event_name":"The Cleric","player_choice":"Card Removal","floor":14.0,"gold_loss":50.0,"damage_taken":0.0},{"damage_healed":0.0,"max_hp_gain":0.0,"max_hp_loss":0.0,"gold_gain":0.0,"cards_transformed":["Strike_B"],"event_name":"Transmorgrifier","player_choice":"Transformed","floor":19.0,"gold_loss":0.0,"damage_taken":0.0,"cards_obtained":["Ball Lightning"]},{"damage_healed":0.0,"max_hp_gain":0.0,"max_hp_loss":0.0,"gold_gain":0.0,"event_name":"The Mausoleum","player_choice":"Opened","floor":22.0,"gold_loss":0.0,"damage_taken":0.0,"relics_obtained":["Mummified Hand"],"cards_obtained":["Writhe"]},{"damage_healed":0.0,"max_hp_gain":0.0,"max_hp_loss":0.0,"gold_gain":0.0,"cards_transformed":["Defend_B","Dualcast"],"event_name":"Drug Dealer","player_choice":"Became Test Subject","floor":27.0,"gold_loss":0.0,"damage_taken":0.0,"cards_obtained":["Electrodynamics","Tempest"]},{"damage_healed":0.0,"max_hp_gain":0.0,"max_hp_loss":0.0,"gold_gain":0.0,"event_name":"Mysterious Sphere","player_choice":"Fight","floor":36.0,"gold_loss":0.0,"damage_taken":0.0},{"damage_healed":0.0,"max_hp_gain":0.0,"max_hp_loss":0.0,"gold_gain":0.0,"event_name":"MindBloom","player_choice":"Fight","floor":38.0,"gold_loss":0.0,"damage_taken":0.0}],"is_beta":false,"boss_relics":[{"not_picked":["Orrery","Ectoplasm"],"picked":"Empty Cage"},{"not_picked":["Busted Crown","Fusion Hammer"],"picked":"Philosopher\u0027s Stone"}],"items_purged_floors":[21,42],"is_endless":false,"potions_floor_spawned":[1,2,12,13,18,23,30,35,39,44,45,47,54],"ascension_level":10}