{"gold_per_floor":[113,26,26,42,42,72,83,113,163,178,193,193],"floor_reached":12,"playtime":542,"items_purged":[],"score":108,"play_id":"3dc45004-4cba-48c5-b3da-7da4b51cf182","local_time":"20190116155130","is_ascension_mode":true,"campfire_choices":[],"neow_cost":"NONE","seed_source_timestamp":516674376818400,"circlet_count":0,"master_deck":["Defend_G","Defend_G","Defend_G","Defend_G","Defend_G","Strike_G","Strike_G","Strike_G","Survivor","Neutralize","Poisoned Stab+1","Footwork+1","Dagger Spray","Poisoned Stab","Quick Slash","Poisoned Stab","Outmaneuver","Deadly Poison","Well Laid Plans"],"relics":["Ring of the Snake","Pear","Regal Pillow"],"potions_floor_usage":[8,12,12,12],"damage_taken":[{"damage":0,"enemies":"Jaw Worm","floor":1,"turns":5},{"damage":0,"enemies":"2 Louse","floor":4,"turns":2},{"damage":10,"enemies":"Gremlin Nob","floor":6,"turns":4},{"damage":0,"enemies":"Cultist","floor":7,"turns":2},{"damage":10,"enemies":"3 Sentries","floor":8,"turns":8},{"damage":22,"enemies":"Large Slime","floor":10,"turns":5},{"damage":0,"enemies":"2 Fungi Beasts","floor":11,"turns":4},{"damage":18,"enemies":"Lagavulin","floor":12,"turns":3}],"seed_played":"-7249980752343909932","potions_obtained":[{"floor":6,"key":"AttackPotion"},{"floor":8,"key":"FearPotion"},{"floor":10,"key":"Strength Potion"},{"floor":11,"key":"Energy Potion"}],"is_trial":false,"path_per_floor":["M","$","?","M","?","E","M","E","T","M","M","E"],"character_chosen":"THE_SILENT","items_purchased":["Footwork","Dagger Spray"],"campfire_rested":0,"item_purchase_floors":[2,2],"current_hp_per_floor":[70,70,56,56,49,49,49,39,39,17,17,0],"gold":193,"neow_bonus":"REMOVE_CARD","is_prod":false,"is_daily":false,"chose_seed":false,"campfire_upgraded":0,"win_rate":0,"timestamp":1547682690,"path_taken":["M","$","?","M","?","E","M","E","T","M","M","E"],"build_version":"2019-01-10","purchased_purges":0,"victory":false,"max_hp_per_floor":[70,70,70,70,70,80,80,80,80,80,80,80],"card_choices":[{"not_picked":["Prepared","Backflip"],"picked":"Poisoned Stab","floor":1},{"not_picked":["Blade Dance","Sucker Punch"],"picked":"Poisoned Stab","floor":4},{"not_picked":["Calculated Gamble","Tactician"],"picked":"Quick Slash","floor":6},{"not_picked":["Blade Dance","Slice"],"picked":"Poisoned Stab","floor":7},{"not_picked":["Riddle With Holes","Doppelganger"],"picked":"Outmaneuver","floor":8},{"not_picked":["Quick Slash","Flying Knee"],"picked":"Deadly Poison","floor":10},{"not_picked":["Deadly Poison","Predator"],"picked":"Well Laid Plans","floor":11}],"player_experience":510637,"relics_obtained":[{"floor":6,"key":"Pear"},{"floor":8,"key":"Regal Pillow"}],"event_choices":[{"damage_healed":0,"gold_gain":0,"player_choice":"Entered Light","damage_taken":14,"max_hp_gain":0,"max_hp_loss":0,"event_name":"Shining Light","floor":3,"gold_loss":0,"cards_upgraded":["Footwork","Poisoned Stab"]},{"cards_removed":["Strike_G"],"damage_healed":0,"gold_gain":0,"player_choice":"Card Removal","damage_taken":7,"max_hp_gain":0,"max_hp_loss":0,"event_name":"Golden Wing","floor":5,"gold_loss":0}],"is_beta":false,"boss_relics":[],"items_purged_floors":[],"is_endless":false,"potions_floor_spawned":[6,8,10,11],"killed_by":"Lagavulin","ascension_level":4}