{"gold_per_floor":[110,110,110,136,5,44,44,63,90,119,133,133],"floor_reached":12,"playtime":339,"items_purged":["Defend_R"],"score":182,"play_id":"0d5fa7db-786f-4ab8-833e-61439765f770","local_time":"20181025205416","is_ascension_mode":true,"campfire_choices":[{"data":"Body Slam","floor":7.0,"key":"SMITH"}],"neow_cost":"NONE","seed_source_timestamp":513318508976222,"circlet_count":0,"master_deck":["Strike_R","Strike_R","Strike_R","Strike_R","Strike_R","Defend_R","Defend_R","Defend_R","Bash","AscendersBane","Flame Barrier","Shrug It Off","Body Slam+1","Armaments","Iron Wave","Dual Wield"],"special_seed":0,"relics":["Burning Blood","NeowsBlessing","Golden Idol","Strawberry","Prayer Wheel","Juzu Bracelet","Odd Mushroom"],"potions_floor_usage":[12,12],"damage_taken":[{"damage":0.0,"enemies":"2 Louse","floor":1.0,"turns":1.0},{"damage":0.0,"enemies":"Gremlin Nob","floor":6.0,"turns":1.0},{"damage":0.0,"enemies":"Jaw Worm","floor":8.0,"turns":1.0},{"damage":46.0,"enemies":"The Mushroom Lair","floor":10.0,"turns":7.0},{"damage":0.0,"enemies":"Small Slimes","floor":11.0,"turns":4.0},{"damage":30,"enemies":"3 Sentries","floor":12,"turns":13}],"seed_played":"-9143919692998621661","potions_obtained":[{"floor":6.0,"key":"EssenceOfSteel"},{"floor":10.0,"key":"Swift Potion"}],"is_trial":false,"path_per_floor":["M","?","?","T","$","E","R","M","T","?","M"],"character_chosen":"IRONCLAD","items_purchased":["Shrug It Off"],"campfire_rested":0,"item_purchase_floors":[5],"current_hp_per_floor":[74,48,48,55,55,61,61,67,67,27,33,3],"gold":133,"neow_bonus":"THREE_ENEMY_KILL","is_prod":false,"is_daily":false,"chose_seed":false,"campfire_upgraded":1,"win_rate":0,"timestamp":1540468456,"path_taken":["M","?","?","?","$","E","R","M","T","?","M","E"],"build_version":"2018-10-18","purchased_purges":1,"victory":false,"max_hp_per_floor":[75,75,75,82,82,82,82,82,82,82,82,82],"card_choices":[{"not_picked":["Perfected Strike","Clothesline"],"picked":"Flame Barrier","floor":1.0},{"not_picked":["Feel No Pain","Flex"],"picked":"Body Slam","floor":6.0},{"not_picked":["Spot Weakness","Dual Wield"],"picked":"Armaments","floor":8.0},{"not_picked":["Body Slam","Flex","Perfected Strike"],"picked":"SKIP","floor":8.0},{"not_picked":["Warcry","Cleave"],"picked":"Iron Wave","floor":10.0},{"not_picked":["Perfected Strike","Spot Weakness"],"picked":"Dual Wield","floor":11.0},{"not_picked":["Shrug It Off","Wild Strike","Body Slam"],"picked":"SKIP","floor":11.0}],"player_experience":723693,"relics_obtained":[{"floor":4.0,"key":"Strawberry"},{"floor":6.0,"key":"Prayer Wheel"},{"floor":9.0,"key":"Juzu Bracelet"},{"floor":10.0,"key":"Odd Mushroom"}],"event_choices":[{"damage_healed":0.0,"max_hp_gain":0.0,"max_hp_loss":0.0,"gold_gain":0.0,"event_name":"Golden Idol","player_choice":"Take Damage","floor":2.0,"gold_loss":0.0,"damage_taken":26.0,"relics_obtained":["Golden Idol"]},{"damage_healed":0.0,"max_hp_gain":0.0,"max_hp_loss":0.0,"gold_gain":0.0,"event_name":"Liars Game","player_choice":"Ignored","floor":3.0,"gold_loss":0.0,"damage_taken":0.0},{"damage_healed":0.0,"max_hp_gain":0.0,"max_hp_loss":0.0,"gold_gain":0.0,"event_name":"Mushrooms","player_choice":"Fought Mushrooms","floor":10.0,"gold_loss":0.0,"damage_taken":0.0}],"is_beta":false,"boss_relics":[],"items_purged_floors":[5],"is_endless":false,"potions_floor_spawned":[6,10],"killed_by":"3 Sentries","ascension_level":16}