{"gold_per_floor":[118,133,133,133,149,175,175,6,6,6,23,53,67,101,101,178,178,192,222,234,234],"floor_reached":21,"playtime":859,"items_purged":["Strike_B"],"score":348,"play_id":"c2577f38-9727-4f33-8af8-a92f622fe303","local_time":"20190113214717","is_ascension_mode":true,"campfire_choices":[{"data":"Zap","floor":7,"key":"SMITH"},{"data":"Chaos","floor":10,"key":"SMITH"},{"data":"Hello World","floor":15,"key":"SMITH"}],"neow_cost":"NONE","seed_source_timestamp":278503967998499,"circlet_count":0,"master_deck":["AscendersBane","Strike_B","Strike_B","Strike_B","Defend_B+1","Defend_B+1","Defend_B","Defend_B","Zap+1","Dualcast","Sunder+1","Beam Cell","Multi-Cast","Chaos+1","Beam Cell+1","Hello World+1","Gash+1","Conserve Battery","Ball Lightning+1","Glacier","Seek","Blizzard+1","Gash+1","Gash+1"],"relics":["Cracked Core","NeowsBlessing","Letter Opener","Molten Egg 2","War Paint","Juzu Bracelet","Sundial","Velvet Choker","Red Mask"],"potions_floor_usage":[6,12,14],"damage_taken":[{"damage":0,"enemies":"Cultist","floor":1,"turns":1},{"damage":0,"enemies":"Jaw Worm","floor":2,"turns":1},{"damage":0,"enemies":"Small Slimes","floor":5,"turns":1},{"damage":35,"enemies":"3 Sentries","floor":6,"turns":8},{"damage":0,"enemies":"Exordium Wildlife","floor":11,"turns":2},{"damage":8,"enemies":"Gremlin Nob","floor":12,"turns":3},{"damage":8,"enemies":"Exordium Thugs","floor":13,"turns":4},{"damage":18,"enemies":"3 Sentries","floor":14,"turns":4},{"damage":7,"enemies":"Slime Boss","floor":16,"turns":7},{"damage":0,"enemies":"Spheric Guardian","floor":18,"turns":3},{"damage":12,"enemies":"Masked Bandits","floor":19,"turns":5},{"damage":22,"enemies":"2 Thieves","floor":20,"turns":3},{"damage":21,"enemies":"Cultist and Chosen","floor":21,"turns":4}],"seed_played":"1247921729332339518","potions_obtained":[{"floor":5,"key":"Regen Potion"},{"floor":6,"key":"SkillPotion"},{"floor":12,"key":"Fire Potion"},{"floor":14,"key":"SteroidPotion"},{"floor":20,"key":"Strength Potion"}],"is_trial":false,"path_per_floor":["M","M","T","?","M","E","R","$","T","R","M","E","M","E","R","B",null,"M","?","M","M"],"character_chosen":"DEFECT","items_purchased":["Beam Cell+1","Hello World"],"campfire_rested":0,"item_purchase_floors":[8,8],"current_hp_per_floor":[64,64,64,64,64,44,44,44,44,44,44,36,28,10,10,3,54,54,42,20,0],"gold":234,"neow_bonus":"THREE_ENEMY_KILL","is_prod":false,"is_daily":false,"chose_seed":false,"campfire_upgraded":3,"win_rate":0,"timestamp":1547444837,"path_taken":["M","M","?","?","?","E","R","?","T","R","M","E","M","E","R","BOSS","M","?","M","M"],"build_version":"2019-01-10","purchased_purges":1,"victory":false,"max_hp_per_floor":[71,71,71,71,71,71,71,71,71,71,71,71,71,71,71,71,71,71,71,71,71],"card_choices":[{"not_picked":["Turbo","Tempest"],"picked":"Sunder","floor":1},{"not_picked":["Turbo","Stack"],"picked":"Beam Cell","floor":2},{"not_picked":["Go for the Eyes","Ball Lightning"],"picked":"Multi-Cast","floor":5},{"not_picked":["Recycle","Skim"],"picked":"Chaos","floor":6},{"not_picked":["Go for the Eyes+1","Leap"],"picked":"Gash+1","floor":11},{"not_picked":["Undo","Tempest"],"picked":"Conserve Battery","floor":12},{"not_picked":["Leap","Aggregate"],"picked":"Ball Lightning+1","floor":13},{"not_picked":["Streamline+1","Go for the Eyes+1"],"picked":"Glacier","floor":14},{"not_picked":["Core Surge+1","Amplify"],"picked":"Seek","floor":16},{"not_picked":["Conserve Battery+1","Hello World+1"],"picked":"Blizzard+1","floor":18},{"not_picked":["Sweeping Beam+1","Steam+1"],"picked":"Gash+1","floor":19},{"not_picked":["Sweeping Beam+1","Hologram"],"picked":"Gash+1","floor":20}],"player_experience":468962,"relics_obtained":[{"floor":3,"key":"Letter Opener"},{"floor":6,"key":"Molten Egg 2"},{"floor":9,"key":"War Paint"},{"floor":12,"key":"Juzu Bracelet"},{"floor":14,"key":"Sundial"},{"floor":19,"key":"Red Mask"}],"event_choices":[{"damage_healed":0,"gold_gain":0,"player_choice":"Upgraded","damage_taken":0,"max_hp_gain":0,"max_hp_loss":0,"event_name":"Upgrade Shrine","floor":4,"gold_loss":0,"cards_upgraded":["Sunder"]},{"damage_healed":0,"gold_gain":0,"player_choice":"Fought Bandits","damage_taken":0,"max_hp_gain":0,"max_hp_loss":0,"event_name":"Masked Bandits","floor":19,"gold_loss":0}],"is_beta":false,"boss_relics":[{"not_picked":["Philosopher\u0027s Stone","Tiny House"],"picked":"Velvet Choker"}],"items_purged_floors":[8],"is_endless":false,"potions_floor_spawned":[5,6,12,14,20],"killed_by":"Cultist and Chosen","ascension_level":15}