{"path_per_floor":["M","?","$","?","M","R","M","E","T","R","$","M","M","M","R","B",null,"M","M","M","?","$","R","M","M","T","$","?","R","M","M","R","B",null,"M","$","?","?","M","R","?","M","T","R","M","M","R","M","R","B"],"character_chosen":"DEFECT","items_purchased":["Symbiotic Virus"],"gold_per_floor":[116,116,41,41,58,58,75,108,408,408,160,170,180,197,197,302,302,320,340,358,358,258,258,269,282,306,181,106,106,119,131,131,227,227,245,95,95,148,167,167,167,183,183,183,201,214,214,229,229,229],"floor_reached":51,"campfire_rested":4,"playtime":3919,"item_purchase_floors":[11],"current_hp_per_floor":[71,64,64,69,71,71,73,54,54,54,54,51,50,51,51,5,92,72,80,65,65,65,65,34,19,19,19,19,49,79,82,82,56,108,102,102,102,62,70,104,104,109,109,109,124,128,128,130,132,113],"items_purged":["Strike_B","Strike_B","Strike_B","Defend_B"],"gold":229,"score":778,"play_id":"9d56bc01-275b-4836-bf55-a9302ca2a248","local_time":"20180607230145","is_prod":false,"is_daily":false,"chose_seed":false,"is_ascension_mode":false,"campfire_upgraded":6,"win_rate":0,"timestamp":1528405305,"campfire_choices":[{"data":"Zap","floor":6,"key":"SMITH"},{"data":"Dualcast","floor":10,"key":"SMITH"},{"data":"Strike_B","floor":15,"key":"SMITH"},{"data":"Creative AI","floor":23,"key":"SMITH"},{"floor":29,"key":"REST"},{"data":"Defend_B","floor":32,"key":"SMITH"},{"floor":40,"key":"REST"},{"data":"Coolheaded","floor":44,"key":"SMITH"},{"floor":47,"key":"REST"},{"floor":49,"key":"REST"}],"path_taken":["M","?","$","?","M","R","?","E","T","R","?","?","M","M","R","BOSS","M","?","M","?","$","R","M","M","T","$","?","R","M","M","R","BOSS","M","$","?","?","M","R","?","?","T","R","M","M","R","M","R","BOSS"],"build_version":"2018-05-31","seed_source_timestamp":394030686003158,"purchased_purges":4,"victory":true,"master_deck":["Strike_B+1","Defend_B+1","Dualcast+1","Coolheaded+1","Creative AI+1"],"max_hp_per_floor":[75,75,75,80,82,82,84,86,86,86,86,88,90,92,92,92,92,94,96,98,98,98,98,100,102,102,102,102,102,104,106,106,108,108,110,110,110,112,116,116,116,120,120,120,124,128,128,132,132,132],"relics":["Cracked Core","Singing Bowl","Bird Faced Urn","Old Coin","Symbiotic Virus","Inserter","DataDisk","Cursed Key","Prayer Wheel"],"card_choices":[{"not_picked":["Cold Snap","Stack"],"picked":"Coolheaded","floor":1},{"not_picked":["Beam Cell","Lockon","Steam Power"],"picked":"Singing Bowl","floor":5},{"not_picked":["Reinforced Body","Fusion","Heatsinks"],"picked":"Singing Bowl","floor":7},{"not_picked":["Compile Driver","Go for the Eyes","Hologram"],"picked":"Singing Bowl","floor":8},{"not_picked":["Force Field","Sweeping Beam","Stack"],"picked":"Singing Bowl","floor":12},{"not_picked":["Gash","Leap","Capacitor"],"picked":"Singing Bowl","floor":13},{"not_picked":["Darkness","Coolheaded","Gash"],"picked":"Singing Bowl","floor":14},{"not_picked":["Meteor Strike","Machine Learning"],"picked":"Creative AI","floor":16},{"not_picked":["Leap","Genetic Algorithm","Streamline"],"picked":"Singing Bowl","floor":18},{"not_picked":["Barrage","Hologram+1","Beam Cell"],"picked":"Singing Bowl","floor":19},{"not_picked":["Conserve Battery","Coolheaded","Chill+1"],"picked":"Singing Bowl","floor":20},{"not_picked":["Auto Shields","Sweeping Beam","Turbo+1"],"picked":"Singing Bowl","floor":24},{"not_picked":["Stack","Redo","Leap"],"picked":"Singing Bowl","floor":25},{"not_picked":["Steam","Doom and Gloom","FTL"],"picked":"Singing Bowl","floor":30},{"not_picked":["BootSequence","Redo","Creative AI"],"picked":"Singing Bowl","floor":31},{"not_picked":["Rainbow","Amplify","Reboot"],"picked":"Singing Bowl","floor":33},{"not_picked":["Hologram+1","Stack+1","Gash+1"],"picked":"Singing Bowl","floor":35},{"not_picked":["Turbo+1","Reprogram","Compile Driver+1"],"picked":"Singing Bowl","floor":38},{"not_picked":["Heatsinks+1","Loop","Go for the Eyes+1"],"picked":"Singing Bowl","floor":39},{"not_picked":["Redo","Cold Snap+1","Rebound+1"],"picked":"Singing Bowl","floor":39},{"not_picked":["Loop","Coolheaded+1","Lockon"],"picked":"Singing Bowl","floor":42},{"not_picked":["Hello World+1","Sweeping Beam+1","Loop+1"],"picked":"Singing Bowl","floor":42},{"not_picked":["Loop","Chill","BootSequence"],"picked":"Singing Bowl","floor":45},{"not_picked":["Electrodynamics","White Noise","Static Discharge"],"picked":"Singing Bowl","floor":45},{"not_picked":["Barrage","Turbo","Steam Power+1"],"picked":"Singing Bowl","floor":46},{"not_picked":["Conserve Battery","Cold Snap","Capacitor+1"],"picked":"Singing Bowl","floor":46},{"not_picked":["Heatsinks","Conserve Battery","Blizzard"],"picked":"Singing Bowl","floor":48},{"not_picked":["Redo","Aggregate+1","Tempest"],"picked":"Singing Bowl","floor":48}],"player_experience":613497,"potions_floor_usage":[8,16,24,33,33,42,45,46,50,50,50],"damage_taken":[{"damage":4,"enemies":"2 Louse","floor":1,"turns":3},{"damage":0,"enemies":"Small Slimes","floor":5,"turns":3},{"damage":0,"enemies":"Jaw Worm","floor":7,"turns":3},{"damage":21,"enemies":"Gremlin Nob","floor":8,"turns":5},{"damage":5,"enemies":"Exordium Thugs","floor":12,"turns":4},{"damage":3,"enemies":"Looter","floor":13,"turns":2},{"damage":1,"enemies":"2 Fungi Beasts","floor":14,"turns":3},{"damage":46,"enemies":"Hexaghost","floor":16,"turns":11},{"damage":24,"enemies":"3 Byrds","floor":18,"turns":4},{"damage":0,"enemies":"Chosen","floor":19,"turns":4},{"damage":27,"enemies":"Centurion and Healer","floor":20,"turns":10},{"damage":33,"enemies":"3 Cultists","floor":24,"turns":7},{"damage":21,"enemies":"Snake Plant","floor":25,"turns":4},{"damage":4,"enemies":"Snecko","floor":30,"turns":14},{"damage":7,"enemies":"3 Cultists","floor":31,"turns":5},{"damage":48,"enemies":"Collector","floor":33,"turns":12},{"damage":18,"enemies":"3 Darklings","floor":35,"turns":6},{"damage":48,"enemies":"Mysterious Sphere","floor":38,"turns":5},{"damage":0,"enemies":"Orb Walker","floor":39,"turns":3},{"damage":13,"enemies":"Maw","floor":42,"turns":8},{"damage":8,"enemies":"4 Shapes","floor":45,"turns":8},{"damage":23,"enemies":"Sphere and 2 Shapes","floor":46,"turns":13},{"damage":20,"enemies":"Maw","floor":48,"turns":11},{"damage":71,"enemies":"Donu and Deca","floor":50,"turns":16}],"relics_obtained":[{"floor":8,"key":"Bird Faced Urn"},{"floor":9,"key":"Old Coin"},{"floor":26,"key":"DataDisk"},{"floor":38,"key":"Prayer Wheel"}],"event_choices":[{"event_name":"Golden Wing","player_choice":"Card Removal","floor":2,"damage_taken":0},{"event_name":"Big Fish","player_choice":"Donut","floor":4,"damage_taken":0},{"event_name":"Drug Dealer","player_choice":"Ignored","floor":21,"damage_taken":0},{"event_name":"Beggar","player_choice":"Gave Gold","floor":28,"damage_taken":0},{"event_name":"Tomb of Lord Red Mask","player_choice":"Ignored","floor":37,"damage_taken":0},{"event_name":"Mysterious Sphere","player_choice":"Fight","floor":38,"damage_taken":0}],"boss_relics":[{"not_picked":["Runic Pyramid","Philosopher\u0027s Stone"],"picked":"Inserter"},{"not_picked":["Tiny House","Lizard Tail"],"picked":"Cursed Key"}],"items_purged_floors":[3,22,27,36],"potions_floor_spawned":[1,5,12,16,25,31,33,38,42,45,46,48],"seed_played":"8698246463150833515","ascension_level":0,"potions_obtained":[{"floor":1,"key":"EssenceOfSteel"},{"floor":5,"key":"EssenceOfSteel"},{"floor":12,"key":"LiquidBronze"},{"floor":16,"key":"FearPotion"},{"floor":25,"key":"FocusPotion"},{"floor":31,"key":"Energy Potion"},{"floor":33,"key":"Fire Potion"},{"floor":38,"key":"SkillPotion"},{"floor":42,"key":"Dexterity Potion"},{"floor":45,"key":"LiquidBronze"},{"floor":46,"key":"AttackPotion"}],"is_trial":false}