{"gold_per_floor":[119,44,70,30,41,76,76,101,101,130,143,143,143,158,158,259,259,277,295,205,4,4,33,33,33,86,86,86,11,11,22,22,22],"floor_reached":33,"playtime":1513,"items_purged":["Strike_G"],"score":319,"play_id":"7a6c95b2-d78f-43e8-af52-193ff9c52722","local_time":"20181022020109","is_ascension_mode":true,"campfire_choices":[{"data":"Blade Dance","floor":7,"key":"SMITH"},{"data":"Accuracy","floor":13,"key":"SMITH"},{"data":"Choke","floor":15,"key":"SMITH"},{"data":"After Image","floor":25,"key":"SMITH"},{"data":"A Thousand Cuts","floor":27,"key":"SMITH"},{"data":"Neutralize","floor":32,"key":"SMITH"}],"neow_cost":"NONE","seed_source_timestamp":130049815979786,"circlet_count":0,"master_deck":["Defend_G","Defend_G","Defend_G","Defend_G+1","Defend_G","Strike_G","Strike_G","Strike_G","Survivor","Neutralize+1","Prepared","Blade Dance+1","Slice","Calculated Gamble","Accuracy+1","Jack Of All Trades","Infinite Blades","Doppelganger","Choke+1","After Image+1","Acrobatics","Calculated Gamble+1","A Thousand Cuts+1","Dagger Throw+1"],"relics":["Ring of the Snake","NeowsBlessing","Strawberry","Dodecahedron","Kunai","Pantograph","Ancient Tea Set","Coffee Dripper","Membership Card","Gambling Chip","Nilry\u0027s Codex","Smiling Mask","Blue Candle","PreservedInsect"],"potions_floor_usage":[8,18,18,23,33,33,33],"damage_taken":[{"damage":0,"enemies":"Cultist","floor":1,"turns":1},{"damage":0,"enemies":"Small Slimes","floor":5,"turns":1},{"damage":0,"enemies":"Lagavulin","floor":6,"turns":1},{"damage":16,"enemies":"Gremlin Nob","floor":8,"turns":3},{"damage":22,"enemies":"Lagavulin","floor":10,"turns":9},{"damage":0,"enemies":"2 Louse","floor":11,"turns":2},{"damage":0,"enemies":"2 Fungi Beasts","floor":14,"turns":2},{"damage":5,"enemies":"Slime Boss","floor":16,"turns":9},{"damage":13,"enemies":"2 Thieves","floor":18,"turns":4},{"damage":3,"enemies":"3 Byrds","floor":19,"turns":5},{"damage":37,"enemies":"Gremlin Leader","floor":23,"turns":5},{"damage":0,"enemies":"Colosseum Slavers","floor":30,"turns":4},{"damage":5,"enemies":"Sentry and Sphere","floor":31,"turns":3},{"damage":51,"enemies":"Automaton","floor":33,"turns":6}],"seed_played":"5325636153210924989","potions_obtained":[{"floor":4,"key":"Fire Potion"},{"floor":4,"key":"Strength Potion"},{"floor":4,"key":"Explosive Potion"},{"floor":10,"key":"SkillPotion"},{"floor":18,"key":"AttackPotion"},{"floor":23,"key":"Weak Potion"},{"floor":31,"key":"Swift Potion"}],"is_trial":false,"path_per_floor":["M","$","T","?","M","E","R","E","T","E","M","?","R","M","R","B",null,"M","M","?","$","?","E","?","R","T","R","T","$","?","M","R"],"character_chosen":"THE_SILENT","items_purchased":["Membership Card","PreservedInsect"],"campfire_rested":0,"item_purchase_floors":[21,29],"current_hp_per_floor":[70,70,77,77,77,77,77,61,61,39,39,39,39,39,39,59,77,64,61,61,61,61,24,8,8,8,8,8,8,8,3,3,0],"gold":22,"neow_bonus":"THREE_ENEMY_KILL","is_prod":false,"is_daily":false,"chose_seed":false,"campfire_upgraded":6,"win_rate":0,"timestamp":1540198869,"path_taken":["M","$","?","?","M","E","R","E","T","E","M","?","R","M","R","BOSS","M","M","?","$","?","E","?","R","T","R","?","$","?","M","R","BOSS"],"build_version":"2018-10-18","purchased_purges":1,"victory":false,"max_hp_per_floor":[70,70,77,77,77,77,77,77,77,77,77,77,77,77,77,77,77,77,77,77,77,77,77,77,77,77,77,77,77,77,77,77,77],"card_choices":[{"not_picked":["Heel Hook","Predator"],"picked":"Prepared","floor":1},{"not_picked":["Leg Sweep","Flying Knee","Well Laid Plans"],"picked":"SKIP","floor":5},{"not_picked":["Underhanded Strike","Flying Knee"],"picked":"Blade Dance","floor":6},{"not_picked":["Blur","Bane"],"picked":"Slice","floor":8},{"not_picked":["Endless Agony","Reflex"],"picked":"Calculated Gamble","floor":10},{"not_picked":["Escape Plan","Endless Agony"],"picked":"Accuracy","floor":11},{"not_picked":["Bouncing Flask","Deflect"],"picked":"Choke","floor":14},{"not_picked":["Doppelganger","Adrenaline"],"picked":"After Image","floor":16},{"not_picked":["Deflect","PiercingWail"],"picked":"Acrobatics","floor":18},{"not_picked":["Flechettes","Deadly Poison+1"],"picked":"Calculated Gamble+1","floor":19},{"not_picked":["Riddle With Holes","Dagger Spray"],"picked":"A Thousand Cuts","floor":23},{"not_picked":["Riddle With Holes+1","Deflect"],"picked":"Dagger Throw+1","floor":31}],"player_experience":318621,"relics_obtained":[{"floor":3,"key":"Strawberry"},{"floor":6,"key":"Dodecahedron"},{"floor":8,"key":"Kunai"},{"floor":9,"key":"Pantograph"},{"floor":10,"key":"Ancient Tea Set"},{"floor":23,"key":"Gambling Chip"},{"floor":24,"key":"Nilry\u0027s Codex"},{"floor":26,"key":"Smiling Mask"},{"floor":28,"key":"Blue Candle"}],"event_choices":[{"damage_healed":0,"gold_gain":0,"player_choice":"Bought 3 Potions","damage_taken":0,"max_hp_gain":0,"max_hp_loss":0,"event_name":"The Woman in Blue","floor":4,"gold_loss":0},{"damage_healed":0,"gold_gain":0,"player_choice":"3 cards matched","damage_taken":0,"max_hp_gain":0,"max_hp_loss":0,"event_name":"Match and Keep!","floor":12,"gold_loss":0,"cards_obtained":["Jack Of All Trades","Infinite Blades","Doppelganger"]},{"cards_removed":["Strike_G"],"damage_healed":0,"gold_gain":0,"player_choice":"Upgrade and Remove","damage_taken":0,"max_hp_gain":0,"max_hp_loss":0,"event_name":"Designer","floor":20,"gold_loss":90,"cards_upgraded":["Defend_G"]},{"damage_healed":0,"gold_gain":0,"player_choice":"Ignored","damage_taken":0,"max_hp_gain":0,"max_hp_loss":0,"event_name":"Vampires","floor":22,"gold_loss":0},{"damage_healed":0,"gold_gain":0,"player_choice":"Obtained Book","damage_taken":16,"max_hp_gain":0,"max_hp_loss":0,"event_name":"Cursed Tome","floor":24,"gold_loss":0},{"damage_healed":0,"gold_gain":0,"player_choice":"Fight","damage_taken":0,"max_hp_gain":0,"max_hp_loss":0,"event_name":"Colosseum","floor":30,"gold_loss":0},{"damage_healed":0,"gold_gain":0,"player_choice":"Fled From Nobs","damage_taken":0,"max_hp_gain":0,"max_hp_loss":0,"event_name":"Colosseum","floor":30,"gold_loss":0}],"is_beta":false,"boss_relics":[{"not_picked":["Cursed Key","Eternal Feather"],"picked":"Coffee Dripper"}],"items_purged_floors":[2],"is_endless":false,"potions_floor_spawned":[5,6,10,11,18,23,31],"killed_by":"Automaton","ascension_level":1}