{"gold_per_floor":[110,110,120,98,98,98,115,115,163,182,192,224,238,269,269,371,371,388,313,324,337,210,210,225,240,240,240,240,254,254,254,254,351,351,364,384,400,348,368,368,387,387,387,387,131,149,167,177,177,177],"floor_reached":50,"playtime":2028,"items_purged":["Defend_R","Defend_R"],"score":510,"play_id":"073f5fff-f359-4e6a-8490-241fceb23158","local_time":"20180913061757","is_ascension_mode":false,"campfire_choices":[{"data":"Perfected Strike","floor":6,"key":"SMITH"},{"data":"Pommel Strike","floor":15,"key":"SMITH"},{"data":"Perfected Strike","floor":23,"key":"SMITH"},{"data":"Clash","floor":27,"key":"SMITH"},{"data":"Pommel Strike","floor":30,"key":"SMITH"},{"floor":32,"key":"REST"},{"data":"Perfected Strike","floor":40,"key":"SMITH"},{"data":"Impervious","floor":42,"key":"SMITH"},{"data":"Pommel Strike","floor":44,"key":"SMITH"},{"floor":49,"key":"REST"}],"neow_cost":"","seed_source_timestamp":5607252054089,"circlet_count":0,"master_deck":["Strike_R","Strike_R","Strike_R","Strike_R","Strike_R","Defend_R","Defend_R","Bash","Perfected Strike+1","Pommel Strike+1","Perfected Strike+1","Clash+1","Pommel Strike+1","Impervious+1","Perfected Strike+1","Twin Strike","Pommel Strike+1","Wild Strike","Perfected Strike+1"],"relics":["Burning Blood","Strawberry","Centennial Puzzle","Frozen Egg 2","Cursed Key","Sozu","Singing Bowl"],"potions_floor_usage":[14,16,16,20,33,33],"damage_taken":[{"damage":0,"enemies":"Small Slimes","floor":1,"turns":3},{"damage":0,"enemies":"Cultist","floor":3,"turns":2},{"damage":6,"enemies":"Jaw Worm","floor":7,"turns":2},{"damage":11,"enemies":"Exordium Thugs","floor":10,"turns":3},{"damage":5,"enemies":"Looter","floor":11,"turns":2},{"damage":13,"enemies":"3 Sentries","floor":12,"turns":4},{"damage":0,"enemies":"2 Fungi Beasts","floor":13,"turns":2},{"damage":13,"enemies":"Lagavulin","floor":14,"turns":3},{"damage":49,"enemies":"Hexaghost","floor":16,"turns":7},{"damage":0,"enemies":"Spheric Guardian","floor":18,"turns":2},{"damage":10,"enemies":"2 Thieves","floor":20,"turns":3},{"damage":20,"enemies":"Centurion and Healer","floor":21,"turns":4},{"damage":5,"enemies":"Sentry and Sphere","floor":24,"turns":3},{"damage":10,"enemies":"Chosen and Byrds","floor":25,"turns":3},{"damage":22,"enemies":"Shelled Parasite and Fungi","floor":29,"turns":3},{"damage":56,"enemies":"Champ","floor":33,"turns":7},{"damage":0,"enemies":"3 Darklings","floor":35,"turns":3},{"damage":15,"enemies":"Orb Walker","floor":36,"turns":2},{"damage":19,"enemies":"3 Darklings","floor":37,"turns":3},{"damage":0,"enemies":"Spire Growth","floor":39,"turns":2},{"damage":13,"enemies":"4 Shapes","floor":41,"turns":2},{"damage":9,"enemies":"Reptomancer","floor":46,"turns":2},{"damage":20,"enemies":"Sphere and 2 Shapes","floor":47,"turns":2},{"damage":0,"enemies":"3 Darklings","floor":48,"turns":4},{"damage":97,"enemies":"Time Eater","floor":50,"turns":7}],"seed_played":"7312908001486013552","potions_obtained":[{"floor":7,"key":"AttackPotion"},{"floor":11,"key":"SteroidPotion"},{"floor":14,"key":"Fire Potion"},{"floor":18,"key":"SpeedPotion"},{"floor":21,"key":"EssenceOfSteel"},{"floor":25,"key":"SteroidPotion"}],"is_trial":false,"path_per_floor":["M","$","M","$","?","R","M","$","T","M","M","E","M","E","R","B",null,"M","$","M","M","$","R","M","M","T","R","?","M","R","?","R","B",null,"M","M","M","$","M","R","M","R","T","R","$","M","M","M","R"],"character_chosen":"IRONCLAD","items_purchased":["Perfected Strike","Pommel Strike","Wild Strike","Singing Bowl"],"campfire_rested":2,"item_purchase_floors":[4,22,38,45],"current_hp_per_floor":[80,80,80,80,80,80,80,80,87,82,83,76,82,75,75,32,87,87,87,83,69,69,69,70,66,66,66,66,50,50,33,60,10,92,92,83,70,70,76,76,69,69,69,69,69,68,56,64,93,0],"gold":177,"neow_bonus":"","is_prod":false,"is_daily":false,"chose_seed":false,"campfire_upgraded":8,"win_rate":0,"timestamp":1536833877,"path_taken":["M","$","M","$","?","R","?","$","T","M","M","E","M","E","R","BOSS","M","$","M","M","$","R","M","M","T","R","?","M","R","?","R","BOSS","M","M","M","$","M","R","M","R","T","R","$","M","M","M","R","BOSS"],"build_version":"2018-09-06","purchased_purges":2,"victory":false,"max_hp_per_floor":[80,80,80,80,80,80,80,80,87,87,87,87,87,87,87,87,87,87,87,87,87,87,87,87,87,87,87,87,87,87,92,92,92,92,92,92,92,92,92,92,92,92,92,92,92,94,96,98,98,98],"card_choices":[{"not_picked":["Flex","Spot Weakness"],"picked":"Perfected Strike","floor":1},{"not_picked":["Wild Strike","Flex"],"picked":"Pommel Strike","floor":3},{"not_picked":["Burning Pact","Whirlwind"],"picked":"Clash","floor":7},{"not_picked":["Clothesline","Infernal Blade"],"picked":"Pommel Strike","floor":10},{"not_picked":["Heavy Blade","Headbutt","True Grit"],"picked":"SKIP","floor":11},{"not_picked":["Headbutt","Juggernaut","Intimidate"],"picked":"SKIP","floor":12},{"not_picked":["Searing Blow","Clothesline","Cleave"],"picked":"SKIP","floor":13},{"not_picked":["Immolate","Rage","Headbutt"],"picked":"SKIP","floor":14},{"not_picked":["Exhume","Brutality+1"],"picked":"Impervious","floor":16},{"not_picked":["Flame Barrier","Blood for Blood+1","Evolve+1"],"picked":"SKIP","floor":18},{"not_picked":["Flex","Iron Wave"],"picked":"Perfected Strike","floor":20},{"not_picked":["Flame Barrier","Havoc+1"],"picked":"Twin Strike","floor":21},{"not_picked":["Metallicize+1","Uppercut","Rupture+1"],"picked":"SKIP","floor":24},{"not_picked":["Dual Wield","Hemokinesis","Combust+1"],"picked":"SKIP","floor":25},{"not_picked":["Inflame+1","Havoc+1","Dual Wield"],"picked":"SKIP","floor":29},{"not_picked":["Thunderclap+1","Iron Wave","Sword Boomerang+1"],"picked":"SKIP","floor":35},{"not_picked":["Pummel","Flex+1","Carnage"],"picked":"SKIP","floor":36},{"not_picked":["Headbutt+1","Clothesline","Heavy Blade+1"],"picked":"SKIP","floor":37},{"not_picked":["Shockwave+1","Armaments+1"],"picked":"Perfected Strike","floor":39},{"not_picked":["Battle Trance","Bloodletting","Flame Barrier"],"picked":"SKIP","floor":41},{"not_picked":["Headbutt","Offering","Spot Weakness"],"picked":"Singing Bowl","floor":46},{"not_picked":["Inflame+1","Burning Pact+1","Combust+1"],"picked":"Singing Bowl","floor":47},{"not_picked":["Havoc","Warcry+1","Clothesline"],"picked":"Singing Bowl","floor":48}],"player_experience":128815,"relics_obtained":[{"floor":9,"key":"Strawberry"},{"floor":12,"key":"Centennial Puzzle"},{"floor":14,"key":"Frozen Egg 2"}],"event_choices":[{"event_name":"Accursed Blacksmith","player_choice":"Forge","floor":5,"damage_taken":0},{"event_name":"Ghosts","player_choice":"Ignored","floor":28,"damage_taken":0},{"event_name":"Forgotten Altar","player_choice":"Shed Blood","floor":31,"damage_taken":0}],"is_beta":false,"boss_relics":[{"not_picked":["Runic Dome","Ectoplasm"],"picked":"Cursed Key"},{"not_picked":["Runic Cube","Calling Bell"],"picked":"Sozu"}],"items_purged_floors":[19,22],"is_endless":false,"potions_floor_spawned":[7,11,12,14,18,21,25,41,46],"killed_by":"Time Eater","ascension_level":0}