{"gold_per_floor":[118,168,188,206,206,239,239,266,293,293,293,306,306,339,339,418,418,418,100,100,100,15,15,15,15,15,15,15,15,15,15,15,15,15,15,15,15,15,15,15,15,15,15,15,15,15,15,15,15,15],"floor_reached":51,"playtime":4168,"items_purged":["Strike_G"],"score":1544,"play_id":"89397e04-6877-4ef5-a6bd-428a428d1e26","local_time":"20180701220152","is_ascension_mode":true,"campfire_choices":[{"data":"Neutralize","floor":7,"key":"SMITH"},{"floor":11,"key":"REST"},{"data":"Predator","floor":13,"key":"SMITH"},{"data":"Predator","floor":15,"key":"SMITH"},{"data":"Well Laid Plans","floor":23,"key":"SMITH"},{"floor":29,"key":"REST"},{"floor":32,"key":"REST"},{"data":"Burst","floor":40,"key":"SMITH"},{"data":"Cloak And Dagger","floor":42,"key":"SMITH"},{"floor":49,"key":"REST"}],"neow_cost":"NONE","seed_source_timestamp":1207966724108166,"circlet_count":0,"master_deck":["Defend_G","Defend_G+1","Defend_G","Defend_G+1","Defend_G","Strike_G","Survivor","Neutralize+1","AscendersBane","Flying Knee","Crippling Poison+1","Predator+1","Cloak And Dagger+1","Predator+1","Blur","Die Die Die","Bullet Time","Well Laid Plans+1","Malaise+1","Blur","Dodge and Roll","Leg Sweep+1","Footwork+1","After Image+1","Riddle With Holes+1","Backstab+1","Grand Finale+1","Dark Shackles","Sadistic Nature+1","Finesse","Burst+1","Malaise+1","Blur"],"relics":["Ring of the Snake","War Paint","Happy Flower","Ancient Tea Set","Bag of Preparation","Ectoplasm","Frozen Egg 2","Pen Nib","Red Mask","Mercury Hourglass","Singing Bowl","Lantern","Anchor","Matryoshka","Astrolabe","Tiny Chest","Art of War","Potion Belt","Orichalcum","Dodecahedron"],"potions_floor_usage":[6,6,20,28,33,45,50,50,50,50],"damage_taken":[{"damage":0,"enemies":"2 Louse","floor":1,"turns":5},{"damage":0,"enemies":"Cultist","floor":3,"turns":4},{"damage":3,"enemies":"Jaw Worm","floor":4,"turns":4},{"damage":15,"enemies":"Lagavulin","floor":6,"turns":8},{"damage":17,"enemies":"3 Sentries","floor":8,"turns":9},{"damage":1,"enemies":"3 Louse","floor":12,"turns":2},{"damage":0,"enemies":"Lagavulin","floor":14,"turns":6},{"damage":17,"enemies":"The Guardian","floor":16,"turns":15},{"damage":7,"enemies":"Shell Parasite","floor":18,"turns":5},{"damage":0,"enemies":"Chosen","floor":20,"turns":3},{"damage":0,"enemies":"Centurion and Healer","floor":21,"turns":6},{"damage":27,"floor":24,"turns":5},{"damage":2,"enemies":"Book of Stabbing","floor":25,"turns":7},{"damage":0,"enemies":"Gremlin Leader","floor":28,"turns":9},{"damage":0,"enemies":"Book of Stabbing","floor":30,"turns":6},{"damage":23,"enemies":"Champ","floor":33,"turns":27},{"damage":0,"enemies":"3 Darklings","floor":35,"turns":4},{"damage":0,"enemies":"Orb Walker","floor":39,"turns":3},{"damage":0,"enemies":"Nemesis","floor":41,"turns":9},{"damage":11,"enemies":"Giant Head","floor":45,"turns":13},{"damage":3,"enemies":"3 Darklings","floor":46,"turns":5},{"damage":16,"enemies":"2 Orb Walkers","floor":47,"turns":7},{"damage":1,"enemies":"Maw","floor":48,"turns":9},{"damage":11,"enemies":"Donu and Deca","floor":50,"turns":13}],"seed_played":"1997761074084937798","potions_obtained":[{"floor":1,"key":"Ancient Potion"},{"floor":4,"key":"Block Potion"},{"floor":8,"key":"GhostInAJar"},{"floor":14,"key":"Ancient Potion"},{"floor":20,"key":"FearPotion"},{"floor":33,"key":"Dexterity Potion"},{"floor":45,"key":"FearPotion"},{"floor":46,"key":"GhostInAJar"},{"floor":47,"key":"PowerPotion"},{"floor":48,"key":"AttackPotion"}],"is_trial":false,"path_per_floor":["M","?","M","M","?","E","R","E","T","?","R","M","R","E","R","B",null,"M","$","M","M","?","R","?","E","T","?","E","R","E","?","R","B",null,"M","?","?","?","M","R","E","R","T","$","E","M","E","M","R","B"],"character_chosen":"THE_SILENT","items_purchased":["Frozen Egg 2"],"campfire_rested":4,"item_purchase_floors":[19],"current_hp_per_floor":[65,65,65,62,62,47,47,30,30,30,51,50,50,50,50,33,62,55,55,55,55,55,55,28,26,26,26,26,47,49,49,71,48,68,70,70,60,60,60,60,62,62,62,62,53,52,36,37,62,51],"gold":15,"neow_bonus":"TEN_PERCENT_HP_BONUS","is_prod":false,"is_daily":false,"chose_seed":false,"campfire_upgraded":6,"win_rate":0,"timestamp":1530475312,"path_taken":["M","?","M","M","?","E","R","E","T","?","R","?","R","E","R","BOSS","M","$","M","M","?","R","?","E","T","?","E","R","E","?","R","BOSS","M","?","?","?","M","R","E","R","T","?","E","?","E","M","R","BOSS"],"build_version":"2018-06-28","purchased_purges":1,"victory":true,"max_hp_per_floor":[72,72,72,72,72,72,72,72,72,72,72,72,72,72,72,72,72,72,72,72,72,72,72,72,72,72,72,72,72,74,74,74,74,74,76,76,76,76,76,76,78,78,78,78,80,82,82,84,84,84],"card_choices":[{"not_picked":["Blade Dance","Heel Hook"],"picked":"Flying Knee","floor":1},{"not_picked":["Flying Knee","Catalyst"],"picked":"Crippling Poison","floor":3},{"not_picked":["PiercingWail","Leg Sweep"],"picked":"Predator","floor":4},{"not_picked":["Distraction","Terror"],"picked":"Cloak And Dagger","floor":6},{"not_picked":["Backflip","Deflect"],"picked":"Predator","floor":8},{"not_picked":["Setup","Heel Hook"],"picked":"Blur","floor":12},{"not_picked":["Sucker Punch","PiercingWail"],"picked":"Die Die Die","floor":14},{"not_picked":["Tools of the Trade","Die Die Die"],"picked":"Bullet Time","floor":16},{"not_picked":["Sucker Punch","Poisoned Stab"],"picked":"Well Laid Plans","floor":18},{"not_picked":["Cloak And Dagger","Riddle With Holes"],"picked":"Malaise+1","floor":20},{"not_picked":["Quick Slash","Deflect"],"picked":"Blur","floor":21},{"not_picked":["Outmaneuver","Cloak And Dagger"],"picked":"Dodge and Roll","floor":24},{"not_picked":["Dagger Throw","Choke","Sucker Punch"],"picked":"SKIP","floor":25},{"not_picked":["Escape Plan","Blade Dance"],"picked":"Leg Sweep+1","floor":28},{"not_picked":["Bane","Heel Hook","Eviscerate"],"picked":"Singing Bowl","floor":30},{"not_picked":["Bullet Time","Unload"],"picked":"After Image+1","floor":33},{"not_picked":["Underhanded Strike","Cloak And Dagger","Flying Knee+1"],"picked":"Singing Bowl","floor":35},{"not_picked":["Purity","Finesse"],"picked":"Dark Shackles","floor":37},{"not_picked":["Apotheosis","Secret Technique"],"picked":"Sadistic Nature+1","floor":37},{"not_picked":["Jack Of All Trades","Secret Weapon"],"picked":"Finesse","floor":37},{"not_picked":["Outmaneuver+1","Setup"],"picked":"Malaise+1","floor":39},{"not_picked":["Dagger Throw","Deflect+1","Riddle With Holes+1"],"picked":"Singing Bowl","floor":41},{"not_picked":["Dodge and Roll","Heel Hook","Tactician"],"picked":"Singing Bowl","floor":45},{"not_picked":["Dagger Throw+1","Deflect","All Out Attack"],"picked":"Singing Bowl","floor":46},{"not_picked":["Distraction","Flying Knee"],"picked":"Blur","floor":47},{"not_picked":["Deadly Poison+1","Dagger Throw+1","Quick Slash"],"picked":"Singing Bowl","floor":48}],"player_experience":731778,"relics_obtained":[{"floor":6,"key":"War Paint"},{"floor":8,"key":"Happy Flower"},{"floor":9,"key":"Ancient Tea Set"},{"floor":14,"key":"Bag of Preparation"},{"floor":24,"key":"Red Mask"},{"floor":25,"key":"Mercury Hourglass"},{"floor":26,"key":"Singing Bowl"},{"floor":28,"key":"Anchor"},{"floor":30,"key":"Matryoshka"},{"floor":41,"key":"Tiny Chest"},{"floor":43,"key":"Art of War"},{"floor":43,"key":"Potion Belt"},{"floor":45,"key":"Orichalcum"},{"floor":47,"key":"Dodecahedron"}],"event_choices":[{"event_name":"Golden Shrine","player_choice":"Pray","floor":2,"damage_taken":0},{"event_name":"Accursed Blacksmith","player_choice":"Forge","floor":5,"damage_taken":0},{"event_name":"Golden Idol","player_choice":"Ignored","floor":10,"damage_taken":0},{"event_name":"Addict","player_choice":"Obtained Relic","floor":22,"damage_taken":0},{"event_name":"Masked Bandits","player_choice":"Fought over 15 gold","floor":24,"damage_taken":0},{"event_name":"The Mausoleum","player_choice":"Yes","floor":27,"damage_taken":0},{"event_name":"The Library","player_choice":"Read","floor":31,"damage_taken":0},{"event_name":"Fountain of Cleansing","player_choice":"Removed Curse","floor":36,"damage_taken":0},{"event_name":"SensoryStone","player_choice":"Memory 3","floor":37,"damage_taken":0},{"event_name":"Match and Keep!","player_choice":"1 cards matched","floor":38,"damage_taken":0}],"boss_relics":[{"not_picked":["Tiny House","Calling Bell"],"picked":"Ectoplasm"},{"not_picked":["Eternal Feather","White Beast Statue"],"picked":"Astrolabe"}],"items_purged_floors":[19],"is_endless":false,"potions_floor_spawned":[1,4,8,14,20,21,25,33,45,46,47,48],"ascension_level":15}