{"gold_per_floor":[113,133,133,133,7,7,7,19,19,44,58,112,112,131,131,230,230,240,240,240],"floor_reached":20,"playtime":706,"items_purged":["Strike_R"],"score":172,"play_id":"fc5219c7-ee4b-4fce-9109-bf6852249d24","local_time":"20190205224432","is_ascension_mode":false,"campfire_choices":[{"data":"Infernal Blade","floor":6,"key":"SMITH"},{"data":"Fire Breathing","floor":15,"key":"SMITH"}],"neow_cost":"NONE","seed_source_timestamp":4439602907648364,"circlet_count":0,"master_deck":["Strike_R","Strike_R","Strike_R","Strike_R","Defend_R","Defend_R","Defend_R","Defend_R","Bash","Thunderclap","Ghostly Armor","Infernal Blade+1","Anger","Fire Breathing+1","Rage","Shrug It Off","Writhe"],"relics":["Burning Blood","Bag of Marbles","Ornamental Fan","Juzu Bracelet","Runic Cube","Paper Frog"],"potions_floor_usage":[16,16,16],"damage_taken":[{"damage":2,"enemies":"2 Louse","floor":1,"turns":3},{"damage":1,"enemies":"Small Slimes","floor":2,"turns":4},{"damage":6,"enemies":"Jaw Worm","floor":8,"turns":3},{"damage":25,"enemies":"3 Sentries","floor":10,"turns":7},{"damage":0,"enemies":"Red Slaver","floor":11,"turns":2},{"damage":0,"enemies":"2 Fungi Beasts","floor":14,"turns":2},{"damage":56,"enemies":"Hexaghost","floor":16,"turns":11},{"damage":29,"enemies":"Spheric Guardian","floor":18,"turns":7},{"damage":16,"enemies":"Shell Parasite","floor":20,"turns":4}],"seed_played":"-8736441743810066725","potions_obtained":[{"floor":1,"key":"FearPotion"},{"floor":11,"key":"Explosive Potion"},{"floor":14,"key":"SpeedPotion"},{"floor":18,"key":"Ancient Potion"}],"is_trial":false,"path_per_floor":["M","M","?","?","$","R","?","M","T","E","M","T","?","M","R","B",null,"M","?","M"],"character_chosen":"IRONCLAD","items_purchased":["Anger"],"campfire_rested":0,"item_purchase_floors":[5],"current_hp_per_floor":[80,80,68,73,73,73,73,73,73,54,60,60,60,66,66,16,85,62,62,46],"gold":240,"neow_bonus":"THREE_CARDS","is_prod":false,"is_daily":false,"chose_seed":false,"campfire_upgraded":2,"win_rate":0,"timestamp":1549424672,"path_taken":["M","M","?","?","$","R","?","M","T","E","M","?","?","M","R","BOSS","M","?","M"],"build_version":"2019-01-23","purchased_purges":1,"victory":false,"max_hp_per_floor":[80,80,80,85,85,85,85,85,85,85,85,85,85,85,85,85,85,85,85,85],"card_choices":[{"not_picked":["Wild Strike","Havoc"],"picked":"Thunderclap","floor":0},{"not_picked":["Blood for Blood","Havoc"],"picked":"Ghostly Armor","floor":1},{"not_picked":["Havoc","Heavy Blade"],"picked":"Infernal Blade","floor":2},{"not_picked":["Havoc","Clash"],"picked":"Fire Breathing","floor":8},{"not_picked":["Juggernaut","Reckless Charge"],"picked":"Rage","floor":10},{"not_picked":["Clothesline","Body Slam","Pommel Strike"],"picked":"SKIP","floor":11},{"not_picked":["Clash","Wild Strike","Pommel Strike"],"picked":"SKIP","floor":14},{"not_picked":["Clothesline","Havoc+1"],"picked":"Shrug It Off","floor":18}],"player_experience":62182,"relics_obtained":[{"floor":10,"key":"Ornamental Fan"},{"floor":12,"key":"Juzu Bracelet"}],"event_choices":[{"damage_healed":0,"gold_gain":0,"player_choice":"Success","damage_taken":12,"relics_obtained":["Bag of Marbles"],"max_hp_gain":0,"max_hp_loss":0,"event_name":"Scrap Ooze","floor":3,"gold_loss":0},{"damage_healed":0,"gold_gain":0,"player_choice":"Donut","damage_taken":0,"max_hp_gain":5,"max_hp_loss":0,"event_name":"Big Fish","floor":4,"gold_loss":0},{"damage_healed":0,"gold_gain":0,"player_choice":"Leave","damage_taken":0,"max_hp_gain":0,"max_hp_loss":0,"event_name":"The Cleric","floor":7,"gold_loss":0},{"damage_healed":0,"gold_gain":0,"player_choice":"Ignored","damage_taken":0,"max_hp_gain":0,"max_hp_loss":0,"event_name":"Liars Game","floor":13,"gold_loss":0},{"damage_healed":0,"gold_gain":0,"player_choice":"Opened","damage_taken":0,"relics_obtained":["Paper Frog"],"max_hp_gain":0,"max_hp_loss":0,"event_name":"The Mausoleum","floor":19,"gold_loss":0,"cards_obtained":["Writhe"]}],"is_beta":false,"boss_relics":[{"not_picked":["Lizard Tail","Velvet Choker"],"picked":"Runic Cube"}],"items_purged_floors":[5],"is_endless":false,"potions_floor_spawned":[1,11,14,18],"killed_by":"Shell Parasite","ascension_level":0}