{"gold_per_floor":[215,165,165,165,185,211,211,60,83,83,158,170,170,189,189,285,285,299,299,189,204,215,240,240,253,310,0,28,42,42,42,42,144,144,158,174,18,42,42,42,142,156,181,200,200,0,17,17],"floor_reached":48,"playtime":2497,"items_purged":["Defend_B"],"score":563,"play_id":"145707ff-c32c-4f7c-b68d-d7da610c3316","local_time":"20190210001352","is_ascension_mode":true,"campfire_choices":[{"data":"Dualcast","floor":7,"key":"SMITH"},{"floor":10,"key":"REST"},{"data":"Auto Shields","floor":13,"key":"SMITH"},{"data":"Zap","floor":15,"key":"SMITH"},{"data":"Redo","floor":24,"key":"SMITH"},{"data":"Sunder","floor":32,"key":"SMITH"},{"floor":40,"key":"REST"}],"neow_cost":"NONE","seed_source_timestamp":266914113056790,"circlet_count":0,"master_deck":["Strike_B","Strike_B","Strike_B","Defend_B","Defend_B","Zap+1","Dualcast+1","Undo","Self Repair+1","Auto Shields+1","Self Repair+1","Rebound","Redo+1","Core Surge","Go for the Eyes+1","Zap","Biased Cognition+1","Defragment+1","Sunder+1","Coolheaded","Hello World+1","Beam Cell","Lockon+1","Injury","Melter","Leap","Decay","Meteor Strike","Double Energy+1","Buffer+1","Regret","Coolheaded+1","Coolheaded+1","Doubt","Compile Driver+1","Madness","Madness","Rip and Tear+1"],"relics":["Cracked Core","Frozen Egg 2","Juzu Bracelet","Strawberry","Cursed Key","Mercury Hourglass","Tiny Chest","StoneCalendar","Regal Pillow","Fusion Hammer","Lantern","Calipers","Omamori","Red Mask"],"potions_floor_usage":[14,33,33,44,48,48],"damage_taken":[{"damage":2,"enemies":"Jaw Worm","floor":1,"turns":3},{"damage":3,"enemies":"2 Louse","floor":5,"turns":3},{"damage":35,"enemies":"Lagavulin","floor":6,"turns":8},{"damage":0,"enemies":"Cultist","floor":12,"turns":4},{"damage":5,"enemies":"Large Slime","floor":14,"turns":5},{"damage":34,"enemies":"The Guardian","floor":16,"turns":15},{"damage":13,"enemies":"2 Thieves","floor":18,"turns":4},{"damage":0,"enemies":"Chosen","floor":21,"turns":3},{"damage":13,"enemies":"Snecko","floor":22,"turns":6},{"damage":30,"enemies":"Gremlin Leader","floor":23,"turns":6},{"damage":24,"enemies":"Shelled Parasite and Fungi","floor":25,"turns":4},{"damage":16,"enemies":"Book of Stabbing","floor":28,"turns":6},{"damage":9,"enemies":"Centurion and Healer","floor":29,"turns":4},{"damage":58,"enemies":"Collector","floor":33,"turns":7},{"damage":55,"enemies":"3 Darklings","floor":35,"turns":5},{"damage":12,"enemies":"3 Shapes","floor":36,"turns":4},{"damage":0,"enemies":"Mind Bloom Boss Battle","floor":41,"turns":8},{"damage":15,"enemies":"Sphere and 2 Shapes","floor":42,"turns":5},{"damage":35,"enemies":"Jaw Worm Horde","floor":44,"turns":4},{"damage":43,"enemies":"3 Darklings","floor":47,"turns":7},{"damage":25,"enemies":"Writhing Mass","floor":48,"turns":4}],"seed_played":"-9207399094223325978","potions_obtained":[{"floor":12,"key":"Explosive Potion"},{"floor":14,"key":"Dexterity Potion"},{"floor":18,"key":"FearPotion"},{"floor":22,"key":"EssenceOfSteel"},{"floor":25,"key":"LiquidBronze"},{"floor":35,"key":"Poison Potion"},{"floor":42,"key":"Weak Potion"},{"floor":47,"key":"FearPotion"}],"is_trial":false,"path_per_floor":["M","?","?","?","M","E","R","$","T","R","?","M","R","M","R","B",null,"M","?","$","M","M","E","R","M","T","$","E","M","?","?","R","B",null,"M","M","$","T","?","R","?","M","T","M","?","?","M","M"],"character_chosen":"DEFECT","items_purchased":["Self Repair+1","Defragment+1","Sunder","StoneCalendar","Buffer+1"],"campfire_rested":2,"item_purchase_floors":[8,20,20,27,37],"current_hp_per_floor":[73,73,66,54,51,26,26,26,33,57,46,66,66,81,81,67,82,82,82,82,82,79,69,69,65,65,65,69,70,70,70,70,22,82,47,35,35,35,72,72,72,72,72,57,48,48,25,0],"gold":17,"neow_bonus":"HUNDRED_GOLD","is_prod":false,"is_daily":false,"chose_seed":false,"campfire_upgraded":5,"win_rate":0,"timestamp":1549775632,"path_taken":["M","?","?","?","M","E","R","$","T","R","?","M","R","M","R","BOSS","M","?","$","M","M","E","R","M","T","$","E","M","?","?","R","BOSS","M","M","$","?","?","R","?","M","T","M","?","?","M","M"],"build_version":"2019-01-23","purchased_purges":1,"victory":false,"max_hp_per_floor":[75,75,75,75,75,75,75,75,82,82,82,82,82,82,82,82,82,82,82,82,82,82,82,82,82,82,82,82,82,82,82,82,82,82,82,82,82,82,72,72,72,72,72,72,72,72,72,72],"card_choices":[{"not_picked":["Compile Driver","Turbo"],"picked":"Undo","floor":1},{"not_picked":["Go for the Eyes","Lockon"],"picked":"Self Repair+1","floor":5},{"not_picked":["Lockon","Sunder"],"picked":"Auto Shields","floor":6},{"not_picked":["Capacitor+1","Ball Lightning"],"picked":"Rebound","floor":12},{"not_picked":["Undo","Sweeping Beam"],"picked":"Redo","floor":14},{"not_picked":["Rainbow","Biased Cognition+1"],"picked":"Core Surge","floor":16},{"not_picked":["Coolheaded","Auto Shields"],"picked":"Go for the Eyes+1","floor":18},{"not_picked":["Barrage+1","Leap"],"picked":"Coolheaded","floor":21},{"not_picked":["Conserve Battery","Capacitor+1"],"picked":"Hello World+1","floor":22},{"not_picked":["Steam Power+1","Reprogram"],"picked":"Beam Cell","floor":23},{"not_picked":["Go for the Eyes","Turbo"],"picked":"Lockon+1","floor":25},{"not_picked":["Auto Shields","Sweeping Beam"],"picked":"Melter","floor":28},{"not_picked":["Compile Driver+1","Sweeping Beam"],"picked":"Leap","floor":29},{"not_picked":["All For One","Multi-Cast"],"picked":"Meteor Strike","floor":33},{"not_picked":["Conserve Battery+1","Steam"],"picked":"Double Energy+1","floor":35},{"not_picked":["Sweeping Beam","Stack+1","Conserve Battery"],"picked":"SKIP","floor":36},{"not_picked":["Redo","Beam Cell"],"picked":"Coolheaded+1","floor":41},{"not_picked":["Reprogram","Stack"],"picked":"Coolheaded+1","floor":42},{"not_picked":["Amplify","Scrape"],"picked":"Compile Driver+1","floor":44},{"not_picked":["Sweeping Beam","Capacitor+1"],"picked":"Rip and Tear+1","floor":47}],"player_experience":174164,"relics_obtained":[{"floor":6,"key":"Juzu Bracelet"},{"floor":9,"key":"Strawberry"},{"floor":23,"key":"Mercury Hourglass"},{"floor":26,"key":"Tiny Chest"},{"floor":28,"key":"Regal Pillow"},{"floor":38,"key":"Lantern"},{"floor":41,"key":"Calipers"},{"floor":43,"key":"Omamori"}],"event_choices":[{"cards_removed":["Defend_B"],"damage_healed":0,"gold_gain":0,"player_choice":"Card Removal","damage_taken":0,"max_hp_gain":0,"max_hp_loss":0,"event_name":"The Cleric","floor":2,"gold_loss":50},{"cards_removed":["Strike_B"],"damage_healed":0,"gold_gain":0,"player_choice":"Card Removal","damage_taken":7,"max_hp_gain":0,"max_hp_loss":0,"event_name":"Golden Wing","floor":3,"gold_loss":0},{"damage_healed":0,"gold_gain":0,"player_choice":"Success","damage_taken":12,"relics_obtained":["Frozen Egg 2"],"max_hp_gain":0,"max_hp_loss":0,"event_name":"Scrap Ooze","floor":4,"gold_loss":0},{"damage_healed":0,"gold_gain":75,"player_choice":"Gather Gold","damage_taken":11,"max_hp_gain":0,"max_hp_loss":0,"event_name":"World of Goop","floor":11,"gold_loss":0},{"damage_healed":0,"gold_gain":0,"player_choice":"2 cards matched","damage_taken":0,"max_hp_gain":0,"max_hp_loss":0,"event_name":"Match and Keep!","floor":19,"gold_loss":0,"cards_obtained":["Zap","Biased Cognition"]},{"damage_healed":0,"gold_gain":0,"player_choice":"Ignored","damage_taken":0,"max_hp_gain":0,"max_hp_loss":0,"event_name":"Ghosts","floor":30,"gold_loss":0},{"damage_healed":0,"gold_gain":0,"player_choice":"Cursed","damage_taken":0,"max_hp_gain":0,"max_hp_loss":0,"event_name":"Wheel of Change","floor":31,"gold_loss":0,"cards_obtained":["Decay"]},{"damage_healed":72,"gold_gain":0,"player_choice":"Heal","damage_taken":0,"max_hp_gain":0,"max_hp_loss":10,"event_name":"The Moai Head","floor":39,"gold_loss":0},{"damage_healed":0,"gold_gain":0,"player_choice":"Fight","damage_taken":0,"max_hp_gain":0,"max_hp_loss":0,"event_name":"MindBloom","floor":41,"gold_loss":0},{"damage_healed":0,"gold_gain":0,"player_choice":"Embrace Madness","damage_taken":9,"max_hp_gain":0,"max_hp_loss":0,"event_name":"Winding Halls","floor":45,"gold_loss":0,"cards_obtained":["Madness","Madness"]},{"damage_healed":0,"gold_gain":0,"player_choice":"Paid","damage_taken":0,"relics_obtained":["Red Mask"],"max_hp_gain":0,"max_hp_loss":0,"event_name":"Tomb of Lord Red Mask","floor":46,"gold_loss":200}],"is_beta":false,"boss_relics":[{"not_picked":["Coffee Dripper","Runic Dome"],"picked":"Cursed Key"},{"not_picked":["Snecko Eye","Sozu"],"picked":"Fusion Hammer"}],"items_purged_floors":[8],"is_endless":false,"potions_floor_spawned":[12,14,18,22,25,35,42,47],"killed_by":"Writhing Mass","ascension_level":3}