{"gold_per_floor":[119,132,132,155,132,144,189,217,229,312,342,52,52,62,62,158,158,174,189,189,199,211,211,240,240,240,46,59,59,69,83,83,181,181,200,300,300,24,38,38,50,50,50,100,100,100],"floor_reached":46,"playtime":6597,"items_purged":["Regret"],"score":517,"play_id":"388d673c-5daf-451c-925e-6b62db16437d","local_time":"20190302002639","is_ascension_mode":false,"campfire_choices":[{"data":"Noxious Fumes","floor":6,"key":"SMITH"},{"floor":13,"key":"REST"},{"floor":15,"key":"REST"},{"floor":23,"key":"REST"},{"floor":25,"key":"REST"},{"floor":32,"key":"REST"},{"floor":40,"key":"REST"}],"neow_cost":"NONE","seed_source_timestamp":21640702707522,"circlet_count":0,"master_deck":["Defend_G","Defend_G","Defend_G","Defend_G","Defend_G","Strike_G","Survivor","Neutralize","Bullet Time","Endless Agony","Noxious Fumes+1","Backflip","Deadly Poison","Poisoned Stab","Footwork","Well Laid Plans","Sucker Punch","Tools of the Trade","Prepared","Sucker Punch+1","Footwork","Poisoned Stab","Footwork","Dodge and Roll","Magnetism","Bouncing Flask+1","Terror+1","Die Die Die","Unload+1","Die Die Die+1","Well Laid Plans","Footwork+1","Infinite Blades+1","Writhe","Blur+1"],"relics":["Ring of the Snake","MawBank","Bottled Flame","Centennial Puzzle","Gremlin Horn","Happy Flower","Velvet Choker","Peace Pipe","Blood Vial","Astrolabe","WingedGreaves","Medical Kit","Darkstone Periapt","Unceasing Top"],"potions_floor_usage":[],"damage_taken":[{"damage":0,"enemies":"2 Louse","floor":1,"turns":3},{"damage":0,"enemies":"Jaw Worm","floor":2,"turns":4},{"damage":2,"enemies":"Cultist","floor":4,"turns":4},{"damage":33,"enemies":"3 Sentries","floor":7,"turns":9},{"damage":7,"enemies":"2 Fungi Beasts","floor":8,"turns":4},{"damage":17,"enemies":"Gremlin Gang","floor":11,"turns":5},{"damage":0,"enemies":"Large Slime","floor":14,"turns":6},{"damage":22,"enemies":"Slime Boss","floor":16,"turns":11},{"damage":2,"enemies":"3 Byrds","floor":18,"turns":5},{"damage":19,"enemies":"Spheric Guardian","floor":19,"turns":6},{"damage":3,"enemies":"3 Cultists","floor":21,"turns":6},{"damage":6,"enemies":"Snecko","floor":22,"turns":8},{"damage":14,"enemies":"Book of Stabbing","floor":24,"turns":7},{"damage":6,"enemies":"Cultist and Chosen","floor":28,"turns":6},{"damage":8,"enemies":"Sentry and Sphere","floor":30,"turns":6},{"damage":19,"enemies":"Shelled Parasite and Fungi","floor":31,"turns":6},{"damage":42,"enemies":"Automaton","floor":33,"turns":10},{"damage":31,"enemies":"3 Darklings","floor":35,"turns":5},{"damage":4,"enemies":"Mind Bloom Boss Battle","floor":36,"turns":9},{"damage":18,"enemies":"3 Shapes","floor":39,"turns":4},{"damage":14,"enemies":"Spire Growth","floor":41,"turns":6},{"damage":62,"enemies":"2 Orb Walkers","floor":44,"turns":7},{"damage":28,"enemies":"Jaw Worm Horde","floor":46,"turns":2}],"seed_played":"8281091893017441602","potions_obtained":[{"floor":1,"key":"SteroidPotion"},{"floor":7,"key":"PowerPotion"},{"floor":11,"key":"Explosive Potion"},{"floor":21,"key":"Block Potion"},{"floor":35,"key":"GhostInAJar"},{"floor":44,"key":"SpeedPotion"}],"is_trial":false,"path_per_floor":["M","M","?","M","?","R","E","M","T","T","M","$","R","M","R","B",null,"M","M","?","M","M","R","E","R","T","$","M","?","M","M","R","B",null,"M","?","?","$","M","R","M","?","T","?","?","M"],"character_chosen":"THE_SILENT","items_purchased":["Well Laid Plans","Happy Flower","Magnetism","Medical Kit","Well Laid Plans"],"campfire_rested":6,"item_purchase_floors":[12,12,27,38,38],"current_hp_per_floor":[70,70,70,68,70,70,37,30,30,30,13,13,34,34,55,33,70,68,49,49,46,40,61,47,68,68,68,64,51,45,28,50,10,75,44,42,85,85,67,85,71,85,85,23,23,0],"gold":100,"neow_bonus":"ONE_RANDOM_RARE_CARD","is_prod":false,"is_daily":false,"chose_seed":false,"campfire_upgraded":1,"win_rate":0.0,"timestamp":1551507999,"path_taken":["M","M","?","M","?","R","E","M","T","?","M","$","R","?","R","BOSS","M","M","?","M","?","R","E","R","T","$","M","?","M","M","R","BOSS","M","?","?","$","M","R","?","?","T","?","?","?"],"build_version":"2019-01-23","purchased_purges":1,"victory":false,"max_hp_per_floor":[70,70,70,70,70,70,70,70,70,70,70,70,70,70,70,70,70,70,70,70,70,70,70,70,70,70,70,70,75,75,75,75,75,75,75,75,85,85,85,85,85,85,85,85,85,85],"card_choices":[{"not_picked":["Finisher","Dagger Spray"],"picked":"Endless Agony","floor":1},{"not_picked":["Underhanded Strike","Acrobatics"],"picked":"Noxious Fumes","floor":2},{"not_picked":["Tactician","Deflect"],"picked":"Backflip","floor":4},{"not_picked":["Choke","Slice"],"picked":"Deadly Poison","floor":7},{"not_picked":["Dagger Spray","Acrobatics"],"picked":"Poisoned Stab","floor":8},{"not_picked":["Calculated Gamble","Poisoned Stab"],"picked":"Footwork","floor":11},{"not_picked":["Quick Slash","Choke"],"picked":"Sucker Punch","floor":14},{"not_picked":["Venomology","Night Terror"],"picked":"Tools of the Trade","floor":16},{"not_picked":["Poisoned Stab","Escape Plan+1"],"picked":"Prepared","floor":18},{"not_picked":["Blade Dance+1","PiercingWail"],"picked":"Sucker Punch+1","floor":19},{"not_picked":["Dagger Spray","Prepared"],"picked":"Poisoned Stab","floor":21},{"not_picked":["Prepared","Infinite Blades"],"picked":"Footwork","floor":22},{"not_picked":["Masterful Stab","Eviscerate"],"picked":"Dodge and Roll","floor":24},{"not_picked":["Quick Slash","Tools of the Trade"],"picked":"Bouncing Flask+1","floor":28},{"not_picked":["Dagger Spray","Predator","Poisoned Stab+1"],"picked":"SKIP","floor":30},{"not_picked":["Escape Plan","Dagger Throw"],"picked":"Terror+1","floor":31},{"not_picked":["Phantasmal Killer","Tools of the Trade"],"picked":"Die Die Die","floor":33},{"not_picked":["Slice","Poisoned Stab","Sucker Punch+1"],"picked":"SKIP","floor":35},{"not_picked":["Slice","Terror+1"],"picked":"Footwork+1","floor":39},{"not_picked":["Acrobatics","Finisher"],"picked":"Infinite Blades+1","floor":41},{"not_picked":["Dagger Throw+1","Quick Slash"],"picked":"Blur+1","floor":44}],"player_experience":14855,"relics_obtained":[{"floor":7,"key":"Bottled Flame"},{"floor":9,"key":"Centennial Puzzle"},{"floor":10,"key":"Gremlin Horn"},{"floor":24,"key":"Peace Pipe"},{"floor":26,"key":"Blood Vial"},{"floor":36,"key":"WingedGreaves"},{"floor":43,"key":"Darkstone Periapt"},{"floor":44,"key":"Unceasing Top"}],"event_choices":[{"damage_healed":0,"gold_gain":0,"player_choice":"Box","damage_taken":0,"relics_obtained":["MawBank"],"max_hp_gain":0,"max_hp_loss":0,"event_name":"Big Fish","floor":3,"gold_loss":0,"cards_obtained":["Regret"]},{"damage_healed":17,"gold_gain":0,"player_choice":"Healed","damage_taken":0,"max_hp_gain":0,"max_hp_loss":0,"event_name":"The Cleric","floor":5,"gold_loss":35},{"damage_healed":0,"gold_gain":0,"player_choice":"Copied","damage_taken":0,"max_hp_gain":0,"max_hp_loss":0,"event_name":"Duplicator","floor":20,"gold_loss":0,"cards_obtained":["Footwork"]},{"damage_healed":0,"gold_gain":0,"player_choice":"Shed Blood","damage_taken":18,"max_hp_gain":5,"max_hp_loss":0,"event_name":"Forgotten Altar","floor":29,"gold_loss":0},{"damage_healed":0,"gold_gain":0,"player_choice":"Fight","damage_taken":0,"max_hp_gain":0,"max_hp_loss":0,"event_name":"MindBloom","floor":36,"gold_loss":0},{"cards_removed":["Phantasmal Killer"],"damage_healed":33,"gold_gain":0,"player_choice":"Offered Rare","damage_taken":0,"max_hp_gain":10,"max_hp_loss":0,"event_name":"Bonfire Elementals","floor":37,"gold_loss":0},{"damage_healed":21,"gold_gain":0,"player_choice":"Writhe","damage_taken":0,"max_hp_gain":0,"max_hp_loss":0,"event_name":"Winding Halls","floor":42,"gold_loss":0,"cards_obtained":["Writhe"]},{"damage_healed":0,"gold_gain":0,"player_choice":"Fight","damage_taken":0,"max_hp_gain":0,"max_hp_loss":0,"event_name":"Mysterious Sphere","floor":44,"gold_loss":0},{"cards_removed":["Strike_G"],"damage_healed":0,"gold_gain":0,"player_choice":"Removed Attack","damage_taken":0,"max_hp_gain":0,"max_hp_loss":0,"event_name":"Falling","floor":45,"gold_loss":0}],"is_beta":false,"boss_relics":[{"not_picked":["Runic Dome","Lizard Tail"],"picked":"Velvet Choker"},{"not_picked":["Coffee Dripper","Empty Cage"],"picked":"Astrolabe"}],"items_purged_floors":[12],"is_endless":false,"potions_floor_spawned":[1,7,11,16,21,28,30,33,35,44],"killed_by":"Jaw Worm Horde","ascension_level":0}