{"gold_per_floor":[18,18,18,118,132,150,164,89,114,140,140,140,160,175,175,175],"floor_reached":16,"playtime":497,"items_purged":["Strike_G"],"score":102,"play_id":"7befcaac-1238-452e-a104-d05bdeb3aa84","local_time":"20180822175022","is_ascension_mode":false,"campfire_choices":[{"data":"Deadly Poison","floor":12,"key":"SMITH"},{"floor":15,"key":"REST"}],"neow_cost":"NO_GOLD","seed_source_timestamp":70936196857274,"circlet_count":0,"master_deck":["Defend_G+1","Defend_G","Defend_G+1","Defend_G+1","Strike_G+1","Strike_G","Survivor","Neutralize","Quick Slash","Distraction","Deadly Poison+1","Escape Plan","Deadly Poison"],"relics":["Ring of the Snake","War Paint","Potion Belt"],"potions_floor_usage":[13,14],"damage_taken":[{"damage":3,"enemies":"2 Louse","floor":1,"turns":2},{"damage":0,"enemies":"Jaw Worm","floor":5,"turns":4},{"damage":0,"enemies":"Cultist","floor":6,"turns":3},{"damage":10,"enemies":"Blue Slaver","floor":7,"turns":4},{"damage":24,"enemies":"Lagavulin","floor":10,"turns":6},{"damage":13,"enemies":"Large Slime","floor":13,"turns":5},{"damage":8,"enemies":"Exordium Thugs","floor":14,"turns":5},{"damage":40,"enemies":"Slime Boss","floor":16,"turns":15}],"seed_played":"-4667506578489065497","potions_obtained":[{"floor":1,"key":"SteroidPotion"},{"floor":10,"key":"Explosive Potion"},{"floor":13,"key":"PowerPotion"},{"floor":14,"key":"FearPotion"}],"is_trial":false,"path_per_floor":["M","?","?","?","M","M","M","$","T","E","?","R","M","M","R"],"character_chosen":"THE_SILENT","items_purchased":[],"campfire_rested":1,"item_purchase_floors":[],"current_hp_per_floor":[67,53,46,46,46,46,36,36,36,12,35,35,22,14,35,0],"gold":175,"neow_bonus":"REMOVE_TWO","is_prod":false,"is_daily":false,"chose_seed":false,"campfire_upgraded":1,"win_rate":0,"timestamp":1534974622,"path_taken":["M","?","?","?","M","M","M","$","T","E","?","R","?","M","R","BOSS"],"build_version":"2018-08-16","purchased_purges":1,"victory":false,"max_hp_per_floor":[70,70,70,70,70,70,70,70,70,70,70,70,70,70,70,70],"card_choices":[{"not_picked":["Slice","Expertise","Skewer"],"picked":"SKIP","floor":1},{"not_picked":["Underhanded Strike","Blur"],"picked":"Quick Slash","floor":5},{"not_picked":["Blade Dance","Bane"],"picked":"Distraction","floor":6},{"not_picked":["Choke","Underhanded Strike","Tactician"],"picked":"SKIP","floor":7},{"not_picked":["Infinite Blades","Terror"],"picked":"Deadly Poison","floor":10},{"not_picked":["Acrobatics","Dagger Spray"],"picked":"Escape Plan","floor":13},{"not_picked":["Outmaneuver","Slice"],"picked":"Deadly Poison","floor":14}],"player_experience":136107,"relics_obtained":[{"floor":9,"key":"War Paint"},{"floor":10,"key":"Potion Belt"}],"event_choices":[{"event_name":"Shining Light","player_choice":"Entered Light","floor":2,"damage_taken":0},{"event_name":"Golden Wing","player_choice":"Card Removal","floor":3,"damage_taken":0},{"event_name":"Wheel of Change","player_choice":"Gold","floor":4,"damage_taken":0},{"event_name":"Big Fish","player_choice":"Banana","floor":11,"damage_taken":0}],"is_beta":false,"boss_relics":[],"items_purged_floors":[8],"is_endless":false,"potions_floor_spawned":[1,10,13,14],"killed_by":"Slime Boss","ascension_level":0}