{"gold_per_floor":[111,111,186,205,3,28,43,78,78,404,404,415,431,105,105,105],"floor_reached":16,"playtime":925,"items_purged":["Defend_R","Pain"],"score":192,"play_id":"61ddda77-18c5-4e13-979d-bffe50db5db7","local_time":"20190207220109","is_ascension_mode":true,"campfire_choices":[{"data":"True Grit","floor":15,"key":"SMITH"}],"neow_cost":"NONE","seed_source_timestamp":86041065650923,"circlet_count":0,"master_deck":["AscendersBane","Strike_R","Strike_R","Strike_R","Strike_R","Defend_R","Defend_R","Bash","Shrug It Off","True Grit+1","Dropkick","Headbutt","Feel No Pain","Ghostly Armor","Impervious","Shrug It Off","Pommel Strike","Metallicize"],"special_seed":0,"relics":["Burning Blood","Boot","Bottled Tornado","Blood Vial","Old Coin","WarpedTongs","Oddly Smooth Stone"],"potions_floor_usage":[10,13],"damage_taken":[{"damage":4.0,"enemies":"2 Louse","floor":1.0,"turns":5.0},{"damage":11.0,"enemies":"Jaw Worm","floor":4.0,"turns":5.0},{"damage":32.0,"enemies":"Gremlin Nob","floor":6.0,"turns":4.0},{"damage":2.0,"enemies":"Small Slimes","floor":7.0,"turns":4.0},{"damage":17.0,"enemies":"3 Sentries","floor":8.0,"turns":14.0},{"damage":4,"enemies":"Lagavulin","floor":10,"turns":9},{"damage":15,"enemies":"3 Louse","floor":12,"turns":4},{"damage":1,"enemies":"Exordium Thugs","floor":13,"turns":8},{"damage":28,"enemies":"Hexaghost","floor":16,"turns":9}],"seed_played":"551941120077160913","potions_obtained":[{"floor":8,"key":"Block Potion"},{"floor":10,"key":"Weak Potion"}],"is_trial":false,"path_per_floor":["M","?","?","M","$","E","M","E","T","E","?","M","M","$","R","B"],"character_chosen":"IRONCLAD","items_purchased":["True Grit","Dropkick","Metallicize","Oddly Smooth Stone"],"campfire_rested":0,"item_purchase_floors":[5,5,14,14],"current_hp_per_floor":[74,67,56,51,51,25,29,18,18,22,22,15,22,22,22,0],"gold":105,"neow_bonus":"REMOVE_CARD","is_prod":false,"is_daily":false,"chose_seed":false,"campfire_upgraded":1,"win_rate":0,"timestamp":1549594869,"path_taken":["M","?","?","M","$","E","M","E","T","E","?","M","?","$","R","BOSS"],"build_version":"2019-01-23","purchased_purges":2,"victory":false,"max_hp_per_floor":[80,80,80,80,80,80,80,80,80,80,80,80,80,80,80,80],"card_choices":[{"not_picked":["Pommel Strike","Iron Wave"],"picked":"Shrug It Off","floor":1.0},{"not_picked":["Twin Strike","Thunderclap","Heavy Blade"],"picked":"SKIP","floor":4.0},{"not_picked":["Warcry","Disarm"],"picked":"Headbutt","floor":6.0},{"not_picked":["Wild Strike","Power Through"],"picked":"Feel No Pain","floor":7.0},{"not_picked":["Entrench","Double Tap"],"picked":"Ghostly Armor","floor":8},{"not_picked":["Heavy Blade","Anger"],"picked":"Impervious","floor":10},{"not_picked":["Sword Boomerang","Second Wind"],"picked":"Shrug It Off","floor":12},{"not_picked":["Battle Trance","Rupture"],"picked":"Pommel Strike","floor":13}],"player_experience":383101,"relics_obtained":[{"floor":6.0,"key":"Boot"},{"floor":8,"key":"Bottled Tornado"},{"floor":9,"key":"Blood Vial"},{"floor":10,"key":"Old Coin"}],"event_choices":[{"cards_removed":["Strike_R"],"damage_healed":0.0,"max_hp_gain":0.0,"max_hp_loss":0.0,"gold_gain":0.0,"event_name":"Golden Wing","player_choice":"Card Removal","floor":2.0,"gold_loss":0.0,"damage_taken":7.0},{"damage_healed":0.0,"max_hp_gain":0.0,"max_hp_loss":0.0,"gold_gain":75.0,"event_name":"World of Goop","player_choice":"Gather Gold","floor":3.0,"gold_loss":0.0,"damage_taken":11.0},{"damage_healed":0,"gold_gain":0,"player_choice":"Rummage","damage_taken":0,"relics_obtained":["WarpedTongs"],"max_hp_gain":0,"max_hp_loss":0,"event_name":"Accursed Blacksmith","floor":11,"gold_loss":0,"cards_obtained":["Pain"]}],"is_beta":false,"boss_relics":[],"items_purged_floors":[5,14],"is_endless":false,"potions_floor_spawned":[8,10],"killed_by":"Hexaghost","ascension_level":12}