{"gold_per_floor":[19,36,56,69,19,53,53,68,68,81,81],"floor_reached":11,"playtime":524,"items_purged":[],"score":104,"play_id":"98cc271b-be9b-4b29-86a1-d051424ca366","local_time":"20190220222915","is_ascension_mode":true,"campfire_choices":[{"data":"Deadly Poison","floor":7,"key":"SMITH"}],"neow_cost":"NO_GOLD","seed_source_timestamp":1254800366543900,"circlet_count":0,"master_deck":["Defend_G","Defend_G","Defend_G","Defend_G","Defend_G","Strike_G","Strike_G","Strike_G","Strike_G","Strike_G","Survivor","Neutralize","Underhanded Strike","Underhanded Strike","Deadly Poison+1","Burst","Dagger Throw","Poisoned Stab","PiercingWail"],"relics":["Ring of the Snake","Pocketwatch","Singing Bowl","Darkstone Periapt"],"potions_floor_usage":[11,11],"damage_taken":[{"damage":0,"enemies":"2 Louse","floor":1,"turns":3},{"damage":1,"enemies":"Small Slimes","floor":2,"turns":4},{"damage":2,"enemies":"Jaw Worm","floor":3,"turns":4},{"damage":32,"enemies":"Gremlin Gang","floor":4,"turns":6},{"damage":16,"enemies":"Lagavulin","floor":6,"turns":6},{"damage":1,"enemies":"Exordium Wildlife","floor":8,"turns":3},{"damage":8,"enemies":"Blue Slaver","floor":10,"turns":4},{"damage":5,"enemies":"3 Sentries","floor":11,"turns":4}],"seed_played":"9038061287944412608","potions_obtained":[{"floor":2,"key":"SpeedPotion"},{"floor":6,"key":"LiquidBronze"},{"floor":8,"key":"SpeedPotion"}],"is_trial":false,"path_per_floor":["M","M","M","M","$","E","R","M","T","M","E"],"character_chosen":"THE_SILENT","items_purchased":["Dagger Throw"],"campfire_rested":0,"item_purchase_floors":[5],"current_hp_per_floor":[63,62,60,28,28,14,14,13,13,5,0],"gold":81,"neow_bonus":"ONE_RARE_RELIC","is_prod":false,"is_daily":false,"chose_seed":false,"campfire_upgraded":1,"win_rate":0,"timestamp":1550730555,"path_taken":["M","M","M","M","$","E","R","M","T","M","E"],"build_version":"2019-01-23","purchased_purges":0,"victory":false,"max_hp_per_floor":[70,70,70,70,70,72,72,72,72,72,72],"card_choices":[{"not_picked":["Sucker Punch","Prepared"],"picked":"Underhanded Strike","floor":1},{"not_picked":["Sucker Punch","Deflect"],"picked":"Underhanded Strike","floor":2},{"not_picked":["Riddle With Holes","Slice"],"picked":"Deadly Poison","floor":3},{"not_picked":["Cloak And Dagger","Flechettes"],"picked":"Burst","floor":4},{"not_picked":["Outmaneuver","Reflex","Dagger Throw"],"picked":"Singing Bowl","floor":6},{"not_picked":["Backflip","Caltrops"],"picked":"Poisoned Stab","floor":8},{"not_picked":["Prepared","Reflex"],"picked":"PiercingWail","floor":10}],"player_experience":748656,"relics_obtained":[{"floor":6,"key":"Singing Bowl"},{"floor":9,"key":"Darkstone Periapt"}],"event_choices":[],"is_beta":false,"boss_relics":[],"items_purged_floors":[],"is_endless":false,"potions_floor_spawned":[2,6,8],"killed_by":"3 Sentries","ascension_level":7}