{"gold_per_floor":[119,137,62,77,27,60,60,60,60,77,9,23,58,58,58,161,161,171,171,94,9,9,9,20,20,46,46,75,85,85,10,10,107,107,123,134,153,153,167,194,208,240,317,351,364,382,139,239,239,239],"floor_reached":51,"playtime":5805,"items_purged":["Strike_B","Defend_B"],"score":890,"play_id":"69401779-3d89-49e3-af7d-57d6254a0e1a","local_time":"20190115035510","is_ascension_mode":false,"campfire_choices":[{"floor":8,"key":"REST"},{"floor":15,"key":"REST"},{"floor":23,"key":"REST"},{"data":"Electrodynamics","floor":27,"key":"SMITH"},{"data":"Capacitor","floor":32,"key":"SMITH"},{"floor":49,"key":"REST"}],"neow_cost":"NONE","seed_source_timestamp":57368149927931,"circlet_count":0,"master_deck":["Defend_B","Defend_B+1","Zap+1","Dualcast+1","Ball Lightning","Auto Shields","Recycle+1","Chill+1","Electrodynamics+1","Echo Form","Redo+1","Capacitor+1","Coolheaded+1","Ghostly+1","Ghostly+1","Ghostly+1","Ghostly+1","Ghostly+1","Coolheaded+1","Tempest+1","Rip and Tear","Seek+1","Hologram+1","Glacier+1","Darkness+1","Redo+1","Multi-Cast+1","Heatsinks+1","Machine Learning","Skim+1"],"relics":["Cracked Core","Bottled Lightning","Toxic Egg 2","Kunai","Singing Bowl","Sozu","Enchiridion","Bag of Marbles","War Paint","Symbiotic Virus","Inserter","Gremlin Horn","Bag of Preparation","Letter Opener","Pen Nib","Bird Faced Urn"],"potions_floor_usage":[6,6,6,13,16,16,28],"damage_taken":[{"damage":1,"enemies":"Cultist","floor":1,"turns":3},{"damage":0,"enemies":"Small Slimes","floor":2,"turns":2},{"damage":2,"enemies":"2 Louse","floor":4,"turns":2},{"damage":19,"enemies":"3 Sentries","floor":6,"turns":10},{"damage":6,"enemies":"Large Slime","floor":10,"turns":5},{"damage":6,"enemies":"3 Louse","floor":12,"turns":3},{"damage":3,"enemies":"Lagavulin","floor":13,"turns":5},{"damage":41,"enemies":"Hexaghost","floor":16,"turns":10},{"damage":23,"enemies":"2 Thieves","floor":18,"turns":4},{"damage":0,"enemies":"3 Byrds","floor":24,"turns":1},{"damage":13,"enemies":"Slavers","floor":28,"turns":4},{"damage":0,"enemies":"Snake Plant","floor":29,"turns":5},{"damage":0,"enemies":"Champ","floor":33,"turns":9},{"damage":0,"enemies":"3 Shapes","floor":35,"turns":2},{"damage":0,"enemies":"3 Darklings","floor":36,"turns":3},{"damage":3,"enemies":"Writhing Mass","floor":37,"turns":5},{"damage":0,"enemies":"4 Shapes","floor":39,"turns":2},{"damage":0,"enemies":"Giant Head","floor":40,"turns":13},{"damage":16,"enemies":"3 Darklings","floor":41,"turns":5},{"damage":2,"enemies":"Reptomancer","floor":42,"turns":6},{"damage":0,"enemies":"Giant Head","floor":44,"turns":9},{"damage":0,"enemies":"Transient","floor":45,"turns":5},{"damage":0,"enemies":"Sphere and 2 Shapes","floor":46,"turns":6},{"damage":0,"enemies":"Mind Bloom Boss Battle","floor":48,"turns":8},{"damage":0,"enemies":"Donu and Deca","floor":50,"turns":8}],"seed_played":"-3343219086198247572","potions_obtained":[{"floor":2,"key":"SpeedPotion"},{"floor":4,"key":"EntropicBrew"},{"floor":12,"key":"AttackPotion"},{"floor":13,"key":"Poison Potion"}],"is_trial":false,"path_per_floor":["M","M","$","M","?","E","?","R","T","M","$","M","E","$","R","B",null,"M","?","$","?","?","R","M","?","T","R","E","M","?","?","R","B",null,"M","M","M","$","M","E","M","E","T","E","M","M","$","?","R","B",null],"character_chosen":"DEFECT","items_purchased":["Recycle+1","Capacitor","Machine Learning","Skim+1"],"campfire_rested":4,"item_purchase_floors":[11,20,47,47],"current_hp_per_floor":[74,74,74,72,72,53,35,57,57,51,51,45,42,42,64,23,75,52,36,36,36,22,46,46,40,40,40,29,29,29,29,29,29,42,44,44,43,43,43,43,29,27,27,27,27,29,29,31,46,52],"gold":239,"neow_bonus":"UPGRADE_CARD","is_prod":false,"is_daily":false,"chose_seed":false,"campfire_upgraded":2,"win_rate":0,"timestamp":1547520910,"path_taken":["M","M","$","?","?","E","?","R","T","M","$","M","E","$","R","BOSS","M","?","$","?","?","R","M","?","T","R","E","M","?","?","R","BOSS","M","M","M","$","M","E","M","E","T","E","M","M","$","?","R","BOSS"],"build_version":"2019-01-10","purchased_purges":2,"victory":true,"max_hp_per_floor":[75,75,75,75,75,75,75,75,75,75,75,75,75,75,75,75,75,75,75,75,75,80,80,80,40,40,40,42,42,42,42,42,42,42,44,44,46,46,46,46,48,48,48,48,48,50,50,52,52,52],"card_choices":[{"not_picked":["Gash","Sweeping Beam"],"picked":"Ball Lightning","floor":1},{"not_picked":["Redo","Undo"],"picked":"Auto Shields","floor":2},{"not_picked":["Sweeping Beam","Turbo","Stack"],"picked":"SKIP","floor":4},{"not_picked":["Thunder Strike","Reprogram","Scrape"],"picked":"SKIP","floor":6},{"not_picked":["Turbo+1","Streamline","Rebound"],"picked":"SKIP","floor":10},{"not_picked":["Compile Driver","Coolheaded+1"],"picked":"Chill+1","floor":12},{"not_picked":["BootSequence+1","Gash"],"picked":"Electrodynamics","floor":13},{"not_picked":["Reboot+1","Electrodynamics"],"picked":"Echo Form","floor":16},{"not_picked":["Reinforced Body+1","Melter"],"picked":"Redo+1","floor":18},{"not_picked":["Static Discharge","Stack+1"],"picked":"Coolheaded+1","floor":24},{"not_picked":["Hologram+1","Static Discharge+1","Compile Driver+1"],"picked":"Singing Bowl","floor":28},{"not_picked":["Lockon","Force Field+1"],"picked":"Coolheaded+1","floor":29},{"not_picked":["All For One","Reboot+1"],"picked":"Seek+1","floor":33},{"not_picked":["Sweeping Beam","Gash+1","Rip and Tear"],"picked":"Singing Bowl","floor":35},{"not_picked":["Doom and Gloom+1","Stack+1"],"picked":"Hologram+1","floor":36},{"not_picked":["Streamline","Steam+1","Force Field+1"],"picked":"Singing Bowl","floor":37},{"not_picked":["Sweeping Beam+1","Lockon"],"picked":"Glacier+1","floor":39},{"not_picked":["Heatsinks+1","Streamline+1"],"picked":"Darkness+1","floor":40},{"not_picked":["Rebound","Conserve Battery+1","Ball Lightning+1"],"picked":"Singing Bowl","floor":41},{"not_picked":["Reprogram+1","Skim+1"],"picked":"Redo+1","floor":42},{"not_picked":["Glacier+1","Hello World"],"picked":"Multi-Cast+1","floor":44},{"not_picked":["Tempest+1","Force Field+1"],"picked":"Heatsinks+1","floor":45},{"not_picked":["Barrage","Recycle+1","Hello World"],"picked":"Singing Bowl","floor":46},{"not_picked":["Conserve Battery+1","Sweeping Beam","Redo+1"],"picked":"Singing Bowl","floor":48}],"player_experience":762633,"relics_obtained":[{"floor":6,"key":"Bottled Lightning"},{"floor":9,"key":"Kunai"},{"floor":13,"key":"Singing Bowl"},{"floor":19,"key":"Enchiridion"},{"floor":26,"key":"War Paint"},{"floor":28,"key":"Symbiotic Virus"},{"floor":40,"key":"Gremlin Horn"},{"floor":42,"key":"Bag of Preparation"},{"floor":43,"key":"Letter Opener"},{"floor":44,"key":"Pen Nib"},{"floor":48,"key":"Bird Faced Urn"}],"event_choices":[{"cards_removed":["Strike_B"],"damage_healed":0,"gold_gain":0,"player_choice":"Card Removal","damage_taken":0,"max_hp_gain":0,"max_hp_loss":0,"event_name":"The Cleric","floor":5,"gold_loss":50},{"damage_healed":0,"gold_gain":0,"player_choice":"Success","damage_taken":18,"relics_obtained":["Toxic Egg 2"],"max_hp_gain":0,"max_hp_loss":0,"event_name":"Scrap Ooze","floor":7,"gold_loss":0},{"damage_healed":0,"gold_gain":0,"player_choice":"Obtained Book","damage_taken":16,"max_hp_gain":0,"max_hp_loss":0,"event_name":"Cursed Tome","floor":19,"gold_loss":0},{"damage_healed":0,"gold_gain":0,"player_choice":"Obtained Relic","damage_taken":0,"relics_obtained":["Bag of Marbles"],"max_hp_gain":0,"max_hp_loss":0,"event_name":"Addict","floor":21,"gold_loss":85},{"damage_healed":0,"gold_gain":0,"player_choice":"Shed Blood","damage_taken":19,"max_hp_gain":5,"max_hp_loss":0,"event_name":"Forgotten Altar","floor":22,"gold_loss":0},{"damage_healed":0,"gold_gain":0,"player_choice":"Became a Ghost","damage_taken":0,"max_hp_gain":0,"max_hp_loss":40,"event_name":"Ghosts","floor":25,"gold_loss":0,"cards_obtained":["Ghostly","Ghostly","Ghostly","Ghostly","Ghostly"]},{"damage_healed":0,"gold_gain":0,"cards_transformed":["Strike_B","Strike_B"],"player_choice":"Became Test Subject","damage_taken":0,"max_hp_gain":0,"max_hp_loss":0,"event_name":"Drug Dealer","floor":30,"gold_loss":0,"cards_obtained":["Tempest","Rip and Tear"]},{"cards_removed":["Defend_B"],"damage_healed":0,"gold_gain":0,"player_choice":"Gave Gold","damage_taken":0,"max_hp_gain":0,"max_hp_loss":0,"event_name":"Beggar","floor":31,"gold_loss":75},{"damage_healed":0,"gold_gain":0,"player_choice":"Fight","damage_taken":0,"max_hp_gain":0,"max_hp_loss":0,"event_name":"MindBloom","floor":48,"gold_loss":0}],"is_beta":true,"boss_relics":[{"not_picked":["Coffee Dripper","Runic Pyramid"],"picked":"Sozu"},{"not_picked":["FrozenCore","Cursed Key"],"picked":"Inserter"}],"items_purged_floors":[3,47],"is_endless":false,"potions_floor_spawned":[2,4,12,13,24,35,40,41,42,44,46,48],"ascension_level":0}