{"gold_per_floor":[119,130,141,157,169,169,199,213,239,250,264,280,295,260,260,359,359,374,386,405,405],"floor_reached":21,"playtime":1342,"items_purged":[],"score":216,"play_id":"73ce5e15-bb16-46b9-8ee5-9ae2b31578ba","local_time":"20180910114916","is_ascension_mode":false,"campfire_choices":[{"data":"Inflame","floor":6,"key":"SMITH"},{"data":"Headbutt","floor":15,"key":"SMITH"}],"neow_cost":"PERCENT_DAMAGE","seed_source_timestamp":309887260050513,"circlet_count":0,"master_deck":["Strike_R","Strike_R","Strike_R","Strike_R","Strike_R","Defend_R","Defend_R","Defend_R","Defend_R","Bash","Cleave","Twin Strike","Inflame+1","Cleave","Headbutt+1","Demon Form","Seeing Red+1","Rampage+1","Evolve+1","Twin Strike+1","Warcry+1"],"relics":["Burning Blood","Pantograph","Lantern","Astrolabe"],"potions_floor_usage":[8,10,12,13,16,19,19,20],"damage_taken":[{"damage":8,"enemies":"Jaw Worm","floor":1,"turns":4},{"damage":1,"enemies":"Cultist","floor":2,"turns":3},{"damage":5,"enemies":"Small Slimes","floor":3,"turns":3},{"damage":0,"enemies":"3 Louse","floor":4,"turns":3},{"damage":5,"enemies":"Gremlin Gang","floor":5,"turns":3},{"damage":52,"enemies":"Gremlin Nob","floor":7,"turns":5},{"damage":0,"enemies":"Looter","floor":8,"turns":3},{"damage":7,"enemies":"Exordium Thugs","floor":10,"turns":4},{"damage":0,"enemies":"Large Slime","floor":11,"turns":4},{"damage":2,"enemies":"2 Fungi Beasts","floor":12,"turns":2},{"damage":6,"enemies":"Gremlin Gang","floor":13,"turns":3},{"damage":58,"enemies":"Slime Boss","floor":16,"turns":9},{"damage":29,"enemies":"Chosen","floor":18,"turns":5},{"damage":10,"enemies":"2 Thieves","floor":19,"turns":3},{"damage":59,"enemies":"3 Cultists","floor":20,"turns":6},{"damage":15,"enemies":"Centurion and Healer","floor":21,"turns":2}],"seed_played":"2889315960838264977","potions_obtained":[{"floor":2,"key":"Block Potion"},{"floor":4,"key":"PowerPotion"},{"floor":7,"key":"Block Potion"},{"floor":8,"key":"SkillPotion"},{"floor":12,"key":"AttackPotion"},{"floor":16,"key":"Ancient Potion"},{"floor":18,"key":"Fire Potion"},{"floor":19,"key":"Ancient Potion"},{"floor":20,"key":"SkillPotion"}],"is_trial":false,"path_per_floor":["M","M","M","M","M","R","E","M","T","M","M","M","M","?","R","B",null,"M","M","M"],"character_chosen":"IRONCLAD","items_purchased":[],"campfire_rested":0,"item_purchase_floors":[],"current_hp_per_floor":[67,72,73,79,80,80,34,40,40,39,45,49,49,73,73,44,96,73,69,16,1],"gold":405,"neow_bonus":"TWENTY_PERCENT_HP_BONUS","is_prod":false,"is_daily":false,"chose_seed":false,"campfire_upgraded":2,"win_rate":0.0,"timestamp":1536594556,"path_taken":["M","M","M","M","M","R","E","M","T","M","M","M","M","?","R","BOSS","M","M","M","M"],"build_version":"2018-09-06","purchased_purges":0,"victory":false,"max_hp_per_floor":[96,96,96,96,96,96,96,96,96,96,96,96,96,96,96,96,96,96,96,96,96],"card_choices":[{"not_picked":["Combust","Corruption"],"picked":"Cleave","floor":1},{"not_picked":["Iron Wave","Wild Strike"],"picked":"Twin Strike","floor":2},{"not_picked":["True Grit","Clash","Sword Boomerang"],"picked":"SKIP","floor":3},{"not_picked":["Reckless Charge","Searing Blow"],"picked":"Rage","floor":4},{"not_picked":["Warcry","Anger"],"picked":"Inflame","floor":5},{"not_picked":["Combust","Impervious"],"picked":"Cleave","floor":7},{"not_picked":["Shrug It Off","Wild Strike","Armaments"],"picked":"SKIP","floor":8},{"not_picked":["Flex","Wild Strike"],"picked":"Headbutt","floor":10},{"not_picked":["Clash","Dropkick"],"picked":"Warcry","floor":11},{"not_picked":["Body Slam","Thunderclap","Pummel"],"picked":"SKIP","floor":12},{"not_picked":["Dark Embrace","Disarm"],"picked":"Flame Barrier","floor":13},{"not_picked":["Dark Embrace","Exhume"],"picked":"Demon Form","floor":16},{"not_picked":["Perfected Strike+1","Feel No Pain"],"picked":"Twin Strike+1","floor":18},{"not_picked":["Feel No Pain","Cleave","Ghostly Armor"],"picked":"SKIP","floor":19},{"not_picked":["Blood for Blood+1","Armaments"],"picked":"Warcry+1","floor":20}],"player_experience":55831,"relics_obtained":[{"floor":7,"key":"Pantograph"},{"floor":9,"key":"Lantern"}],"event_choices":[{"event_name":"The Cleric","player_choice":"Healed","floor":14,"damage_taken":0}],"is_beta":false,"boss_relics":[{"not_picked":["Fusion Hammer","Lizard Tail"],"picked":"Astrolabe"}],"items_purged_floors":[],"is_endless":false,"potions_floor_spawned":[2,4,7,8,12,16,18,19,20],"killed_by":"Centurion and Healer","ascension_level":0}