{"gold_per_floor":[117,117,140,160,0,36,36,36,36,67,67],"floor_reached":11,"playtime":382,"items_purged":["Strike_B"],"score":105,"play_id":"c3f2dafe-5e68-4fe7-a940-ba8908ba1eb0","local_time":"20190130180501","is_ascension_mode":true,"campfire_choices":[{"data":"Rainbow","floor":8.0,"key":"SMITH"}],"neow_cost":"NONE","seed_source_timestamp":568298906937653,"circlet_count":0,"master_deck":["Strike_B","Strike_B","Strike_B","Defend_B","Defend_B","Defend_B","Defend_B","Zap+1","Dualcast","Coolheaded","Undo","Rainbow+1","Auto Shields","Redo","Rebound","Echo Form"],"special_seed":0,"relics":["Cracked Core","Golden Idol","Regal Pillow","Torii","Molten Egg 2","Unceasing Top"],"potions_floor_usage":[],"damage_taken":[{"damage":4.0,"enemies":"Jaw Worm","floor":1.0,"turns":4.0},{"damage":0.0,"enemies":"2 Louse","floor":3.0,"turns":3.0},{"damage":0.0,"enemies":"Cultist","floor":4.0,"turns":3.0},{"damage":11.0,"enemies":"3 Sentries","floor":6.0,"turns":6.0},{"damage":20.0,"enemies":"Gremlin Nob","floor":10.0,"turns":4.0},{"damage":26,"enemies":"Gremlin Gang","floor":11,"turns":2}],"seed_played":"1465351968668111696","potions_obtained":[{"floor":3.0,"key":"FearPotion"}],"is_trial":false,"path_per_floor":["M","?","M","M","$","E","?","R","T","E","M"],"character_chosen":"DEFECT","items_purchased":["Auto Shields","Redo"],"campfire_rested":0,"item_purchase_floors":[5,5],"current_hp_per_floor":[64,64,64,64,64,53,46,46,46,26,0],"gold":67,"neow_bonus":"UPGRADE_CARD","is_prod":false,"is_daily":false,"chose_seed":false,"campfire_upgraded":1,"win_rate":0,"timestamp":1548889501,"path_taken":["M","?","M","M","$","E","?","R","T","E","M"],"build_version":"2019-01-23","purchased_purges":1,"victory":false,"max_hp_per_floor":[75,69,69,69,69,69,69,69,69,69,69],"card_choices":[{"not_picked":["Hologram","Recycle"],"picked":"Coolheaded","floor":1.0},{"not_picked":["Beam Cell","Coolheaded"],"picked":"Undo","floor":3.0},{"not_picked":["Streamline","Self Repair"],"picked":"Rainbow","floor":4.0},{"not_picked":["Doom and Gloom","Compile Driver"],"picked":"Rebound","floor":6.0},{"not_picked":["Barrage+1","Self Repair"],"picked":"Echo Form","floor":10.0}],"player_experience":253501,"relics_obtained":[{"floor":6.0,"key":"Regal Pillow"},{"floor":9.0,"key":"Molten Egg 2"},{"floor":10.0,"key":"Unceasing Top"}],"event_choices":[{"damage_healed":0.0,"max_hp_gain":0.0,"max_hp_loss":6.0,"gold_gain":0.0,"event_name":"Golden Idol","player_choice":"Lose Max HP","floor":2.0,"gold_loss":0.0,"damage_taken":0.0,"relics_obtained":["Golden Idol"]},{"damage_healed":0.0,"max_hp_gain":0.0,"max_hp_loss":0.0,"gold_gain":0.0,"event_name":"Scrap Ooze","player_choice":"Success","floor":7.0,"gold_loss":0.0,"damage_taken":7.0,"relics_obtained":["Torii"]}],"is_beta":false,"boss_relics":[],"items_purged_floors":[5],"is_endless":false,"potions_floor_spawned":[3],"killed_by":"Gremlin Gang","ascension_level":6}