{"gold_per_floor":[110,185,185,203,214,214,241,241,309,195,215,35,35,135,135,211,211,228,247,247],"floor_reached":20,"playtime":533,"items_purged":["Strike_B","Strike_B"],"score":327,"play_id":"e54cab5d-7f0f-482e-9f5c-821398ca07a8","local_time":"20190303175903","is_ascension_mode":true,"campfire_choices":[{"data":"Sunder","floor":6.0,"key":"SMITH"},{"data":"Defragment","floor":8.0,"key":"SMITH"},{"data":"Hologram","floor":13.0,"key":"SMITH"},{"data":"Skim","floor":15.0,"key":"SMITH"}],"neow_cost":"NONE","seed_source_timestamp":1806789001487,"circlet_count":0,"master_deck":["AscendersBane","Strike_B","Defend_B","Defend_B","Defend_B","Defend_B","Zap","Dualcast","Gash","Hologram+1","Sunder+1","Ball Lightning","Defragment+1","Skim+1","Gash","Self Repair","Core Surge","Auto Shields+1"],"special_seed":0,"relics":["Cracked Core","NeowsBlessing","Regal Pillow","Mummified Hand","Eternal Feather"],"potions_floor_usage":[20],"damage_taken":[{"damage":0.0,"enemies":"Small Slimes","floor":1.0,"turns":1.0},{"damage":0.0,"enemies":"Jaw Worm","floor":4.0,"turns":1.0},{"damage":0.0,"enemies":"Cultist","floor":5.0,"turns":1.0},{"damage":17.0,"enemies":"3 Sentries","floor":7.0,"turns":5.0},{"damage":14.0,"enemies":"Red Slaver","floor":11.0,"turns":2.0},{"damage":32.0,"enemies":"The Guardian","floor":16.0,"turns":10.0},{"damage":34.0,"enemies":"3 Byrds","floor":18.0,"turns":5.0},{"damage":26.0,"enemies":"2 Thieves","floor":19.0,"turns":5.0},{"damage":4,"enemies":"Snake Plant","floor":20,"turns":1}],"seed_played":"7779989250387311465","potions_obtained":[{"floor":4.0,"key":"Regen Potion"},{"floor":7.0,"key":"SpeedPotion"}],"is_trial":false,"path_per_floor":["M","?","?","M","M","R","E","R","T","$","M","$","R","?","R","B",null,"M","M","M"],"character_chosen":"DEFECT","items_purchased":["Skim","Self Repair"],"campfire_rested":0,"item_purchase_floors":[10,12],"current_hp_per_floor":[64,53,53,53,53,53,36,36,36,36,22,22,22,22,22,12,56,29,3,0],"gold":247,"neow_bonus":"THREE_ENEMY_KILL","is_prod":false,"is_daily":false,"chose_seed":false,"campfire_upgraded":4,"win_rate":0,"timestamp":1551603543,"path_taken":["M","?","?","?","M","R","E","R","T","?","M","$","R","?","R","BOSS","M","?","?"],"build_version":"2019-01-23","purchased_purges":2,"victory":false,"max_hp_per_floor":[71,71,71,71,71,71,71,71,71,71,71,71,71,71,71,71,71,71,71,71],"card_choices":[{"not_picked":["Leap","Steam"],"picked":"Gash","floor":1.0},{"not_picked":["Loop","Compile Driver"],"picked":"Sunder","floor":4.0},{"not_picked":["Beam Cell","Doom and Gloom"],"picked":"Ball Lightning","floor":5.0},{"not_picked":["Barrage","Leap"],"picked":"Defragment","floor":7.0},{"not_picked":["Rebound","Skim"],"picked":"Gash","floor":11.0},{"not_picked":["Machine Learning","Fission"],"picked":"Core Surge","floor":16.0},{"not_picked":["Steam Power+1","Storm","FTL+1"],"picked":"SKIP","floor":18.0},{"not_picked":["White Noise","Conserve Battery"],"picked":"Auto Shields+1","floor":19.0}],"player_experience":813825,"relics_obtained":[{"floor":7.0,"key":"Regal Pillow"},{"floor":9.0,"key":"Mummified Hand"}],"event_choices":[{"damage_healed":0.0,"max_hp_gain":0.0,"max_hp_loss":0.0,"gold_gain":75.0,"event_name":"World of Goop","player_choice":"Gather Gold","floor":2.0,"gold_loss":0.0,"damage_taken":11.0},{"damage_healed":0.0,"max_hp_gain":0.0,"max_hp_loss":0.0,"gold_gain":0.0,"cards_transformed":["Strike_B"],"event_name":"Transmorgrifier","player_choice":"Transformed","floor":3.0,"gold_loss":0.0,"damage_taken":0.0,"cards_obtained":["Hologram"]},{"damage_healed":0.0,"max_hp_gain":0.0,"max_hp_loss":0.0,"gold_gain":100.0,"event_name":"Wheel of Change","player_choice":"Gold","floor":14.0,"gold_loss":0.0,"damage_taken":0.0}],"is_beta":false,"boss_relics":[{"not_picked":["Black Star","Pandora\u0027s Box"],"picked":"Eternal Feather"}],"items_purged_floors":[10,12],"is_endless":false,"potions_floor_spawned":[4,7],"killed_by":"Snake Plant","ascension_level":18}