{"gold_per_floor":[119,129,129,147,164,182,198,168,244,47,47,67,93,93,93,191,241,228,239,239,256,266,0,0,14,14,45,65,78,78,88,88,184,184,203,215,2,20,20,54,66,66,119,131,143],"floor_reached":45,"playtime":2150,"items_purged":["Strike_G","Strike_G"],"score":573,"play_id":"54c424fe-a118-4bea-8310-08b3554bf3ec","local_time":"20180808103243","is_ascension_mode":false,"campfire_choices":[{"data":"Apotheosis","floor":11,"key":"SMITH"},{"data":"Noxious Fumes","floor":15,"key":"SMITH"},{"data":"Noxious Fumes","floor":24,"key":"SMITH"},{"floor":30,"key":"REST"},{"data":"Footwork","floor":32,"key":"SMITH"},{"floor":42,"key":"REST"},{"data":"After Image","floor":44,"key":"SMITH"}],"neow_cost":"NONE","seed_source_timestamp":115523386450757,"circlet_count":0,"master_deck":["Defend_G","Defend_G","Defend_G","Defend_G","Defend_G","Strike_G","Strike_G+1","Survivor","Neutralize","Deadly Poison","Blur","Deflect","Footwork+1","Choke+1","Apotheosis+1","Noxious Fumes+1","Grand Finale+1","Tools of the Trade","Noxious Fumes+1","Acrobatics","Footwork+1","Reflex","Escape Plan","Burst","Catalyst","After Image+1","Reflex+1","Tactician","Well Laid Plans","Prepared","Flying Knee","Backflip+1"],"relics":["Ring of the Snake","Blue Candle","Darkstone Periapt","Turnip","Tiny House","Medical Kit","Anchor","Whetstone","Runic Dome","Unceasing Top","MawBank"],"potions_floor_usage":[13,21,33,41,41,45,45],"damage_taken":[{"damage":0,"enemies":"2 Louse","floor":1,"turns":2},{"damage":1,"enemies":"Cultist","floor":2,"turns":3},{"damage":0,"enemies":"Small Slimes","floor":4,"turns":4},{"damage":1,"enemies":"3 Louse","floor":5,"turns":6},{"damage":0,"enemies":"Blue Slaver","floor":6,"turns":4},{"damage":3,"enemies":"2 Fungi Beasts","floor":7,"turns":4},{"damage":0,"enemies":"Looter","floor":8,"turns":4},{"damage":0,"enemies":"Large Slime","floor":12,"turns":8},{"damage":34,"enemies":"Gremlin Nob","floor":13,"turns":5},{"damage":29,"enemies":"Slime Boss","floor":16,"turns":12},{"damage":18,"enemies":"2 Thieves","floor":18,"turns":4},{"damage":2,"enemies":"Shell Parasite","floor":19,"turns":8},{"damage":2,"enemies":"Snake Plant","floor":21,"turns":6},{"damage":0,"enemies":"Centurion and Healer","floor":22,"turns":9},{"damage":28,"enemies":"3 Cultists","floor":25,"turns":7},{"damage":0,"enemies":"Book of Stabbing","floor":27,"turns":8},{"damage":5,"enemies":"Snake Plant","floor":28,"turns":4},{"damage":15,"enemies":"Snecko","floor":29,"turns":7},{"damage":0,"enemies":"Centurion and Healer","floor":31,"turns":6},{"damage":0,"enemies":"Champ","floor":33,"turns":7},{"damage":0,"enemies":"3 Shapes","floor":35,"turns":6},{"damage":10,"enemies":"Flame Bruiser 1 Orb","floor":36,"turns":7},{"damage":28,"enemies":"3 Darklings","floor":38,"turns":6},{"damage":3,"enemies":"Giant Head","floor":40,"turns":7},{"damage":30,"enemies":"Flame Bruiser 2 Orb","floor":41,"turns":5},{"damage":76,"enemies":"Transient","floor":45,"turns":4}],"seed_played":"-5151871634906116476","potions_obtained":[{"floor":4,"key":"Explosive Potion"},{"floor":7,"key":"Regen Potion"},{"floor":13,"key":"Weak Potion"},{"floor":17,"key":"Dexterity Potion"},{"floor":22,"key":"Ancient Potion"},{"floor":33,"key":"Energy Potion"},{"floor":38,"key":"EntropicBrew"}],"is_trial":false,"path_per_floor":["M","M","?","M","M","M","M","M","T","$","R","M","E","?","R","B",null,"M","M","?","M","M","$","R","M","T","E","M","M","R","M","R","B",null,"M","M","$","M","?","E","M","R","T","R"],"character_chosen":"THE_SILENT","items_purchased":["Apotheosis","Medical Kit","Tactician","Well Laid Plans"],"campfire_rested":2,"item_purchase_floors":[10,23,37,37],"current_hp_per_floor":[70,69,69,69,68,68,65,65,65,65,65,65,45,45,45,16,75,57,55,55,53,53,53,53,25,25,25,20,5,27,27,27,27,75,75,65,65,37,37,34,4,26,26,26,0],"gold":143,"neow_bonus":"THREE_CARDS","is_prod":false,"is_daily":false,"chose_seed":false,"campfire_upgraded":5,"win_rate":0,"timestamp":1533691963,"path_taken":["M","M","?","M","M","M","M","M","T","$","R","M","E","?","R","BOSS","M","M","?","M","M","$","R","M","T","E","M","M","R","M","R","BOSS","M","M","$","M","?","E","M","R","T","R","M"],"build_version":"2018-08-02","purchased_purges":2,"victory":false,"max_hp_per_floor":[70,70,70,70,70,70,70,70,70,70,70,70,70,70,70,70,75,75,75,75,75,75,75,75,75,75,75,75,75,75,75,75,75,75,75,75,75,75,75,75,75,75,75,75,75],"card_choices":[{"not_picked":["PiercingWail","Calculated Gamble"],"picked":"Deadly Poison","floor":0},{"not_picked":["Deflect","Heel Hook"],"picked":"Blur","floor":1},{"not_picked":["Acrobatics","Bane","Skewer"],"picked":"SKIP","floor":2},{"not_picked":["Eviscerate","Sucker Punch"],"picked":"Deflect","floor":4},{"not_picked":["Slice","Accuracy"],"picked":"Footwork","floor":5},{"not_picked":["Calculated Gamble","Dodge and Roll","Bane"],"picked":"SKIP","floor":6},{"not_picked":["Deflect","Predator","Caltrops"],"picked":"SKIP","floor":7},{"not_picked":["Deadly Poison","Slice"],"picked":"Choke","floor":8},{"not_picked":["Dagger Throw","Dodge and Roll"],"picked":"Noxious Fumes","floor":12},{"not_picked":["Bane","Well Laid Plans"],"picked":"Grand Finale","floor":13},{"not_picked":["Glass Knife","Malaise"],"picked":"Tools of the Trade","floor":16},{"not_picked":["Eviscerate","Deadly Poison"],"picked":"Noxious Fumes","floor":17},{"not_picked":["Dagger Spray","Masterful Stab"],"picked":"Acrobatics","floor":18},{"not_picked":["Underhanded Strike","Prepared"],"picked":"Footwork+1","floor":19},{"not_picked":["Dagger Spray","Prepared","A Thousand Cuts"],"picked":"SKIP","floor":21},{"not_picked":["Outmaneuver","Underhanded Strike","Dash"],"picked":"SKIP","floor":22},{"not_picked":["Flying Knee","Deflect+1"],"picked":"Escape Plan","floor":25},{"not_picked":["Noxious Fumes","Endless Agony"],"picked":"Burst","floor":27},{"not_picked":["Blade Dance","Dagger Spray","Distraction"],"picked":"SKIP","floor":28},{"not_picked":["Quick Slash","Deflect","Deadly Poison"],"picked":"SKIP","floor":29},{"not_picked":["Choke","Poisoned Stab"],"picked":"Catalyst","floor":31},{"not_picked":["Phantasmal Killer","A Thousand Cuts"],"picked":"After Image","floor":33},{"not_picked":["Quick Slash","Bane+1","Dagger Throw"],"picked":"SKIP","floor":35},{"not_picked":["Accuracy","Masterful Stab+1"],"picked":"Reflex+1","floor":36},{"not_picked":["Escape Plan","Backflip"],"picked":"Prepared","floor":38},{"not_picked":["Leg Sweep","Sucker Punch"],"picked":"Backflip+1","floor":40},{"not_picked":["Poisoned Stab+1","PiercingWail+1","Deadly Poison"],"picked":"SKIP","floor":41}],"player_experience":588941,"relics_obtained":[{"floor":9,"key":"Darkstone Periapt"},{"floor":13,"key":"Turnip"},{"floor":26,"key":"Anchor"},{"floor":27,"key":"Whetstone"},{"floor":40,"key":"Unceasing Top"},{"floor":43,"key":"MawBank"}],"event_choices":[{"event_name":"Wheel of Change","player_choice":"Relic","floor":3,"damage_taken":0},{"event_name":"Liars Game","player_choice":"disagreed","floor":14,"damage_taken":0},{"event_name":"The Library","player_choice":"Read","floor":20,"damage_taken":0},{"event_name":"Transmorgrifier","player_choice":"Transform","floor":39,"damage_taken":0}],"is_beta":false,"boss_relics":[{"not_picked":["Busted Crown","Cursed Key"],"picked":"Tiny House"},{"not_picked":["Velvet Choker","HoveringKite"],"picked":"Runic Dome"}],"items_purged_floors":[23,37],"is_endless":false,"potions_floor_spawned":[4,7,13,18,22,31,33,38,40],"killed_by":"Transient","ascension_level":0}