{"gold_per_floor":[111,111,121,137,157,157,40,54,102,102,102,119,119,136,136,233,233,233,233,233,233,233,233,233,40,40,40,40,40,40,40,40,40,40,40,40,40,40,40,40,40,40,40,40],"floor_reached":44,"playtime":2979,"items_purged":[],"score":531,"play_id":"b3de411f-4902-4f78-95c4-a5156a5def48","local_time":"20190112114242","is_ascension_mode":false,"campfire_choices":[{"floor":6,"key":"RECALL"},{"data":"Venomology","floor":10,"key":"SMITH"},{"floor":15,"key":"REST"},{"data":"Footwork","floor":24,"key":"SMITH"},{"floor":32,"key":"REST"},{"floor":40,"key":"REST"}],"neow_cost":"NONE","seed_source_timestamp":301256524354389,"circlet_count":0,"master_deck":["Defend_G","Defend_G","Defend_G","Defend_G","Defend_G","Survivor","Neutralize","Footwork+1","Poisoned Stab","Venomology+1","Caltrops","Noxious Fumes","Prepared","Poisoned Stab","Dodge and Roll","Terror","Envenom+1","Bane","Backflip","Poisoned Stab+1","Bite","Bite","Bite","Bite","Bite","Prepared","Corpse Explosion","Catalyst","Poisoned Stab","Noxious Fumes+1","A Thousand Cuts+1","Bouncing Flask+1","Terror","PiercingWail+1","After Image+1","Bane","Bane+1","Injury"],"relics":["Runic Pyramid","Frozen Egg 2","Ectoplasm","Dodecahedron","Red Mask","Lee\u0027s Waffle","Pear","Blood Vial","Cursed Key","Oddly Smooth Stone","Darkstone Periapt"],"potions_floor_usage":[12,16,16,18,19,21,23,27,29,29,33,38,38,41,41,41],"damage_taken":[{"damage":2,"enemies":"2 Louse","floor":1,"turns":3},{"damage":0,"enemies":"Cultist","floor":3,"turns":4},{"damage":3,"enemies":"Jaw Worm","floor":4,"turns":4},{"damage":9,"enemies":"Blue Slaver","floor":5,"turns":4},{"damage":10,"enemies":"Red Slaver","floor":8,"turns":5},{"damage":13,"enemies":"3 Louse","floor":12,"turns":3},{"damage":0,"enemies":"Large Slime","floor":14,"turns":5},{"damage":22,"enemies":"Slime Boss","floor":16,"turns":12},{"damage":14,"enemies":"Spheric Guardian","floor":18,"turns":7},{"damage":6,"enemies":"Chosen","floor":19,"turns":3},{"damage":27,"enemies":"Masked Bandits","floor":21,"turns":6},{"damage":12,"enemies":"Shelled Parasite and Fungi","floor":23,"turns":6},{"damage":11,"enemies":"Centurion and Healer","floor":27,"turns":8},{"damage":18,"enemies":"Slavers","floor":28,"turns":3},{"damage":11,"enemies":"Chosen and Byrds","floor":29,"turns":4},{"damage":16,"enemies":"3 Cultists","floor":30,"turns":4},{"damage":40,"enemies":"Automaton","floor":33,"turns":9},{"damage":1,"enemies":"3 Shapes","floor":35,"turns":6},{"damage":26,"enemies":"3 Darklings","floor":37,"turns":3},{"damage":41,"enemies":"Jaw Worm Horde","floor":38,"turns":5},{"damage":49,"enemies":"Spire Growth","floor":39,"turns":5},{"damage":35,"enemies":"Nemesis","floor":41,"turns":7},{"damage":0,"enemies":"Transient","floor":42,"turns":5},{"damage":24,"enemies":"4 Shapes","floor":44,"turns":1}],"seed_played":"2888183638475049962","potions_obtained":[{"floor":4,"key":"Poison Potion"},{"floor":12,"key":"Ancient Potion"},{"floor":14,"key":"Fruit Juice"},{"floor":16,"key":"EssenceOfSteel"},{"floor":21,"key":"GhostInAJar"},{"floor":23,"key":"SkillPotion"},{"floor":28,"key":"LiquidBronze"},{"floor":29,"key":"PowerPotion"}],"is_trial":false,"path_per_floor":["M","?","M","M","M","R","$","M","T","R","?","M","?","M","R","B",null,"M","M","T","?","?","M","R","$","T","M","E","M","M","$","R","B",null,"M","$","M","M","M","R","E","M","T","M"],"character_chosen":"THE_SILENT","items_purchased":["Noxious Fumes","Prepared","Lee\u0027s Waffle"],"campfire_rested":3,"item_purchase_floors":[7,7,25],"current_hp_per_floor":[68,68,68,65,56,56,56,46,46,46,46,33,33,33,54,37,75,61,55,55,28,28,30,30,59,69,69,55,56,48,48,68,47,69,68,68,47,51,10,30,7,17,17,0],"gold":40,"neow_bonus":"BOSS_RELIC","is_prod":false,"is_daily":false,"chose_seed":false,"campfire_upgraded":2,"win_rate":0,"timestamp":1547311362,"path_taken":["M","?","M","?","M","R","$","M","T","R","?","M","?","M","R","BOSS","M","M","?","?","?","?","R","$","T","M","E","?","M","?","R","BOSS","M","?","M","M","?","R","E","M","T","M"],"build_version":"2019-01-10","purchased_purges":0,"victory":false,"max_hp_per_floor":[70,70,70,70,70,70,70,70,70,70,70,70,70,70,70,75,75,75,75,75,75,52,52,52,59,69,69,69,69,69,69,69,69,69,69,69,69,69,69,69,69,69,69,69],"card_choices":[{"not_picked":["Dagger Spray","Blade Dance"],"picked":"Footwork","floor":1},{"not_picked":["Dash","Blade Dance"],"picked":"Poisoned Stab","floor":3},{"not_picked":["Blade Dance","Flechettes"],"picked":"Venomology","floor":4},{"not_picked":["Deadly Poison","Dodge and Roll"],"picked":"Caltrops","floor":5},{"not_picked":["Finisher","Accuracy"],"picked":"Poisoned Stab","floor":8},{"not_picked":["Prepared","Poisoned Stab"],"picked":"Dodge and Roll","floor":12},{"not_picked":["Acrobatics","Prepared"],"picked":"Terror","floor":14},{"not_picked":["Glass Knife","A Thousand Cuts+1"],"picked":"Envenom+1","floor":16},{"not_picked":["Acrobatics","All Out Attack"],"picked":"Bane","floor":18},{"not_picked":["Prepared","Slice"],"picked":"Backflip","floor":19},{"not_picked":["Acrobatics","Sucker Punch+1"],"picked":"Poisoned Stab+1","floor":21},{"not_picked":["Tactician","Dodge and Roll"],"picked":"Prepared","floor":23},{"not_picked":["Endless Agony","Sucker Punch"],"picked":"Corpse Explosion","floor":27},{"not_picked":["Slice","Blade Dance"],"picked":"Catalyst","floor":28},{"not_picked":["Deflect","Dagger Throw"],"picked":"Poisoned Stab","floor":29},{"not_picked":["Underhanded Strike","Deadly Poison"],"picked":"Noxious Fumes+1","floor":30},{"not_picked":["Bullet Time","Glass Knife"],"picked":"A Thousand Cuts+1","floor":33},{"not_picked":["Dodge and Roll+1","Acrobatics+1"],"picked":"Bouncing Flask+1","floor":35},{"not_picked":["Underhanded Strike+1","Cloak And Dagger+1"],"picked":"Terror","floor":37},{"not_picked":["Finisher+1","Leg Sweep"],"picked":"PiercingWail+1","floor":38},{"not_picked":["Cloak And Dagger+1","Blade Dance"],"picked":"After Image+1","floor":39},{"not_picked":["Well Laid Plans+1","Masterful Stab+1"],"picked":"Bane","floor":41},{"not_picked":["Quick Slash","Flying Knee"],"picked":"Bane+1","floor":42}],"player_experience":53877,"relics_obtained":[{"floor":20,"key":"Dodecahedron"},{"floor":21,"key":"Red Mask"},{"floor":26,"key":"Pear"},{"floor":28,"key":"Blood Vial"},{"floor":41,"key":"Oddly Smooth Stone"},{"floor":43,"key":"Darkstone Periapt"}],"event_choices":[{"damage_healed":0,"gold_gain":0,"player_choice":"Ignored","damage_taken":0,"max_hp_gain":0,"max_hp_loss":0,"event_name":"Purifier","floor":2,"gold_loss":0},{"damage_healed":0,"gold_gain":0,"player_choice":"Ignored","damage_taken":0,"max_hp_gain":0,"max_hp_loss":0,"event_name":"Golden Wing","floor":11,"gold_loss":0},{"damage_healed":0,"gold_gain":0,"player_choice":"Gave Potion","damage_taken":0,"relics_obtained":["Frozen Egg 2"],"max_hp_gain":0,"max_hp_loss":0,"event_name":"WeMeetAgain","floor":13,"gold_loss":0},{"damage_healed":0,"gold_gain":0,"player_choice":"Fought Bandits","damage_taken":0,"max_hp_gain":0,"max_hp_loss":0,"event_name":"Masked Bandits","floor":21,"gold_loss":0},{"damage_healed":0,"gold_gain":0,"player_choice":"Became a vampire","damage_taken":0,"max_hp_gain":0,"max_hp_loss":23,"event_name":"Vampires","floor":22,"gold_loss":0,"cards_obtained":["Bite","Bite","Bite","Bite","Bite"]}],"is_beta":false,"boss_relics":[{"not_picked":["Busted Crown","Coffee Dripper"],"picked":"Ectoplasm"},{"not_picked":["HoveringKite","Philosopher\u0027s Stone"],"picked":"Cursed Key"}],"items_purged_floors":[],"is_endless":false,"potions_floor_spawned":[4,12,14,16,21,23,28,29,37,39],"killed_by":"4 Shapes","ascension_level":0}