{"gold_per_floor":[113,113,125,125,125,151,151,167,467,497,497,497],"floor_reached":12,"playtime":476,"items_purged":[],"score":142,"play_id":"8c900f78-e7ef-4764-81b8-5c135a1028df","local_time":"20180709025217","is_ascension_mode":true,"campfire_choices":[{"data":"Strike_B","floor":7,"key":"PURGE"}],"neow_cost":"","seed_source_timestamp":1137453983936943,"circlet_count":0,"master_deck":["Strike_B","Strike_B","Strike_B+1","Defend_B","Defend_B","Defend_B","Defend_B","Zap","Dualcast","AscendersBane","Gash+1","Ball Lightning"],"relics":["Cracked Core","Peace Pipe","Old Coin","Dream Catcher"],"potions_floor_usage":[6,10],"damage_taken":[{"damage":3,"enemies":"2 Louse","floor":1,"turns":3},{"damage":2,"enemies":"Small Slimes","floor":3,"turns":3},{"damage":8,"enemies":"Gremlin Nob","floor":6,"turns":3},{"damage":2,"enemies":"Jaw Worm","floor":8,"turns":3},{"damage":8,"enemies":"3 Sentries","floor":10,"turns":6},{"damage":15,"enemies":"Exordium Wildlife","floor":12,"turns":3}],"seed_played":"2993258512125897865","potions_obtained":[{"floor":3,"key":"FearPotion"},{"floor":4,"key":"Fire Potion"},{"floor":4,"key":"Explosive Potion"}],"is_trial":false,"path_per_floor":["M","?","M","?","?","E","R","M","T","E","?"],"character_chosen":"DEFECT","items_purchased":[],"campfire_rested":0,"item_purchase_floors":[],"current_hp_per_floor":[65,70,68,68,52,44,44,42,42,34,34,19],"gold":497,"neow_bonus":"","is_prod":false,"is_daily":false,"chose_seed":false,"campfire_upgraded":0,"win_rate":0,"timestamp":1531072337,"path_taken":["M","?","M","?","?","E","R","?","T","E","?","M"],"build_version":"2018-07-05","purchased_purges":0,"victory":false,"max_hp_per_floor":[75,80,80,80,80,80,80,80,80,80,80,80],"card_choices":[{"not_picked":["Static Discharge","Leap"],"picked":"Gash","floor":1},{"not_picked":["Melter","FTL"],"picked":"Ball Lightning","floor":3},{"not_picked":["Ball Lightning","Reprogram","Cold Snap"],"picked":"SKIP","floor":6},{"not_picked":["Ball Lightning","Reprogram","Cold Snap"],"picked":"SKIP","floor":6},{"not_picked":["Skim","Cold Snap","White Noise"],"picked":"SKIP","floor":8},{"not_picked":["Reprogram","Redo","Multi-Cast"],"picked":"SKIP","floor":10}],"player_experience":542616,"relics_obtained":[{"floor":6,"key":"Peace Pipe"},{"floor":9,"key":"Old Coin"},{"floor":10,"key":"Dream Catcher"}],"event_choices":[{"event_name":"Big Fish","player_choice":"Donut","floor":2,"damage_taken":0},{"event_name":"The Lab","player_choice":"Got Potions","floor":4,"damage_taken":0},{"event_name":"Shining Light","player_choice":"Entered Light","floor":5,"damage_taken":0},{"event_name":"Golden Idol","player_choice":"Ignored","floor":11,"damage_taken":0}],"boss_relics":[],"items_purged_floors":[],"is_endless":false,"potions_floor_spawned":[3],"killed_by":"Exordium Wildlife","ascension_level":13}