{"gold_per_floor":[114,20,20,32,52,52,84,97,97,97,116,116,132,159,159,236,236,250,270,270,287,212,212],"floor_reached":23,"playtime":1999,"items_purged":[],"score":355,"play_id":"a2ac16ca-ba67-469c-ba2e-584cddcc2f88","local_time":"20180807001157","is_ascension_mode":true,"campfire_choices":[{"data":"True Grit","floor":6,"key":"SMITH"},{"data":"Evolve","floor":10,"key":"SMITH"},{"data":"Flame Barrier","floor":15,"key":"SMITH"}],"neow_cost":"","seed_source_timestamp":72940254607348,"circlet_count":0,"master_deck":["Strike_R+1","Defend_R","Defend_R","Defend_R","Defend_R+1","Bash","AscendersBane","Cleave","True Grit+1","Wild Strike","Flame Barrier+1","Evolve+1","Wild Strike","Feel No Pain","Double Tap","Offering","Offering+1","Exhume+1","Burning Pact+1","Dark Embrace"],"relics":["Burning Blood","Matryoshka","Mercury Hourglass","Pear","Red Skull","The Courier","Pen Nib","Astrolabe"],"potions_floor_usage":[16,21],"damage_taken":[{"damage":12,"enemies":"Jaw Worm","floor":1,"turns":7},{"damage":5,"enemies":"Small Slimes","floor":4,"turns":3},{"damage":0,"enemies":"2 Louse","floor":5,"turns":2},{"damage":4,"enemies":"3 Sentries","floor":7,"turns":8},{"damage":11,"enemies":"Lots of Slimes","floor":8,"turns":4},{"damage":1,"enemies":"Exordium Thugs","floor":11,"turns":4},{"damage":2,"enemies":"2 Fungi Beasts","floor":13,"turns":4},{"damage":22,"enemies":"Lagavulin","floor":14,"turns":8},{"damage":25,"enemies":"The Guardian","floor":16,"turns":14},{"damage":15,"enemies":"Shell Parasite","floor":18,"turns":3},{"damage":15,"enemies":"Chosen","floor":19,"turns":4},{"damage":51,"enemies":"Slaver and Parasite","floor":21,"turns":8},{"damage":8,"enemies":"Centurion and Healer","floor":23,"turns":2}],"seed_played":"-981724179896274856","potions_obtained":[{"floor":4,"key":"AttackPotion"},{"floor":8,"key":"SpeedPotion"},{"floor":16,"key":"Weak Potion"},{"floor":21,"key":"GamblersBrew"}],"is_trial":false,"path_per_floor":["M","$","?","M","M","R","E","M","T","R","M","T","M","E","R","B",null,"M","M","?","M","?"],"character_chosen":"IRONCLAD","items_purchased":["True Grit","Wild Strike"],"campfire_rested":0,"item_purchase_floors":[2,2],"current_hp_per_floor":[62,62,39,40,46,46,48,43,53,53,58,58,62,46,46,27,71,62,53,53,8,8,0],"gold":212,"neow_bonus":"","is_prod":false,"is_daily":false,"chose_seed":false,"campfire_upgraded":3,"win_rate":0,"timestamp":1533568317,"path_taken":["M","$","?","M","M","R","E","M","T","R","?","?","M","E","R","BOSS","M","M","?","?","?","M"],"build_version":"2018-08-02","purchased_purges":0,"victory":false,"max_hp_per_floor":[75,75,75,75,75,75,75,75,85,85,85,85,85,85,85,85,85,85,85,85,85,85,85],"card_choices":[{"not_picked":["Body Slam","Burning Pact"],"picked":"Cleave","floor":1},{"not_picked":["Warcry","Iron Wave","Sword Boomerang"],"picked":"SKIP","floor":4},{"not_picked":["Dropkick","Armaments"],"picked":"Flame Barrier","floor":5},{"not_picked":["Pommel Strike","Fire Breathing"],"picked":"Evolve","floor":7},{"not_picked":["Flame Barrier","Seeing Red"],"picked":"Wild Strike","floor":8},{"not_picked":["Sword Boomerang","Heavy Blade"],"picked":"Feel No Pain","floor":11},{"not_picked":["Heavy Blade","Whirlwind","Metallicize"],"picked":"SKIP","floor":13},{"not_picked":["Burning Pact","Intimidate"],"picked":"Double Tap","floor":14},{"not_picked":["Barricade","Reaper"],"picked":"Offering","floor":16},{"not_picked":["Heavy Blade","Flex","Anger"],"picked":"SKIP","floor":18},{"not_picked":["Anger","Hemokinesis","Cleave"],"picked":"SKIP","floor":19},{"not_picked":["Pommel Strike+1","Intimidate"],"picked":"Dark Embrace","floor":21}],"player_experience":577368,"relics_obtained":[{"floor":7,"key":"Matryoshka"},{"floor":9,"key":"Mercury Hourglass"},{"floor":9,"key":"Pear"},{"floor":12,"key":"Red Skull"},{"floor":12,"key":"The Courier"},{"floor":14,"key":"Pen Nib"}],"event_choices":[{"event_name":"Shining Light","player_choice":"Entered Light","floor":3,"damage_taken":0},{"event_name":"The Mausoleum","player_choice":"No","floor":20,"damage_taken":0},{"event_name":"Beggar","player_choice":"Gave Gold","floor":22,"damage_taken":0}],"is_beta":false,"boss_relics":[{"not_picked":["Runic Cube","Pandora\u0027s Box"],"picked":"Astrolabe"}],"items_purged_floors":[],"is_endless":false,"potions_floor_spawned":[4,8,13,16,19,21],"killed_by":"Centurion and Healer","ascension_level":15}