{"gold_per_floor":[110,127,143,143,143,143,172,172,172,203,203,218,7,36,36,36],"floor_reached":16,"playtime":663,"items_purged":[],"score":212,"play_id":"4245dc8e-55f4-455b-9a46-af46ba4ac778","local_time":"20190219204540","is_ascension_mode":true,"campfire_choices":[{"floor":6.0,"key":"REST"},{"floor":8.0,"key":"REST"},{"floor":15,"key":"REST"}],"neow_cost":"NONE","seed_source_timestamp":166318087735542,"circlet_count":0,"master_deck":["AscendersBane","Strike_B","Strike_B","Strike_B","Defend_B","Defend_B","Defend_B","Defend_B","Zap+1","Dualcast","Multi-Cast+1","Gash","Ball Lightning","FTL","Melter","Stack","Genetic Algorithm","Steam"],"special_seed":0,"relics":["Cracked Core","Darkstone Periapt","Oddly Smooth Stone","Unceasing Top","Smiling Mask","Boot","Runic Capacitor","Letter Opener"],"potions_floor_usage":[12,14],"damage_taken":[{"damage":0.0,"enemies":"Cultist","floor":1.0,"turns":4.0},{"damage":3.0,"enemies":"Jaw Worm","floor":2.0,"turns":4.0},{"damage":12.0,"enemies":"Small Slimes","floor":3.0,"turns":2.0},{"damage":20.0,"enemies":"Lagavulin","floor":7.0,"turns":6.0},{"damage":28.0,"enemies":"Gremlin Nob","floor":10.0,"turns":4.0},{"damage":1,"enemies":"Blue Slaver","floor":12,"turns":3},{"damage":5,"enemies":"Lagavulin","floor":14,"turns":6},{"damage":28,"enemies":"Hexaghost","floor":16,"turns":9}],"seed_played":"-2113733957273932051","potions_obtained":[{"floor":2.0,"key":"EssenceOfSteel"},{"floor":3.0,"key":"Swift Potion"},{"floor":10.0,"key":"GamblersBrew"}],"is_trial":false,"path_per_floor":["M","M","M","?","?","R","E","R","T","E","T","M","$","E","R","B"],"character_chosen":"DEFECT","items_purchased":["Runic Capacitor"],"campfire_rested":3,"item_purchase_floors":[13],"current_hp_per_floor":[64,61,49,28,17,38,18,39,39,11,11,10,10,5,26,0],"gold":36,"neow_bonus":"TRANSFORM_CARD","is_prod":false,"is_daily":false,"chose_seed":false,"campfire_upgraded":0,"win_rate":0,"timestamp":1550627140,"path_taken":["M","?","M","?","?","R","E","R","T","E","?","M","$","E","R","BOSS"],"build_version":"2019-01-23","purchased_purges":0,"victory":false,"max_hp_per_floor":[71,71,71,71,71,71,71,71,71,71,71,71,71,71,71,71],"card_choices":[{"not_picked":["Hologram","Beam Cell"],"picked":"Gash","floor":1.0},{"not_picked":["Scrape","Turbo"],"picked":"Ball Lightning","floor":2.0},{"not_picked":["Conserve Battery","Lockon"],"picked":"FTL","floor":3.0},{"not_picked":["Coolheaded","Skim"],"picked":"Melter","floor":7.0},{"not_picked":["Fusion","Blizzard"],"picked":"Stack","floor":10.0},{"not_picked":["Beam Cell","Consume"],"picked":"Genetic Algorithm","floor":12},{"not_picked":["Leap","Redo"],"picked":"Steam","floor":14}],"player_experience":511786,"relics_obtained":[{"floor":7.0,"key":"Oddly Smooth Stone"},{"floor":9.0,"key":"Unceasing Top"},{"floor":10.0,"key":"Smiling Mask"},{"floor":11.0,"key":"Boot"},{"floor":14,"key":"Letter Opener"}],"event_choices":[{"damage_healed":0.0,"max_hp_gain":0.0,"max_hp_loss":0.0,"gold_gain":0.0,"event_name":"Shining Light","player_choice":"Entered Light","floor":4.0,"gold_loss":0.0,"damage_taken":21.0,"cards_upgraded":["Multi-Cast","Zap"]},{"damage_healed":0.0,"max_hp_gain":0.0,"max_hp_loss":0.0,"gold_gain":0.0,"event_name":"Scrap Ooze","player_choice":"Success","floor":5.0,"gold_loss":0.0,"damage_taken":11.0,"relics_obtained":["Darkstone Periapt"]}],"is_beta":false,"boss_relics":[],"items_purged_floors":[],"is_endless":false,"potions_floor_spawned":[2,3,10],"killed_by":"Hexaghost","ascension_level":16}