{"gold_per_floor":[118,118,43,43,60,60,87,87,156,175,193,193,225,240,240,319,319,331,331],"floor_reached":19,"playtime":1246,"items_purged":[],"score":327,"play_id":"5754948b-4385-423d-ac9d-d14685daed21","local_time":"20190224042221","is_ascension_mode":true,"campfire_choices":[{"floor":6.0,"key":"REST"},{"floor":8.0,"key":"REST"},{"floor":15,"key":"REST"}],"neow_cost":"NONE","seed_source_timestamp":20488239373255,"circlet_count":0,"master_deck":["AscendersBane","Strike_B","Strike_B","Strike_B+1","Defend_B","Defend_B","Defend_B+1","Defend_B","Zap+1","Dualcast","Rebound","Reinforced Body","Steam","Darkness","Redo","Compile Driver","Electrodynamics+1","Hello World+1"],"special_seed":0,"relics":["Fusion Hammer","Frozen Egg 2","Calipers","Kunai","Dodecahedron","Inserter"],"potions_floor_usage":[13],"damage_taken":[{"damage":2.0,"enemies":"Jaw Worm","floor":1.0,"turns":4.0},{"damage":3.0,"enemies":"2 Louse","floor":5.0,"turns":3.0},{"damage":25.0,"enemies":"3 Sentries","floor":7.0,"turns":8.0},{"damage":0.0,"enemies":"Cultist","floor":10.0,"turns":4.0},{"damage":4,"enemies":"Red Slaver","floor":11,"turns":5},{"damage":2,"enemies":"Lagavulin","floor":13,"turns":7},{"damage":6,"enemies":"Large Slime","floor":14,"turns":5},{"damage":28,"enemies":"Slime Boss","floor":16,"turns":10},{"damage":34,"enemies":"Shell Parasite","floor":18,"turns":8},{"damage":7,"enemies":"Chosen","floor":19,"turns":3}],"seed_played":"3223216400755133766","potions_obtained":[{"floor":5.0,"key":"Weak Potion"},{"floor":7.0,"key":"LiquidBronze"},{"floor":14,"key":"Strength Potion"},{"floor":16,"key":"EntropicBrew"}],"is_trial":false,"path_per_floor":["M","?","?","?","M","R","E","R","T","M","M","?","E","M","R","B",null,"M","M"],"character_chosen":"DEFECT","items_purchased":[],"campfire_rested":3,"item_purchase_floors":[],"current_hp_per_floor":[62,57,57,36,33,54,29,50,50,50,46,46,44,38,59,31,61,27,20],"gold":331,"neow_bonus":"BOSS_RELIC","is_prod":false,"is_daily":false,"chose_seed":false,"campfire_upgraded":0,"win_rate":0,"timestamp":1551000141,"path_taken":["M","?","?","?","?","R","E","R","T","M","M","?","E","M","R","BOSS","M","M"],"build_version":"2019-01-23","purchased_purges":0,"victory":false,"max_hp_per_floor":[71,71,71,71,71,71,71,71,71,71,71,71,71,71,71,71,71,71,71],"card_choices":[{"not_picked":["Hologram","Consume"],"picked":"Rebound","floor":1.0},{"not_picked":["Go for the Eyes","Fusion"],"picked":"Reinforced Body","floor":5.0},{"not_picked":["Coolheaded","White Noise"],"picked":"Steam","floor":7.0},{"not_picked":["Go for the Eyes","Leap"],"picked":"Darkness","floor":10.0},{"not_picked":["Reinforced Body","Beam Cell","Chaos"],"picked":"SKIP","floor":11},{"not_picked":["Sweeping Beam","Darkness"],"picked":"Redo","floor":13},{"not_picked":["Barrage","Leap"],"picked":"Compile Driver","floor":14},{"not_picked":["Seek","Biased Cognition+1"],"picked":"Electrodynamics+1","floor":16},{"not_picked":["Compile Driver","Cold Snap"],"picked":"Hello World+1","floor":18}],"player_experience":553474,"relics_obtained":[{"floor":7.0,"key":"Calipers"},{"floor":9.0,"key":"Kunai"},{"floor":13,"key":"Dodecahedron"}],"event_choices":[{"damage_healed":0.0,"max_hp_gain":0.0,"max_hp_loss":0.0,"gold_gain":0.0,"event_name":"Scrap Ooze","player_choice":"Success","floor":2.0,"gold_loss":0.0,"damage_taken":5.0,"relics_obtained":["Frozen Egg 2"]},{"cards_removed":["Strike_B"],"damage_healed":0.0,"max_hp_gain":0.0,"max_hp_loss":0.0,"gold_gain":0.0,"event_name":"The Cleric","player_choice":"Card Removal","floor":3.0,"gold_loss":75.0,"damage_taken":0.0},{"damage_healed":0.0,"max_hp_gain":0.0,"max_hp_loss":0.0,"gold_gain":0.0,"event_name":"Shining Light","player_choice":"Entered Light","floor":4.0,"gold_loss":0.0,"damage_taken":21.0,"cards_upgraded":["Defend_B","Strike_B"]},{"damage_healed":0,"gold_gain":0,"player_choice":"Upgraded","damage_taken":0,"max_hp_gain":0,"max_hp_loss":0,"event_name":"Upgrade Shrine","floor":12,"gold_loss":0,"cards_upgraded":["Zap"]}],"is_beta":false,"boss_relics":[{"not_picked":["Lizard Tail","Calling Bell"],"picked":"Inserter"}],"items_purged_floors":[],"is_endless":false,"potions_floor_spawned":[5,7,14,16,18],"killed_by":"Chosen","ascension_level":17}