{"gold_per_floor":[115,40,40,51,65,65,84,84,107,182,182,182,198,217,217,312,312,322,69,79,79,79,79,114,64,91,110,110,128,146,61,61,165,165,179,1,1,14,14,14,14,14,14,30,30,45,45,63,63,63,63,63,17,17],"floor_reached":54,"playtime":2015,"items_purged":["Strike_R","Strike_R"],"score":622,"play_id":"882414d9-54a9-4d9b-86be-3e4d02640af0","local_time":"20190129200200","is_ascension_mode":false,"campfire_choices":[{"floor":6.0,"key":"RECALL"},{"data":"Shrug It Off","floor":8.0,"key":"SMITH"},{"data":"Headbutt","floor":12.0,"key":"SMITH"},{"data":"Bash","floor":15.0,"key":"SMITH"},{"data":"Limit Break","floor":23.0,"key":"SMITH"},{"floor":32.0,"key":"REST"}],"neow_cost":"NONE","seed_source_timestamp":3823332000799469,"circlet_count":0,"master_deck":["Defend_R+1","Defend_R+1","Defend_R+1","Defend_R+1","Bash+1","Anger+1","Headbutt+1","Shrug It Off+1","Limit Break+1","Headbutt+1","Infernal Blade+1","Spot Weakness+1","Fire Breathing+1","Inflame+1","Dramatic Entrance+1","Anger+1","Shrug It Off"],"special_seed":0,"relics":["Burning Blood","Astrolabe","Shuriken","Anchor","Pen Nib","Art of War","Coffee Dripper","Mark of the Bloom","Happy Flower","Kunai"],"potions_floor_usage":[33,44,50,50,54],"damage_taken":[{"damage":2.0,"enemies":"2 Louse","floor":1.0,"turns":3.0},{"damage":0.0,"enemies":"Small Slimes","floor":4.0,"turns":2.0},{"damage":6.0,"enemies":"Jaw Worm","floor":5.0,"turns":3.0},{"damage":8.0,"enemies":"Exordium Wildlife","floor":7.0,"turns":5.0},{"damage":7.0,"enemies":"Exordium Thugs","floor":13.0,"turns":4.0},{"damage":0.0,"enemies":"2 Fungi Beasts","floor":14.0,"turns":4.0},{"damage":18.0,"enemies":"Slime Boss","floor":16.0,"turns":8.0},{"damage":18.0,"enemies":"3 Byrds","floor":18.0,"turns":7.0},{"damage":15.0,"enemies":"2 Thieves","floor":20.0,"turns":3.0},{"damage":39.0,"enemies":"Slavers","floor":24.0,"turns":6.0},{"damage":22.0,"enemies":"Shelled Parasite and Fungi","floor":27.0,"turns":5.0},{"damage":8.0,"enemies":"Cultist and Chosen","floor":29.0,"turns":5.0},{"damage":11.0,"enemies":"3 Cultists","floor":30.0,"turns":4.0},{"damage":20,"enemies":"Automaton","floor":33,"turns":6},{"damage":5,"enemies":"3 Shapes","floor":35,"turns":4},{"damage":4,"enemies":"Orb Walker","floor":38,"turns":3},{"damage":8,"enemies":"Jaw Worm Horde","floor":44,"turns":4},{"damage":5,"enemies":"Sphere and 2 Shapes","floor":46,"turns":3},{"damage":0,"enemies":"Transient","floor":48,"turns":5},{"damage":21,"enemies":"Donu and Deca","floor":50,"turns":6},{"damage":50,"enemies":"Shield and Spear","floor":54,"turns":3}],"seed_played":"-486418856880089423","potions_obtained":[{"floor":5.0,"key":"AttackPotion"},{"floor":7.0,"key":"Regen Potion"},{"floor":13.0,"key":"Poison Potion"},{"floor":20.0,"key":"Strength Potion"},{"floor":24.0,"key":"AttackPotion"},{"floor":27.0,"key":"BloodPotion"},{"floor":29.0,"key":"Strength Potion"},{"floor":33,"key":"Dexterity Potion"},{"floor":35,"key":"Energy Potion"},{"floor":38,"key":"Fire Potion"},{"floor":46,"key":"Swift Potion"},{"floor":48,"key":"Ancient Potion"}],"is_trial":false,"path_per_floor":["M","$","?","M","M","R","M","R","T","?","?","R","M","M","R","B",null,"M","$","M","$","?","R","E","?","T","M","?","M","M","?","R","B",null,"M","$","?","M","?","R","?","R","T","M","$","M","R","M","R","B",null,"R","$","E"],"character_chosen":"IRONCLAD","items_purchased":["Shuriken","Inflame","Shrug It Off"],"campfire_rested":1,"item_purchase_floors":[19,36,53],"current_hp_per_floor":[80,80,80,80,80,80,78,78,78,67,67,67,66,72,72,60,80,68,68,68,68,68,68,35,35,35,19,19,25,20,20,44,30,80,80,80,80,80,80,80,80,80,80,72,72,67,67,67,67,46,46,46,46,0],"gold":17,"neow_bonus":"THREE_CARDS","is_prod":false,"is_daily":false,"chose_seed":false,"campfire_upgraded":4,"win_rate":0,"timestamp":1548810120,"path_taken":["M","$","?","M","M","R","M","R","T","?","?","R","?","M","R","BOSS","M","$","M","$","?","R","E","?","T","?","?","M","M","?","R","BOSS","M","$","?","?","?","R","?","R","T","M","$","M","R","M","R","BOSS","R","$","E"],"build_version":"2019-01-23","purchased_purges":2,"victory":false,"max_hp_per_floor":[80,80,80,80,80,80,80,80,80,80,80,80,80,80,80,80,80,80,80,80,80,80,80,80,80,80,80,80,80,80,80,80,80,80,80,80,80,80,80,80,80,80,80,80,80,80,80,80,80,80,80,80,80,80],"card_choices":[{"not_picked":["Flame Barrier","Flex"],"picked":"Anger","floor":0.0},{"not_picked":["Warcry","Carnage"],"picked":"Headbutt","floor":1.0},{"not_picked":["Havoc","Sword Boomerang"],"picked":"Shrug It Off","floor":4.0},{"not_picked":["Corruption","Rupture","Pommel Strike"],"picked":"SKIP","floor":5.0},{"not_picked":["Disarm","Havoc","Wild Strike"],"picked":"SKIP","floor":7.0},{"not_picked":["Disarm","Havoc","Wild Strike"],"picked":"SKIP","floor":7.0},{"not_picked":["Dropkick","True Grit","Metallicize"],"picked":"SKIP","floor":13.0},{"not_picked":["Headbutt","Feel No Pain","Flame Barrier"],"picked":"SKIP","floor":14.0},{"not_picked":["Offering","Brutality"],"picked":"Limit Break","floor":16.0},{"not_picked":["Body Slam+1","Clash+1","Heavy Blade"],"picked":"SKIP","floor":18.0},{"not_picked":["Entrench","Blood for Blood","Flex+1"],"picked":"SKIP","floor":20.0},{"not_picked":["Cleave","Metallicize","Bloodletting"],"picked":"SKIP","floor":24.0},{"not_picked":["Clash","Iron Wave"],"picked":"Spot Weakness","floor":27.0},{"not_picked":["Flex","Spot Weakness","Iron Wave+1"],"picked":"SKIP","floor":29.0},{"not_picked":["Entrench","Reckless Charge+1","Iron Wave"],"picked":"SKIP","floor":30.0},{"not_picked":["Flex+1","Twin Strike"],"picked":"Fire Breathing+1","floor":35},{"not_picked":["Cleave","Feel No Pain+1","True Grit"],"picked":"SKIP","floor":38},{"not_picked":["Evolve","Body Slam","Second Wind"],"picked":"SKIP","floor":44},{"not_picked":["Flex+1","Infernal Blade+1"],"picked":"Anger+1","floor":46},{"not_picked":["Sever Soul","Corruption+1","Feed"],"picked":"SKIP","floor":48}],"player_experience":55171,"relics_obtained":[{"floor":24.0,"key":"Anchor"},{"floor":26.0,"key":"Pen Nib"},{"floor":43,"key":"Kunai"}],"event_choices":[{"damage_healed":0.0,"max_hp_gain":0.0,"max_hp_loss":0.0,"gold_gain":0.0,"event_name":"Living Wall","player_choice":"Grow","floor":3.0,"gold_loss":0.0,"damage_taken":0.0,"cards_upgraded":["Anger"]},{"damage_healed":0.0,"max_hp_gain":0.0,"max_hp_loss":0.0,"gold_gain":75.0,"event_name":"World of Goop","player_choice":"Gather Gold","floor":10.0,"gold_loss":0.0,"damage_taken":11.0},{"damage_healed":0.0,"max_hp_gain":0.0,"max_hp_loss":0.0,"gold_gain":0.0,"event_name":"Golden Idol","player_choice":"Ignored","floor":11.0,"gold_loss":0.0,"damage_taken":0.0},{"cards_removed":["Brutality"],"damage_healed":0.0,"max_hp_gain":0.0,"max_hp_loss":0.0,"gold_gain":0.0,"event_name":"Back to Basics","player_choice":"Elegance","floor":22.0,"gold_loss":0.0,"damage_taken":0.0},{"damage_healed":0.0,"max_hp_gain":0.0,"max_hp_loss":0.0,"gold_gain":0.0,"event_name":"The Joust","player_choice":"Bet on Owner","floor":25.0,"gold_loss":50.0,"damage_taken":0.0},{"damage_healed":0.0,"max_hp_gain":0.0,"max_hp_loss":0.0,"gold_gain":0.0,"event_name":"Cursed Tome","player_choice":"Ignored","floor":28.0,"gold_loss":0.0,"damage_taken":0.0},{"damage_healed":0.0,"max_hp_gain":0.0,"max_hp_loss":0.0,"gold_gain":0.0,"event_name":"Addict","player_choice":"Obtained Relic","floor":31.0,"gold_loss":85.0,"damage_taken":0.0,"relics_obtained":["Art of War"]},{"damage_healed":0,"gold_gain":0,"player_choice":"1 cards matched","damage_taken":0,"max_hp_gain":0,"max_hp_loss":0,"event_name":"Match and Keep!","floor":37,"gold_loss":0,"cards_obtained":["Dramatic Entrance"]},{"damage_healed":0,"gold_gain":0,"player_choice":"Upgrade","damage_taken":0,"relics_obtained":["Mark of the Bloom"],"max_hp_gain":0,"max_hp_loss":0,"event_name":"MindBloom","floor":39,"gold_loss":0,"cards_upgraded":["Defend_R","Defend_R","Defend_R","Defend_R","Spot Weakness","Inflame","Dramatic Entrance"]},{"damage_healed":0,"gold_gain":0,"player_choice":"Gave Potion","damage_taken":0,"relics_obtained":["Happy Flower"],"max_hp_gain":0,"max_hp_loss":0,"event_name":"WeMeetAgain","floor":41,"gold_loss":0}],"is_beta":false,"boss_relics":[{"not_picked":["Black Star","Runic Dome"],"picked":"Astrolabe"},{"not_picked":["Pandora\u0027s Box","Black Blood"],"picked":"Coffee Dripper"}],"items_purged_floors":[2,36],"is_endless":false,"potions_floor_spawned":[5,7,13,20,24,27,29,33,35,38,46,48],"killed_by":"Shield and Spear","ascension_level":0}