{"path_per_floor":["M","M","M","M","M","E","?","E","T","M","R","M","M","$","R","B",null,"M","M","?","?"],"character_chosen":"DEFECT","items_purchased":["Lantern","Doom and Gloom+1"],"gold_per_floor":[116,127,140,150,165,195,195,224,224,236,236,255,271,39,39,137,137,105,120,152,152,152],"floor_reached":22,"campfire_rested":2,"playtime":2733,"item_purchase_floors":[14,14],"current_hp_per_floor":[69,69,72,65,54,27,27,10,10,17,39,28,13,13,35,17,75,55,49,6,6,0],"items_purged":[],"gold":152,"score":200,"play_id":"521f880c-0ff6-4325-835c-c6eea5203267","local_time":"20180605003403","is_prod":false,"is_daily":false,"chose_seed":false,"is_ascension_mode":false,"campfire_upgraded":0,"win_rate":0.0,"timestamp":1528184043,"campfire_choices":[{"floor":11,"key":"REST"},{"floor":15,"key":"REST"}],"path_taken":["M","?","M","M","M","E","?","E","T","M","R","M","M","$","R","BOSS","M","M","?","?","M"],"build_version":"2018-05-31","seed_source_timestamp":167167119423614,"purchased_purges":0,"victory":false,"master_deck":["Strike_B","Defend_B","Defend_B","Defend_B","Defend_B","Zap","Dualcast","All For One","Self Repair","Stack","Double Energy","Steam","Redo","Static Discharge","Defragment","Zap","Rainbow","Redo","Storm","Compile Driver+1","Doom and Gloom+1","Creative AI","Glacier+1","Glacier+1","Hello World+1","Reprogram+1","Conserve Battery","Streamline+1","Hello World+1"],"max_hp_per_floor":[75,75,75,75,75,75,75,75,75,75,75,75,75,75,75,75,75,75,75,75,75,75],"relics":["Cracked Core","Molten Egg 2","Happy Flower","Boot","Lantern","Astrolabe","Red Mask"],"card_choices":[{"not_picked":["Leap","Stack"],"picked":"Self Repair","floor":1},{"not_picked":["Rip and Tear","Leap"],"picked":"Stack","floor":2},{"not_picked":["Ball Lightning","Gash"],"picked":"Double Energy","floor":3},{"not_picked":["Auto Shields","Rip and Tear"],"picked":"Steam","floor":4},{"not_picked":["Streamline","Stack"],"picked":"Redo","floor":5},{"not_picked":["Double Energy","Barrage"],"picked":"Static Discharge","floor":6},{"not_picked":["Redo","Gash+1"],"picked":"Rainbow","floor":8},{"not_picked":["Go for the Eyes+1","Hologram"],"picked":"Redo","floor":10},{"not_picked":["All For One+1","Steam"],"picked":"Storm","floor":12},{"not_picked":["Coolheaded","Aggregate"],"picked":"Compile Driver+1","floor":13},{"not_picked":["Machine Learning","Buffer"],"picked":"Creative AI","floor":16},{"not_picked":["Gash+1","Go for the Eyes+1"],"picked":"Reprogram+1","floor":18},{"not_picked":["Scrape+1","Aggregate"],"picked":"Conserve Battery","floor":19},{"not_picked":["Leap","Steam Power+1"],"picked":"Streamline+1","floor":20}],"player_experience":7780,"potions_floor_usage":[10,20,22,22],"damage_taken":[{"damage":6,"enemies":"Cultist","floor":1,"turns":3},{"damage":7,"enemies":"2 Louse","floor":2,"turns":2},{"damage":4,"enemies":"Small Slimes","floor":3,"turns":3},{"damage":14,"enemies":"Exordium Wildlife","floor":4,"turns":4},{"damage":18,"enemies":"Exordium Thugs","floor":5,"turns":5},{"damage":34,"enemies":"3 Sentries","floor":6,"turns":10},{"damage":24,"enemies":"Gremlin Nob","floor":8,"turns":4},{"damage":0,"enemies":"Large Slime","floor":10,"turns":5},{"damage":11,"enemies":"Lots of Slimes","floor":12,"turns":4},{"damage":22,"enemies":"3 Louse","floor":13,"turns":4},{"damage":18,"enemies":"Hexaghost","floor":16,"turns":7},{"damage":27,"enemies":"2 Thieves","floor":18,"turns":5},{"damage":13,"enemies":"Chosen","floor":19,"turns":5},{"damage":43,"enemies":"Masked Bandits","floor":20,"turns":4},{"damage":15,"enemies":"3 Cultists","floor":22,"turns":6}],"relics_obtained":[{"floor":6,"key":"Molten Egg 2"},{"floor":8,"key":"Happy Flower"},{"floor":9,"key":"Boot"},{"floor":20,"key":"Red Mask"}],"event_choices":[{"event_name":"Match and Keep!","player_choice":"2 cards matched","floor":7,"damage_taken":0},{"event_name":"Masked Bandits","player_choice":"Fought over 120 gold","floor":20,"damage_taken":0},{"event_name":"Duplicator","player_choice":"One dupe","floor":21,"damage_taken":0}],"boss_relics":[{"not_picked":["Ectoplasm","Sozu"],"picked":"Astrolabe"}],"items_purged_floors":[],"potions_floor_spawned":[3,4,8,10,13,16,20],"seed_played":"8249555758303057548","killed_by":"3 Cultists","ascension_level":0,"potions_obtained":[{"floor":3,"key":"Explosive Potion"},{"floor":4,"key":"SkillPotion"},{"floor":8,"key":"EssenceOfSteel"},{"floor":10,"key":"Regen Potion"},{"floor":13,"key":"Energy Potion"},{"floor":20,"key":"FearPotion"}],"is_trial":false}