{"gold_per_floor":[114,132,132,145,155,185,185,57,57,57,73,73,148,148,148,148],"floor_reached":16,"playtime":449,"items_purged":["Pain"],"score":105,"play_id":"0841ea07-3844-4b8d-9251-d979581a7e49","local_time":"20190120224304","is_ascension_mode":true,"campfire_choices":[{"floor":7,"key":"RECALL"},{"floor":10,"key":"REST"},{"data":"Flex","floor":12,"key":"SMITH"},{"data":"Whirlwind","floor":15,"key":"SMITH"}],"neow_cost":"NONE","seed_source_timestamp":1034616410634201,"circlet_count":0,"master_deck":["Strike_R","Strike_R","Strike_R","Strike_R","Strike_R","Defend_R","Defend_R","Defend_R","Defend_R","Bash","Thunderclap","Whirlwind+1","Iron Wave","Clothesline","Cleave","Flex+1","Clash","Regret"],"relics":["Burning Blood","WarpedTongs","Regal Pillow","Meat on the Bone"],"potions_floor_usage":[6,16,16],"damage_taken":[{"damage":1,"enemies":"Cultist","floor":1,"turns":3},{"damage":10,"enemies":"Small Slimes","floor":2,"turns":3},{"damage":1,"enemies":"2 Louse","floor":4,"turns":2},{"damage":16,"enemies":"Looter","floor":5,"turns":4},{"damage":47,"enemies":"Lagavulin","floor":6,"turns":7},{"damage":0,"enemies":"3 Louse","floor":11,"turns":1},{"damage":72,"enemies":"Hexaghost","floor":16,"turns":11}],"seed_played":"-5529665916692469447","potions_obtained":[{"floor":0,"key":"AttackPotion"},{"floor":0,"key":"Dexterity Potion"},{"floor":0,"key":"BloodPotion"},{"floor":11,"key":"EssenceOfSteel"}],"is_trial":false,"path_per_floor":["M","M","?","M","M","E","R","$","T","R","M","R","?","?","R","B"],"character_chosen":"IRONCLAD","items_purchased":["Flex"],"campfire_rested":1,"item_purchase_floors":[8],"current_hp_per_floor":[80,76,76,80,70,29,29,29,29,68,74,74,63,63,63,0],"gold":148,"neow_bonus":"THREE_SMALL_POTIONS","is_prod":false,"is_daily":false,"chose_seed":false,"campfire_upgraded":2,"win_rate":0,"timestamp":1548042184,"path_taken":["M","M","?","?","M","E","R","$","T","R","M","R","?","?","R","BOSS"],"build_version":"2019-01-17v2","purchased_purges":1,"victory":false,"max_hp_per_floor":[80,80,80,80,80,80,80,80,80,80,80,80,80,80,80,80],"card_choices":[{"not_picked":["Twin Strike","Rage"],"picked":"Thunderclap","floor":1},{"not_picked":["Havoc","Twin Strike"],"picked":"Whirlwind","floor":2},{"not_picked":["Seeing Red","Anger"],"picked":"Iron Wave","floor":4},{"not_picked":["Twin Strike","Dual Wield"],"picked":"Clothesline","floor":5},{"not_picked":["Body Slam","Flame Barrier"],"picked":"Cleave","floor":6},{"not_picked":["Iron Wave","Rampage"],"picked":"Clash","floor":11}],"player_experience":91423,"relics_obtained":[{"floor":6,"key":"Regal Pillow"}],"event_choices":[{"damage_healed":0,"gold_gain":0,"player_choice":"Rummage","damage_taken":0,"relics_obtained":["WarpedTongs"],"max_hp_gain":0,"max_hp_loss":0,"event_name":"Accursed Blacksmith","floor":3,"gold_loss":0,"cards_obtained":["Pain"]},{"damage_healed":0,"gold_gain":75,"player_choice":"Gather Gold","damage_taken":11,"max_hp_gain":0,"max_hp_loss":0,"event_name":"World of Goop","floor":13,"gold_loss":0},{"damage_healed":0,"gold_gain":0,"player_choice":"Box","damage_taken":0,"relics_obtained":["Meat on the Bone"],"max_hp_gain":0,"max_hp_loss":0,"event_name":"Big Fish","floor":14,"gold_loss":0,"cards_obtained":["Regret"]}],"is_beta":false,"boss_relics":[],"items_purged_floors":[8],"is_endless":false,"potions_floor_spawned":[1,11],"killed_by":"Hexaghost","ascension_level":1}