{"gold_per_floor":[118,130,1,12,85,118,118,118,118,129,129,140,71,83,83,160,160,143,21,34,50,67,67,85,98,98,98,1,11,11,11,11,89,89,108,27,39,56,72,72,72,72,72,88,121,121,121],"floor_reached":47,"playtime":3058,"items_purged":["Regret"],"score":784,"play_id":"899a3e56-f90a-489e-93f1-84c6399eba98","local_time":"20190112061117","is_ascension_mode":true,"campfire_choices":[{"data":"Glacier","floor":7,"key":"SMITH"},{"data":"Sunder","floor":15,"key":"SMITH"},{"floor":23,"key":"RECALL"},{"data":"Hologram","floor":27,"key":"SMITH"},{"data":"Creative AI","floor":30,"key":"SMITH"},{"floor":32,"key":"REST"},{"floor":40,"key":"REST"},{"data":"Heatsinks","floor":42,"key":"SMITH"}],"neow_cost":"CURSE","seed_source_timestamp":133744399339900,"circlet_count":0,"master_deck":["AscendersBane","Strike_B","Strike_B","Strike_B","Strike_B","Defend_B","Defend_B","Defend_B","Defend_B","Zap","Dualcast+1","Core Surge","Conserve Battery","Glacier+1","Leap","Sunder+1","Conserve Battery+1","Chill","Coolheaded","Creative AI+1","Core Surge","Hologram+1","Storm","Leap","Loop","Turbo+1","Loop","Leap","Seek","Heatsinks+1","Gash+1"],"relics":["Cracked Core","Singing Bowl","Strawberry","Busted Crown","Girya","Sozu","Bottled Tornado","Happy Flower"],"potions_floor_usage":[16,16,22,22],"damage_taken":[{"damage":9,"enemies":"Small Slimes","floor":1,"turns":3},{"damage":3,"enemies":"Cultist","floor":2,"turns":3},{"damage":0,"enemies":"Jaw Worm","floor":4,"turns":5},{"damage":27,"enemies":"Gremlin Nob","floor":6,"turns":5},{"damage":0,"enemies":"Large Slime","floor":10,"turns":6},{"damage":1,"enemies":"Blue Slaver","floor":12,"turns":5},{"damage":0,"enemies":"Exordium Thugs","floor":14,"turns":6},{"damage":6,"enemies":"Slime Boss","floor":16,"turns":10},{"damage":0,"enemies":"2 Thieves","floor":18,"turns":4},{"damage":19,"enemies":"Spheric Guardian","floor":20,"turns":4},{"damage":16,"enemies":"Snake Plant","floor":21,"turns":4},{"damage":6,"enemies":"Sentry and Sphere","floor":22,"turns":9},{"damage":4,"enemies":"Shelled Parasite and Fungi","floor":24,"turns":9},{"damage":7,"enemies":"3 Cultists","floor":25,"turns":7},{"damage":1,"enemies":"Snecko","floor":29,"turns":7},{"damage":40,"enemies":"Champ","floor":33,"turns":13},{"damage":0,"enemies":"3 Shapes","floor":35,"turns":9},{"damage":25,"enemies":"Orb Walker","floor":37,"turns":5},{"damage":3,"enemies":"Maw","floor":38,"turns":8},{"damage":35,"enemies":"Sphere and 2 Shapes","floor":39,"turns":8},{"damage":13,"enemies":"Writhing Mass","floor":44,"turns":8},{"damage":68,"enemies":"Nemesis","floor":45,"turns":7},{"damage":12,"enemies":"4 Shapes","floor":47,"turns":1}],"seed_played":"3846070554492738427","potions_obtained":[{"floor":4,"key":"FocusPotion"},{"floor":6,"key":"GamblersBrew"},{"floor":16,"key":"EntropicBrew"},{"floor":18,"key":"FearPotion"},{"floor":24,"key":"LiquidBronze"}],"is_trial":false,"path_per_floor":["M","M","$","M","?","E","R","?","T","M","?","M","$","M","R","B",null,"M","$","M","M","M","R","M","M","T","R","$","M","R","?","R","B",null,"M","$","M","M","M","R","?","R","T","M","E","?","M"],"character_chosen":"DEFECT","items_purchased":["Leap","Creative AI","Storm","Leap","Loop","Leap","Heatsinks"],"campfire_rested":2,"item_purchase_floors":[3,13,19,19,28,28,36],"current_hp_per_floor":[55,52,52,52,52,25,25,11,11,11,18,17,17,19,19,13,63,63,63,44,28,24,24,22,17,17,17,17,18,18,18,44,4,67,69,69,46,45,10,38,82,82,82,71,5,5,0],"gold":121,"neow_bonus":"THREE_RARE_CARDS","is_prod":false,"is_daily":false,"chose_seed":false,"campfire_upgraded":5,"win_rate":0,"timestamp":1547302277,"path_taken":["M","M","$","M","?","E","R","?","T","M","?","M","$","M","R","BOSS","M","$","M","M","M","R","M","M","T","R","$","?","R","?","R","BOSS","M","$","M","M","M","R","?","R","T","M","E","?","?"],"build_version":"2019-01-10","purchased_purges":1,"victory":false,"max_hp_per_floor":[71,71,71,71,71,71,71,71,71,71,78,78,78,80,80,80,80,80,80,80,80,82,82,84,86,86,86,86,88,88,88,88,88,88,90,90,92,94,94,94,82,82,82,84,86,83,83],"card_choices":[{"not_picked":["Buffer","All For One"],"picked":"Core Surge","floor":0},{"not_picked":["Steam","Streamline"],"picked":"Conserve Battery","floor":1},{"not_picked":["Turbo","Rebound"],"picked":"Glacier","floor":2},{"not_picked":["Cold Snap","Gash"],"picked":"Sunder","floor":4},{"not_picked":["Go for the Eyes","Streamline"],"picked":"Conserve Battery","floor":6},{"not_picked":["Streamline","Melter"],"picked":"Chill","floor":10},{"not_picked":["Heatsinks","Go for the Eyes"],"picked":"Coolheaded","floor":12},{"not_picked":["Beam Cell","Stack","Turbo"],"picked":"Singing Bowl","floor":14},{"not_picked":["Creative AI","Meteor Strike"],"picked":"Core Surge","floor":16},{"not_picked":[],"picked":"Hologram","floor":18},{"not_picked":[],"picked":"Loop","floor":20},{"not_picked":[],"picked":"Turbo+1","floor":21},{"not_picked":["Stack"],"picked":"Singing Bowl","floor":22},{"not_picked":["Sunder"],"picked":"Singing Bowl","floor":24},{"not_picked":["Undo"],"picked":"Singing Bowl","floor":25},{"not_picked":["Undo"],"picked":"Singing Bowl","floor":29},{"not_picked":[],"picked":"Seek","floor":33},{"not_picked":["Barrage+1"],"picked":"Singing Bowl","floor":35},{"not_picked":["Beam Cell"],"picked":"Singing Bowl","floor":37},{"not_picked":["Barrage"],"picked":"Singing Bowl","floor":38},{"not_picked":[],"picked":"Gash+1","floor":39},{"not_picked":["Hyperbeam"],"picked":"Singing Bowl","floor":44},{"not_picked":["Compile Driver"],"picked":"Singing Bowl","floor":45}],"player_experience":448659,"relics_obtained":[{"floor":6,"key":"Singing Bowl"},{"floor":11,"key":"Strawberry"},{"floor":26,"key":"Girya"},{"floor":43,"key":"Bottled Tornado"},{"floor":45,"key":"Happy Flower"}],"event_choices":[{"damage_healed":0,"gold_gain":73,"player_choice":"Gained Gold","damage_taken":0,"max_hp_gain":0,"max_hp_loss":0,"event_name":"Golden Wing","floor":5,"gold_loss":0},{"damage_healed":0,"gold_gain":0,"player_choice":"Entered Light","damage_taken":14,"max_hp_gain":0,"max_hp_loss":0,"event_name":"Shining Light","floor":8,"gold_loss":0,"cards_upgraded":["Conserve Battery","Dualcast"]},{"damage_healed":0,"gold_gain":0,"player_choice":"Relic","damage_taken":0,"max_hp_gain":0,"max_hp_loss":0,"event_name":"Wheel of Change","floor":11,"gold_loss":0},{"damage_healed":0,"gold_gain":0,"player_choice":"Ignored","damage_taken":0,"max_hp_gain":0,"max_hp_loss":0,"event_name":"Vampires","floor":31,"gold_loss":0},{"damage_healed":82,"gold_gain":0,"player_choice":"Heal","damage_taken":0,"max_hp_gain":0,"max_hp_loss":12,"event_name":"The Moai Head","floor":41,"gold_loss":0},{"cards_removed":["Parasite"],"damage_healed":0,"gold_gain":0,"player_choice":"Card Removal","damage_taken":0,"max_hp_gain":0,"max_hp_loss":0,"event_name":"Wheel of Change","floor":46,"gold_loss":0}],"is_beta":false,"boss_relics":[{"not_picked":["Eternal Feather","White Beast Statue"],"picked":"Busted Crown"},{"not_picked":["Empty Cage","Black Star"],"picked":"Sozu"}],"items_purged_floors":[3],"is_endless":false,"potions_floor_spawned":[4,6,16,18,24,29,38],"killed_by":"4 Shapes","ascension_level":14}