{"gold_per_floor":[109,109,127,202,213,213,248,248,325,338,367,367,367],"floor_reached":13,"playtime":550,"items_purged":[],"score":167,"play_id":"b28b74f0-e752-42d2-8c67-3537a207cb9c","local_time":"20190219162238","is_ascension_mode":true,"campfire_choices":[{"data":"Prepared","floor":6.0,"key":"SMITH"},{"data":"Prepared","floor":8.0,"key":"SMITH"}],"neow_cost":"NONE","seed_source_timestamp":150614554963579,"circlet_count":0,"master_deck":["AscendersBane","Survivor","Neutralize","Prepared+1","Slice","Sucker Punch","Crippling Poison","Poisoned Stab","Prepared+1","Dagger Spray+1","Dodge and Roll","Finisher","Sucker Punch+1","Blur","Escape Plan","Dash","Infinite Blades","Burst"],"special_seed":0,"relics":["Pandora\u0027s Box","Whetstone","Pear","Orichalcum"],"potions_floor_usage":[],"damage_taken":[{"damage":8.0,"enemies":"Jaw Worm","floor":1.0,"turns":3.0},{"damage":0.0,"enemies":"2 Louse","floor":3.0,"turns":3.0},{"damage":0.0,"enemies":"Small Slimes","floor":5.0,"turns":2.0},{"damage":22.0,"enemies":"3 Sentries","floor":7.0,"turns":7.0},{"damage":7,"enemies":"2 Fungi Beasts","floor":10,"turns":3},{"damage":10,"enemies":"Lagavulin","floor":11,"turns":6},{"damage":5,"enemies":"Gremlin Nob","floor":13,"turns":2}],"seed_played":"1417743600504549085","potions_obtained":[{"floor":7.0,"key":"GhostInAJar"}],"is_trial":false,"path_per_floor":["M","?","M","?","M","R","E","R","T","M","E","?","E"],"character_chosen":"THE_SILENT","items_purchased":[],"campfire_rested":0,"item_purchase_floors":[],"current_hp_per_floor":[51,51,51,40,40,40,18,18,28,21,11,4,0],"gold":367,"neow_bonus":"BOSS_RELIC","is_prod":false,"is_daily":false,"chose_seed":false,"campfire_upgraded":2,"win_rate":0,"timestamp":1550611358,"path_taken":["M","?","M","?","M","R","E","R","T","M","E","?","E"],"build_version":"2019-01-23","purchased_purges":0,"victory":false,"max_hp_per_floor":[66,66,66,66,66,66,66,66,76,76,76,76,76],"card_choices":[{"not_picked":["Slice","Dodge and Roll"],"picked":"Sucker Punch","floor":1.0},{"not_picked":["Prepared","Tactician"],"picked":"Blur","floor":3.0},{"not_picked":["Blade Dance","Deadly Poison"],"picked":"Escape Plan","floor":5.0},{"not_picked":["Slice","Masterful Stab"],"picked":"Dash","floor":7.0},{"not_picked":["Acrobatics","Endless Agony"],"picked":"Infinite Blades","floor":10},{"not_picked":["Dagger Spray","Terror"],"picked":"Burst","floor":11}],"player_experience":498101,"relics_obtained":[{"floor":7.0,"key":"Whetstone"},{"floor":9.0,"key":"Pear"},{"floor":11,"key":"Orichalcum"}],"event_choices":[{"damage_healed":0.0,"max_hp_gain":0.0,"max_hp_loss":0.0,"gold_gain":0.0,"event_name":"Liars Game","player_choice":"Ignored","floor":2.0,"gold_loss":0.0,"damage_taken":0.0},{"damage_healed":0.0,"max_hp_gain":0.0,"max_hp_loss":0.0,"gold_gain":75.0,"event_name":"World of Goop","player_choice":"Gather Gold","floor":4.0,"gold_loss":0.0,"damage_taken":11.0},{"cards_removed":["Riddle With Holes"],"damage_healed":0,"gold_gain":0,"player_choice":"Card Removal","damage_taken":7,"max_hp_gain":0,"max_hp_loss":0,"event_name":"Golden Wing","floor":12,"gold_loss":0}],"is_beta":false,"boss_relics":[],"items_purged_floors":[],"is_endless":false,"potions_floor_spawned":[7],"killed_by":"Gremlin Nob","ascension_level":16}