{"path_per_floor":["M","M","?","M","?","R","E","M","T","$","M","M","R","T","R","B",null,"M","M","M","?","M","R","M","$","T","R","M","R","M","?","R","B",null,"M","$","?","?","M","E","R","E","T","?","$","M","R","M","R","B"],"character_chosen":"DEFECT","items_purchased":["Defragment","Glacier","Glacier","Block Potion"],"gold_per_floor":[109,119,119,137,137,137,164,174,174,23,41,53,53,53,53,157,157,143,158,178,178,190,190,205,69,69,69,85,85,99,99,99,194,194,207,13,13,13,31,65,65,65,65,65,14,30,30,49,49,49],"floor_reached":51,"campfire_rested":2,"playtime":3038,"item_purchase_floors":[10,25,36,45],"current_hp_per_floor":[68,68,53,53,53,53,41,39,39,39,50,50,50,50,50,46,68,68,68,41,27,23,47,37,37,37,37,35,35,42,42,42,42,71,70,70,70,60,52,52,52,52,52,48,48,28,28,31,55,26],"items_purged":["Strike_B","Strike_B","Defend_B"],"gold":49,"score":1286,"play_id":"5770e982-711a-44f3-8752-a173785d4663","local_time":"20180614192934","is_prod":false,"is_daily":false,"chose_seed":false,"is_ascension_mode":true,"campfire_upgraded":7,"win_rate":0,"timestamp":1528972174,"campfire_choices":[{"data":"Dualcast","floor":6.0,"key":"SMITH"},{"data":"Hologram","floor":13,"key":"SMITH"},{"data":"Defragment","floor":15,"key":"SMITH"},{"floor":23,"key":"REST"},{"data":"Multi-Cast","floor":27,"key":"SMITH"},{"data":"Darkness","floor":29,"key":"SMITH"},{"data":"Glacier","floor":32,"key":"SMITH"},{"data":"Glacier","floor":41,"key":"SMITH"},{"data":"Defend_B","floor":47,"key":"PURGE"},{"floor":49,"key":"REST"}],"path_taken":["M","M","?","?","?","R","E","M","T","$","M","M","R","?","R","BOSS","M","?","M","?","M","R","M","$","T","R","?","R","M","?","R","BOSS","M","$","?","?","?","E","R","E","T","?","$","M","R","M","R","BOSS"],"build_version":"2018-06-07v3","seed_source_timestamp":67444845029202,"purchased_purges":3,"victory":true,"master_deck":["Defend_B+1","Defend_B","Dualcast+1","Conserve Battery","BootSequence","Glacier","Defragment+1","Darkness+1","Multi-Cast+1","Redo+1","Capacitor+1","Glacier+1","Conserve Battery+1","Fusion+1","Reprogram+1","Redo+1","Glacier+1","Secret Technique","Jack Of All Trades","Consume+1","White Noise+1","Cold Snap+1"],"max_hp_per_floor":[75,75,75,75,75,75,75,75,75,75,75,75,75,75,75,75,75,75,75,75,80,80,80,80,80,80,80,80,80,80,80,80,80,80,80,80,80,80,80,80,80,80,80,80,80,80,80,80,80,80],"relics":["Cracked Core","NeowsBlessing","Lantern","Vajra","Meat on the Bone","Cursed Key","Astrolabe","Bottled Lightning","Peace Pipe"],"card_choices":[{"not_picked":["Turbo","Compile Driver"],"picked":"Conserve Battery","floor":1.0},{"not_picked":["Coolheaded","Redo"],"picked":"BootSequence","floor":2.0},{"not_picked":["Fusion","Conserve Battery"],"picked":"Glacier","floor":4.0},{"not_picked":["Force Field","Double Energy"],"picked":"Beam Cell","floor":7},{"not_picked":["Beam Cell","Turbo","Sweeping Beam"],"picked":"SKIP","floor":8},{"not_picked":["Fusion","Compile Driver"],"picked":"Hologram","floor":11},{"not_picked":["Stack","Reprogram"],"picked":"Darkness","floor":12},{"not_picked":["All For One","Reboot"],"picked":"Multi-Cast","floor":16},{"not_picked":["Darkness","Ball Lightning","Conserve Battery"],"picked":"SKIP","floor":18},{"not_picked":["Tempest","Reprogram+1","Barrage"],"picked":"SKIP","floor":19},{"not_picked":["Scrape+1","Go for the Eyes+1"],"picked":"Redo+1","floor":20},{"not_picked":["Ball Lightning+1","Undo","Steam"],"picked":"SKIP","floor":22},{"not_picked":["Consume","Skim"],"picked":"Capacitor+1","floor":24},{"not_picked":["Hello World","Rip and Tear","Barrage"],"picked":"SKIP","floor":28},{"not_picked":["Biased Cognition","White Noise","Steam"],"picked":"SKIP","floor":30},{"not_picked":["Cold Snap","Hologram+1"],"picked":"Redo+1","floor":35},{"not_picked":["Bandage Up","Dramatic Entrance"],"picked":"Secret Technique","floor":38},{"not_picked":["Madness","Deep Breath"],"picked":"Jack Of All Trades","floor":38},{"not_picked":["Streamline+1","FTL+1"],"picked":"Consume+1","floor":39},{"not_picked":["Barrage","Stack","Streamline+1"],"picked":"SKIP","floor":40},{"not_picked":["Tempest","Leap"],"picked":"White Noise+1","floor":44},{"not_picked":["Barrage+1","Rip and Tear"],"picked":"Cold Snap+1","floor":46},{"not_picked":["Cold Snap+1","Biased Cognition","Rebound"],"picked":"SKIP","floor":48}],"player_experience":513500,"potions_floor_usage":[11,16,28,33,33,42,42,50,50],"damage_taken":[{"damage":0.0,"enemies":"Small Slimes","floor":1.0,"turns":1.0},{"damage":0.0,"enemies":"Cultist","floor":2.0,"turns":1.0},{"damage":0.0,"enemies":"2 Louse","floor":4.0,"turns":1.0},{"damage":12,"enemies":"Lagavulin","floor":7,"turns":9},{"damage":2,"enemies":"Exordium Wildlife","floor":8,"turns":3},{"damage":3,"enemies":"Exordium Thugs","floor":11,"turns":5},{"damage":0,"enemies":"Blue Slaver","floor":12,"turns":3},{"damage":23,"enemies":"The Guardian","floor":16,"turns":11},{"damage":0,"enemies":"2 Thieves","floor":18,"turns":4},{"damage":0,"enemies":"Chosen","floor":19,"turns":7},{"damage":27,"enemies":"3 Cultists","floor":20,"turns":7},{"damage":16,"enemies":"Snake Plant","floor":22,"turns":5},{"damage":22,"enemies":"Slaver and Parasite","floor":24,"turns":6},{"damage":14,"enemies":"Cultist and Chosen","floor":28,"turns":6},{"damage":5,"enemies":"3 Cultists","floor":30,"turns":6},{"damage":0,"enemies":"Champ","floor":33,"turns":11},{"damage":1,"enemies":"Orb Walker","floor":35,"turns":6},{"damage":8,"enemies":"3 Shapes","floor":39,"turns":7},{"damage":0,"enemies":"2 Orb Walkers","floor":40,"turns":4},{"damage":12,"enemies":"Giant Head","floor":42,"turns":10},{"damage":4,"floor":44,"turns":7},{"damage":32,"enemies":"Sphere and 2 Shapes","floor":46,"turns":7},{"damage":9,"enemies":"3 Darklings","floor":48,"turns":7},{"damage":41,"enemies":"Donu and Deca","floor":50,"turns":19}],"relics_obtained":[{"floor":7,"key":"Lantern"},{"floor":9,"key":"Vajra"},{"floor":14,"key":"Meat on the Bone"},{"floor":40,"key":"Bottled Lightning"},{"floor":44,"key":"Peace Pipe"}],"event_choices":[{"event_name":"Shining Light","player_choice":"Entered Light","floor":3.0,"damage_taken":0.0},{"event_name":"Living Wall","player_choice":"Forget","floor":5.0,"damage_taken":0.0},{"event_name":"Forgotten Altar","player_choice":"Shed Blood","floor":21,"damage_taken":0},{"event_name":"Ghosts","player_choice":"Ignored","floor":31,"damage_taken":0},{"event_name":"Falling","player_choice":"Removed Skill","floor":37,"damage_taken":0},{"event_name":"SensoryStone","player_choice":"Memory 3","floor":38,"damage_taken":0},{"event_name":"MindBloom","player_choice":"Fight","floor":44,"damage_taken":0}],"boss_relics":[{"not_picked":["Velvet Choker","Philosopher\u0027s Stone"],"picked":"Cursed Key"},{"not_picked":["Runic Dome","Orrery"],"picked":"Astrolabe"}],"items_purged_floors":[10,25,36],"potions_floor_spawned":[7,11,12,16,20,22,24,30,33,35,42,44,48],"seed_played":"-1754542532564718376","ascension_level":7,"potions_obtained":[{"floor":7,"key":"Regen Potion"},{"floor":11,"key":"PowerPotion"},{"floor":12,"key":"Dexterity Potion"},{"floor":16,"key":"SpeedPotion"},{"floor":20,"key":"Ancient Potion"},{"floor":30,"key":"Swift Potion"},{"floor":33,"key":"SmokeBomb"},{"floor":35,"key":"SkillPotion"},{"floor":44,"key":"EssenceOfSteel"}],"is_trial":false}