{"gold_per_floor":[112,125,125,136,153,153,169,188,188,216,216,141,205,224,224,328,328,338,338,352,267,290,290,305,316,316,10,10,10,10,10,10,110,110,128,28,28,43,43,43,71,71,94,107,107,33,33,65,65,65],"floor_reached":50,"playtime":2227,"items_purged":["Strike_R","Strike_R"],"score":598,"play_id":"6c22fe15-010a-47c4-9571-ebfe892367d6","local_time":"20190306193127","is_ascension_mode":false,"campfire_choices":[{"floor":6.0,"key":"RECALL"},{"data":"Flex","floor":15.0,"key":"SMITH"},{"data":"Dark Embrace","floor":23.0,"key":"SMITH"},{"data":"Flex","floor":28.0,"key":"SMITH"},{"floor":32.0,"key":"REST"},{"data":"Dual Wield","floor":40.0,"key":"SMITH"},{"floor":42.0,"key":"REST"},{"data":"Burning Pact","floor":45.0,"key":"SMITH"},{"floor":49.0,"key":"REST"}],"neow_cost":"NONE","seed_source_timestamp":0,"circlet_count":0,"master_deck":["Strike_R","Defend_R","Defend_R","Defend_R","Flex","Dual Wield+1","Sword Boomerang","Cleave","Flex","Shrug It Off","Disarm","Shrug It Off","Flex+1","Dark Embrace+1","Berserk+1","Immolate+1","Flex","Necronomicurse","Warcry","Carnage+1","Carnage","Whirlwind+1","Flex+1","Burning Pact+1","Burning Pact+1","Thunderclap","Second Wind","Reaper","Feel No Pain+1"],"special_seed":0,"relics":["Burning Blood","Vajra","Centennial Puzzle","Bottled Flame","Anchor","Pantograph","Astrolabe","Necronomicon","Orichalcum","Juzu Bracelet","Chemical X","Snecko Eye","Lantern","Strawberry","Blue Candle","Oddly Smooth Stone"],"potions_floor_usage":[50,50,50],"damage_taken":[{"damage":8.0,"enemies":"Small Slimes","floor":1.0,"turns":4.0},{"damage":0.0,"enemies":"Cultist","floor":2.0,"turns":2.0},{"damage":10.0,"enemies":"2 Louse","floor":4.0,"turns":3.0},{"damage":3.0,"enemies":"2 Fungi Beasts","floor":5.0,"turns":4.0},{"damage":10.0,"enemies":"Looter","floor":7.0,"turns":3.0},{"damage":6.0,"enemies":"3 Louse","floor":8.0,"turns":2.0},{"damage":27.0,"enemies":"3 Sentries","floor":10.0,"turns":9.0},{"damage":41.0,"enemies":"Lagavulin Event","floor":13.0,"turns":6.0},{"damage":0.0,"enemies":"Blue Slaver","floor":14.0,"turns":2.0},{"damage":0.0,"enemies":"Slime Boss","floor":16.0,"turns":4.0},{"damage":20.0,"enemies":"2 Thieves","floor":18.0,"turns":4.0},{"damage":0.0,"enemies":"Chosen","floor":20.0,"turns":5.0},{"damage":22.0,"enemies":"Shelled Parasite and Fungi","floor":24.0,"turns":5.0},{"damage":0.0,"enemies":"Chosen and Byrds","floor":25.0,"turns":4.0},{"damage":10.0,"enemies":"Automaton","floor":33.0,"turns":5.0},{"damage":0.0,"enemies":"Orb Walker","floor":35.0,"turns":1.0},{"damage":13.0,"enemies":"3 Shapes","floor":38.0,"turns":3.0},{"damage":74.0,"enemies":"Nemesis","floor":41.0,"turns":5.0},{"damage":0.0,"enemies":"Jaw Worm Horde","floor":44.0,"turns":1.0},{"damage":52.0,"enemies":"Reptomancer","floor":48.0,"turns":4.0},{"damage":85,"enemies":"Awakened One","floor":50,"turns":5}],"seed_played":"-4037287756032669028","potions_obtained":[{"floor":2.0,"key":"BloodPotion"},{"floor":7.0,"key":"AttackPotion"},{"floor":8.0,"key":"PowerPotion"},{"floor":10.0,"key":"FearPotion"},{"floor":18.0,"key":"Fire Potion"},{"floor":20.0,"key":"Fire Potion"},{"floor":25.0,"key":"PowerPotion"},{"floor":38.0,"key":"LiquidBronze"},{"floor":41.0,"key":"SteroidPotion"},{"floor":44.0,"key":"Energy Potion"}],"is_trial":false,"path_per_floor":["M","M","?","M","M","R","M","M","T","E","?","$","?","M","R","B",null,"M","?","M","?","T","R","M","M","T","$","R","?","?","$","R","B",null,"M","$","?","M","?","R","E","R","T","M","R","$","T","E","R","B"],"character_chosen":"IRONCLAD","items_purchased":["Chemical X","Whirlwind","Flex","Reaper"],"campfire_rested":3,"item_purchase_floors":[27,27,27,46],"current_hp_per_floor":[78,80,80,76,79,79,75,75,75,62,44,44,9,15,15,46,80,66,50,56,56,56,56,40,46,46,46,46,46,46,46,70,76,80,80,80,90,83,83,83,15,42,49,55,55,55,55,20,49,0],"gold":65,"neow_bonus":"RANDOM_COMMON_RELIC","is_prod":false,"is_daily":false,"chose_seed":false,"campfire_upgraded":5,"win_rate":0,"timestamp":1551868287,"path_taken":["M","M","?","?","M","R","M","?","T","E","?","$","?","M","R","BOSS","M","?","M","?","?","R","M","M","T","$","R","?","?","?","R","BOSS","M","$","?","M","?","R","E","R","T","M","R","$","?","E","R","BOSS"],"build_version":"2019-01-23","purchased_purges":2,"victory":false,"max_hp_per_floor":[80,80,80,80,80,80,80,80,80,80,80,80,80,80,80,80,80,80,80,80,80,80,80,80,80,80,80,80,80,80,80,80,80,80,80,80,90,90,90,90,90,90,97,97,97,97,97,97,97,97],"card_choices":[{"not_picked":["True Grit","Warcry"],"picked":"Flex","floor":1.0},{"not_picked":["Shockwave","True Grit"],"picked":"Dual Wield","floor":2.0},{"not_picked":["Armaments","Second Wind"],"picked":"Sword Boomerang","floor":4.0},{"not_picked":["Entrench","Iron Wave"],"picked":"Cleave","floor":5.0},{"not_picked":["Rupture","Sword Boomerang"],"picked":"Flex","floor":7.0},{"not_picked":["Clash","Feel No Pain"],"picked":"Shrug It Off","floor":8.0},{"not_picked":["Immolate","True Grit"],"picked":"Disarm","floor":10.0},{"not_picked":["Anger","Metallicize"],"picked":"Shrug It Off","floor":13.0},{"not_picked":["Disarm","Iron Wave"],"picked":"Flex","floor":14.0},{"not_picked":["Juggernaut","Immolate"],"picked":"Dark Embrace","floor":16.0},{"not_picked":["Feel No Pain+1","Rampage"],"picked":"Flex","floor":18.0},{"not_picked":["True Grit","Body Slam"],"picked":"Warcry","floor":20.0},{"not_picked":["Shrug It Off","Infernal Blade"],"picked":"Carnage+1","floor":24.0},{"not_picked":["Fire Breathing","Wild Strike"],"picked":"Carnage","floor":25.0},{"not_picked":["Berserk","Fiend Fire"],"picked":"Feed","floor":33.0},{"not_picked":["Dropkick+1","Cleave"],"picked":"Burning Pact","floor":35.0},{"not_picked":["Clash","True Grit+1"],"picked":"Burning Pact+1","floor":38.0},{"not_picked":["Dropkick+1","Disarm+1"],"picked":"Thunderclap","floor":41.0},{"not_picked":["Disarm","Pommel Strike"],"picked":"Second Wind","floor":44.0},{"not_picked":["Pommel Strike+1","Carnage+1"],"picked":"Feel No Pain+1","floor":48.0}],"player_experience":128851,"relics_obtained":[{"floor":9.0,"key":"Centennial Puzzle"},{"floor":10.0,"key":"Bottled Flame"},{"floor":19.0,"key":"Necronomicon"},{"floor":22.0,"key":"Juzu Bracelet"},{"floor":41.0,"key":"Lantern"},{"floor":43.0,"key":"Strawberry"},{"floor":47.0,"key":"Blue Candle"},{"floor":48.0,"key":"Oddly Smooth Stone"}],"event_choices":[{"damage_healed":0.0,"max_hp_gain":0.0,"max_hp_loss":0.0,"gold_gain":0.0,"event_name":"Match and Keep!","player_choice":"0 cards matched","floor":3.0,"gold_loss":0.0,"damage_taken":0.0,"cards_obtained":[]},{"damage_healed":0.0,"max_hp_gain":0.0,"max_hp_loss":0.0,"gold_gain":0.0,"event_name":"Scrap Ooze","player_choice":"Success","floor":11.0,"gold_loss":0.0,"damage_taken":18.0,"relics_obtained":["Anchor"]},{"damage_healed":0.0,"max_hp_gain":0.0,"max_hp_loss":0.0,"gold_gain":30.0,"event_name":"Dead Adventurer","player_choice":"Searched \u00273\u0027 times","floor":13.0,"gold_loss":0.0,"damage_taken":0.0,"relics_obtained":["Pantograph"]},{"damage_healed":0.0,"max_hp_gain":0.0,"max_hp_loss":0.0,"gold_gain":0.0,"event_name":"Cursed Tome","player_choice":"Obtained Book","floor":19.0,"gold_loss":0.0,"damage_taken":16.0},{"damage_healed":0.0,"max_hp_gain":0.0,"max_hp_loss":0.0,"gold_gain":0.0,"event_name":"Addict","player_choice":"Obtained Relic","floor":21.0,"gold_loss":85.0,"damage_taken":0.0,"relics_obtained":["Orichalcum"]},{"cards_removed":["Strike_R"],"damage_healed":0.0,"max_hp_gain":0.0,"max_hp_loss":0.0,"gold_gain":0.0,"event_name":"Back to Basics","player_choice":"Elegance","floor":29.0,"gold_loss":0.0,"damage_taken":0.0},{"damage_healed":0.0,"max_hp_gain":0.0,"max_hp_loss":0.0,"gold_gain":0.0,"event_name":"Accursed Blacksmith","player_choice":"Forge","floor":30.0,"gold_loss":0.0,"damage_taken":0.0,"cards_upgraded":["Whirlwind"]},{"cards_removed":["Feed"],"damage_healed":0.0,"max_hp_gain":10.0,"max_hp_loss":0.0,"gold_gain":0.0,"event_name":"Bonfire Elementals","player_choice":"Offered Rare","floor":37.0,"gold_loss":0.0,"damage_taken":0.0},{"cards_removed":["Clash"],"damage_healed":0.0,"max_hp_gain":0.0,"max_hp_loss":0.0,"gold_gain":0.0,"event_name":"Purifier","player_choice":"Purged","floor":39.0,"gold_loss":0.0,"damage_taken":0.0}],"is_beta":false,"boss_relics":[{"not_picked":["Runic Pyramid","Cursed Key"],"picked":"Astrolabe"},{"not_picked":["Velvet Choker","White Beast Statue"],"picked":"Snecko Eye"}],"items_purged_floors":[12,36],"is_endless":false,"potions_floor_spawned":[2,7,8,10,18,20,25,38,41,44,48],"killed_by":"Awakened One","ascension_level":0}