{"gold_per_floor":[17,192,217,217,61,94,115,115,115,130,143,184,209,223,223,342,342,355,376,475,348,318,318,349,349,402,402,433,633,162,182,182,305,305,326,326,345,360,360],"floor_reached":39,"playtime":3768,"items_purged":["Doubt","Decay","Shame"],"score":498,"play_id":"9fbc606e-c2a3-4fbb-9d1a-a42ec6e5c1b8","local_time":"20190219111520","is_ascension_mode":true,"campfire_choices":[{"floor":8,"key":"REST"},{"floor":15,"key":"RECALL"},{"floor":23,"key":"REST"},{"data":"Barricade","floor":25,"key":"SMITH"},{"data":"Inflame","floor":27,"key":"SMITH"},{"floor":32,"key":"REST"}],"neow_cost":"NO_GOLD","seed_source_timestamp":767941592730,"circlet_count":0,"master_deck":["Strike_R","Strike_R","Strike_R","Strike_R","Strike_R","Defend_R","Defend_R","Defend_R","Defend_R","Bash","Heavy Blade","Inflame","Anger","True Grit","Warcry","Rage","Barricade+1","Headbutt","Inflame+1","Shrug It Off","Berserk","Writhe","Cleave","Shrug It Off","Dual Wield","Flex","Clash","Fire Breathing+1","Secret Weapon","Trip","Thunderclap+1","Flex+1"],"relics":["Burning Blood","Golden Idol","Regal Pillow","Mercury Hourglass","StoneCalendar","Odd Mushroom","Calling Bell","PreservedInsect","Mummified Hand","Pocketwatch","Ornamental Fan","Tiny Chest","Juzu Bracelet","Singing Bowl","Eternal Feather"],"potions_floor_usage":[12,16,18,22,24,33,33,38],"damage_taken":[{"damage":1,"enemies":"Cultist","floor":1,"turns":3},{"damage":35,"enemies":"Gremlin Nob","floor":6,"turns":5},{"damage":3,"enemies":"Jaw Worm","floor":7,"turns":4},{"damage":0,"enemies":"Small Slimes","floor":10,"turns":2},{"damage":11,"enemies":"Blue Slaver","floor":11,"turns":3},{"damage":18,"enemies":"Lagavulin","floor":12,"turns":5},{"damage":4,"enemies":"The Mushroom Lair","floor":13,"turns":4},{"damage":8,"enemies":"Exordium Thugs","floor":14,"turns":4},{"damage":20,"enemies":"Slime Boss","floor":16,"turns":7},{"damage":40,"enemies":"2 Thieves","floor":18,"turns":4},{"damage":16,"enemies":"Chosen","floor":19,"turns":5},{"damage":24,"enemies":"Gremlin Leader","floor":24,"turns":6},{"damage":32,"enemies":"Book of Stabbing","floor":28,"turns":4},{"damage":23,"enemies":"Snake Plant","floor":31,"turns":4},{"damage":66,"enemies":"Collector","floor":33,"turns":10},{"damage":10,"enemies":"Orb Walker","floor":35,"turns":3},{"damage":12,"enemies":"3 Shapes","floor":37,"turns":3},{"damage":49,"enemies":"Maw","floor":38,"turns":7},{"damage":57,"enemies":"2 Orb Walkers","floor":39,"turns":3}],"seed_played":"7369851211647404882","potions_obtained":[{"floor":7,"key":"SneckoOil"},{"floor":10,"key":"Strength Potion"},{"floor":14,"key":"Poison Potion"},{"floor":16,"key":"GamblersBrew"},{"floor":22,"key":"Fruit Juice"},{"floor":22,"key":"Regen Potion"},{"floor":31,"key":"GamblersBrew"},{"floor":35,"key":"Block Potion"}],"is_trial":false,"path_per_floor":["M","?","T","?","$","E","M","R","T","M","M","E","?","M","R","B",null,"M","M","?","$","?","R","E","R","T","R","E","?","$","M","R","B",null,"M","?","M","M","?"],"character_chosen":"IRONCLAD","items_purchased":["Inflame","Anger","Shrug It Off","Flex","Clash","Singing Bowl"],"campfire_rested":3,"item_purchase_floors":[5,5,21,30,30,30],"current_hp_per_floor":[96,96,96,72,72,43,46,89,89,95,90,78,80,78,78,64,96,62,52,52,52,57,101,95,95,95,95,69,69,69,54,99,41,105,101,96,90,47,0],"gold":360,"neow_bonus":"TWENTY_PERCENT_HP_BONUS","is_prod":false,"is_daily":false,"chose_seed":false,"campfire_upgraded":2,"win_rate":0,"timestamp":1550585720,"path_taken":["M","?","?","?","?","E","M","R","T","?","M","E","?","M","R","BOSS","M","M","?","$","?","R","E","R","T","R","E","?","?","M","R","BOSS","M","?","M","M","?"],"build_version":"2019-01-23","purchased_purges":3,"victory":false,"max_hp_per_floor":[96,96,96,96,96,96,96,96,96,96,96,96,96,96,96,96,96,96,96,96,96,101,101,101,101,101,101,101,101,101,103,103,105,105,105,105,105,105,105],"card_choices":[{"not_picked":["Sword Boomerang","Warcry"],"picked":"Heavy Blade","floor":1},{"not_picked":["Corruption","Havoc"],"picked":"True Grit","floor":6},{"not_picked":["Carnage","Ghostly Armor"],"picked":"Warcry","floor":7},{"not_picked":["Uppercut","Hemokinesis"],"picked":"Rage","floor":10},{"not_picked":["Headbutt","Perfected Strike"],"picked":"Barricade","floor":11},{"not_picked":["Bloodletting","Perfected Strike"],"picked":"Headbutt","floor":12},{"not_picked":["Clothesline","Shrug It Off"],"picked":"Inflame","floor":13},{"not_picked":["Twin Strike","Warcry"],"picked":"Shrug It Off","floor":14},{"not_picked":["Fiend Fire","Exhume"],"picked":"Berserk","floor":16},{"not_picked":["Clothesline","Pommel Strike","Iron Wave"],"picked":"SKIP","floor":18},{"not_picked":["Corruption","Metallicize"],"picked":"Cleave","floor":19},{"not_picked":["Sentinel+1","Iron Wave"],"picked":"Dual Wield","floor":24},{"not_picked":["Second Wind+1","Entrench","Perfected Strike"],"picked":"SKIP","floor":28},{"not_picked":["Disarm","Feel No Pain","Cleave"],"picked":"Singing Bowl","floor":31},{"not_picked":["Dark Embrace","Feed","Reaper"],"picked":"Singing Bowl","floor":33},{"not_picked":["Shrug It Off","Thunderclap"],"picked":"Fire Breathing+1","floor":35},{"not_picked":["Swift Strike","PanicButton"],"picked":"Secret Weapon","floor":36},{"not_picked":["Swift Strike","Good Instincts"],"picked":"Trip","floor":36},{"not_picked":["Heavy Blade+1","Headbutt+1"],"picked":"Thunderclap+1","floor":37},{"not_picked":["Feel No Pain","Clash"],"picked":"Flex+1","floor":38}],"player_experience":104347,"relics_obtained":[{"floor":6,"key":"Regal Pillow"},{"floor":9,"key":"Mercury Hourglass"},{"floor":12,"key":"StoneCalendar"},{"floor":13,"key":"Odd Mushroom"},{"floor":17,"key":"PreservedInsect"},{"floor":17,"key":"Mummified Hand"},{"floor":17,"key":"Pocketwatch"},{"floor":24,"key":"Ornamental Fan"},{"floor":26,"key":"Tiny Chest"},{"floor":28,"key":"Juzu Bracelet"}],"event_choices":[{"damage_healed":0,"gold_gain":175,"player_choice":"AGREE","damage_taken":0,"max_hp_gain":0,"max_hp_loss":0,"event_name":"Liars Game","floor":2,"gold_loss":0,"cards_obtained":["Doubt"]},{"damage_healed":0,"gold_gain":0,"player_choice":"Take Damage","damage_taken":24,"relics_obtained":["Golden Idol"],"max_hp_gain":0,"max_hp_loss":0,"event_name":"Golden Idol","floor":4,"gold_loss":0},{"damage_healed":0,"gold_gain":0,"player_choice":"Fought Mushrooms","damage_taken":0,"max_hp_gain":0,"max_hp_loss":0,"event_name":"Mushrooms","floor":13,"gold_loss":0},{"damage_healed":0,"gold_gain":99,"player_choice":"Stole From Cult","damage_taken":0,"max_hp_gain":0,"max_hp_loss":0,"event_name":"Nest","floor":20,"gold_loss":0},{"damage_healed":0,"gold_gain":0,"player_choice":"Bought 2 Potions","damage_taken":0,"max_hp_gain":0,"max_hp_loss":0,"event_name":"The Woman in Blue","floor":22,"gold_loss":0},{"damage_healed":0,"gold_gain":200,"player_choice":"Gold","damage_taken":0,"max_hp_gain":0,"max_hp_loss":0,"event_name":"Wheel of Change","floor":29,"gold_loss":0},{"damage_healed":0,"gold_gain":0,"player_choice":"Memory 2","damage_taken":5,"max_hp_gain":0,"max_hp_loss":0,"event_name":"SensoryStone","floor":36,"gold_loss":0},{"damage_healed":0,"gold_gain":0,"player_choice":"Fight","damage_taken":0,"max_hp_gain":0,"max_hp_loss":0,"event_name":"Mysterious Sphere","floor":39,"gold_loss":0}],"is_beta":false,"boss_relics":[{"not_picked":["Cursed Key","Sozu"],"picked":"Calling Bell"},{"not_picked":["Runic Cube","Black Star"],"picked":"Eternal Feather"}],"items_purged_floors":[5,21,30],"is_endless":false,"potions_floor_spawned":[7,10,14,16,31,35],"killed_by":"2 Orb Walkers","ascension_level":1}