{"gold_per_floor":[110,122,47,58,8,8,26,40,108,125,140,155,155,181,181,276,326,337,352,352],"floor_reached":20,"playtime":644,"items_purged":["Defend_R"],"score":180,"play_id":"2b1ac3f2-9d3c-404b-a47b-f630e9d8bc0e","local_time":"20181002212052","is_ascension_mode":false,"campfire_choices":[{"data":"Clash","floor":6,"key":"SMITH"},{"data":"Limit Break","floor":13,"key":"SMITH"},{"data":"Inflame","floor":15,"key":"SMITH"}],"neow_cost":"","seed_source_timestamp":94151485168493,"circlet_count":0,"master_deck":["Strike_R","Strike_R","Strike_R","Strike_R","Strike_R","Defend_R+1","Defend_R","Bash","Clash+1","Cleave","Flex","Inflame+1","Headbutt","Flex","Limit Break+1","Cleave","Inflame","Clash"],"relics":["Burning Blood","Paper Frog","Prayer Wheel","Tiny House"],"potions_floor_usage":[7,7],"damage_taken":[{"damage":4,"enemies":"2 Louse","floor":1,"turns":4},{"damage":6,"enemies":"Jaw Worm","floor":2,"turns":2},{"damage":0,"enemies":"Cultist","floor":4,"turns":2},{"damage":19,"enemies":"Exordium Thugs","floor":7,"turns":2},{"damage":5,"enemies":"Gremlin Gang","floor":8,"turns":3},{"damage":5,"enemies":"Looter","floor":10,"turns":2},{"damage":10,"enemies":"Exordium Thugs","floor":11,"turns":2},{"damage":7,"enemies":"3 Louse","floor":12,"turns":3},{"damage":13,"enemies":"Gremlin Nob","floor":14,"turns":3},{"damage":13,"enemies":"Slime Boss","floor":16,"turns":6},{"damage":22,"enemies":"2 Thieves","floor":18,"turns":3},{"damage":5,"enemies":"Spheric Guardian","floor":19,"turns":3},{"damage":10,"enemies":"Shelled Parasite and Fungi","floor":20,"turns":1}],"seed_played":"-8802638010660067814","potions_obtained":[{"floor":1,"key":"Fire Potion"},{"floor":4,"key":"LiquidBronze"},{"floor":7,"key":"GamblersBrew"},{"floor":8,"key":"Ancient Potion"},{"floor":17,"key":"LiquidBronze"},{"floor":19,"key":"Dexterity Potion"}],"is_trial":false,"path_per_floor":["M","M","$","M","?","R","M","M","T","M","M","M","R","E","R","B",null,"M","M"],"character_chosen":"IRONCLAD","items_purchased":[],"campfire_rested":0,"item_purchase_floors":[],"current_hp_per_floor":[80,80,80,80,80,80,67,68,68,69,65,64,64,57,57,50,85,69,70,60],"gold":352,"neow_bonus":"","is_prod":false,"is_daily":false,"chose_seed":false,"campfire_upgraded":3,"win_rate":0,"timestamp":1538529652,"path_taken":["M","M","$","M","?","R","M","M","T","M","M","M","R","E","R","BOSS","M","M","M"],"build_version":"2018-09-27","purchased_purges":1,"victory":false,"max_hp_per_floor":[80,80,80,80,80,80,80,80,80,80,80,80,80,80,80,80,85,85,85,85],"card_choices":[{"not_picked":["Flame Barrier","Thunderclap"],"picked":"Clash","floor":1},{"not_picked":["Infernal Blade","Power Through"],"picked":"Cleave","floor":2},{"not_picked":["Hemokinesis","Cleave"],"picked":"Flex","floor":4},{"not_picked":["Corruption","Iron Wave"],"picked":"Inflame","floor":7},{"not_picked":["True Grit","Body Slam"],"picked":"Headbutt","floor":8},{"not_picked":["Hemokinesis","Headbutt"],"picked":"Flex","floor":10},{"not_picked":["Second Wind","Pommel Strike"],"picked":"Limit Break","floor":11},{"not_picked":["Havoc","Rupture"],"picked":"Cleave","floor":12},{"not_picked":["Flex","Shrug It Off","Clothesline"],"picked":"SKIP","floor":14},{"not_picked":["Wild Strike","Uppercut"],"picked":"Inflame","floor":17},{"not_picked":["Shrug It Off","Bloodletting"],"picked":"Clash","floor":18},{"not_picked":["Thunderclap","Warcry+1","Sword Boomerang"],"picked":"SKIP","floor":18},{"not_picked":["Armaments+1","Fire Breathing","Perfected Strike"],"picked":"SKIP","floor":19},{"not_picked":["Entrench+1","Pommel Strike+1","Sword Boomerang+1"],"picked":"SKIP","floor":19}],"player_experience":161542,"relics_obtained":[{"floor":9,"key":"Paper Frog"},{"floor":14,"key":"Prayer Wheel"}],"event_choices":[{"event_name":"The Cleric","player_choice":"Card Removal","floor":5,"damage_taken":0}],"is_beta":false,"boss_relics":[{"not_picked":["Lizard Tail","Coffee Dripper"],"picked":"Tiny House"}],"items_purged_floors":[3],"is_endless":false,"potions_floor_spawned":[1,4,7,8,19],"killed_by":"Shelled Parasite and Fungi","ascension_level":0}