{"gold_per_floor":[99,99,99,99,99,99,99,99,99,99,99,99,99,99,99,99,99,39,39,39,39,14,14,14,14,14,14,14,14],"floor_reached":29,"playtime":971,"items_purged":[],"score":246,"play_id":"f6783554-3acc-4350-ad83-cd672e287b41","local_time":"20181212210826","is_ascension_mode":false,"campfire_choices":[{"data":"Phantasmal Killer","floor":6,"key":"SMITH"},{"data":"Corpse Explosion","floor":11,"key":"SMITH"},{"data":"Corpse Explosion","floor":15,"key":"SMITH"}],"neow_cost":"NONE","seed_source_timestamp":1118342296190901,"circlet_count":0,"master_deck":["Survivor","Neutralize","Poisoned Stab","Phantasmal Killer+1","Sucker Punch","Corpse Explosion+1","Sucker Punch","Sucker Punch","Bouncing Flask","Corpse Explosion+1","Bane","Reflex","Slice","Concentrate","Underhanded Strike","Deadly Poison","Poisoned Stab","Flechettes","Flechettes","Leg Sweep","Bouncing Flask","Deflect","Deflect"],"relics":["Ectoplasm","Blue Candle","Pandora\u0027s Box","Du-Vu Doll","Lantern","Bag of Preparation"],"potions_floor_usage":[12,12,12,16,18,18],"damage_taken":[{"damage":0,"enemies":"Cultist","floor":1,"turns":4},{"damage":0,"enemies":"Small Slimes","floor":3,"turns":4},{"damage":6,"enemies":"Jaw Worm","floor":5,"turns":3},{"damage":0,"enemies":"Exordium Wildlife","floor":7,"turns":5},{"damage":0,"enemies":"3 Louse","floor":8,"turns":2},{"damage":8,"enemies":"Lots of Slimes","floor":12,"turns":3},{"damage":4,"enemies":"Red Slaver","floor":13,"turns":3},{"damage":6,"enemies":"Blue Slaver","floor":14,"turns":3},{"damage":6,"enemies":"Hexaghost","floor":16,"turns":7},{"damage":27,"enemies":"2 Thieves","floor":18,"turns":4},{"damage":6,"enemies":"Shell Parasite","floor":21,"turns":3},{"damage":15,"enemies":"Snake Plant","floor":24,"turns":4},{"damage":5,"enemies":"Centurion and Healer","floor":27,"turns":3},{"damage":4,"enemies":"Cultist and Chosen","floor":28,"turns":3},{"damage":18,"enemies":"Snecko","floor":29,"turns":3}],"seed_played":"-6319169249206574755","potions_obtained":[{"floor":5,"key":"Fire Potion"},{"floor":7,"key":"Fire Potion"},{"floor":8,"key":"Poison Potion"},{"floor":13,"key":"EssenceOfSteel"},{"floor":16,"key":"EssenceOfSteel"}],"is_trial":false,"path_per_floor":["M","$","M","?","M","R","M","M","T","?","R","M","M","M","R","B",null,"M","?","?","M","$","?","M","T","T","M","M","M"],"character_chosen":"THE_SILENT","items_purchased":["Deflect"],"campfire_rested":0,"item_purchase_floors":[22],"current_hp_per_floor":[70,70,70,70,64,64,64,64,64,64,64,56,52,46,46,40,70,43,43,43,37,37,37,22,22,22,17,13,0],"gold":14,"neow_bonus":"BOSS_RELIC","is_prod":false,"is_daily":false,"chose_seed":false,"campfire_upgraded":3,"win_rate":0.0,"timestamp":1544666906,"path_taken":["M","?","M","?","M","R","?","M","T","?","R","M","M","M","R","BOSS","M","?","?","?","?","?","?","?","T","M","M","M"],"build_version":"2018-12-06","purchased_purges":0,"victory":false,"max_hp_per_floor":[70,70,70,70,70,70,70,70,70,70,70,70,70,70,70,70,70,70,70,70,70,70,70,70,70,70,70,70,70],"card_choices":[{"not_picked":["Outmaneuver","Dagger Throw"],"picked":"Poisoned Stab","floor":1},{"not_picked":["Well Laid Plans","Underhanded Strike","Eviscerate"],"picked":"SKIP","floor":3},{"not_picked":["Acrobatics","Choke"],"picked":"Sucker Punch","floor":5},{"not_picked":["Well Laid Plans","Setup"],"picked":"Corpse Explosion","floor":7},{"not_picked":["Leg Sweep","Finisher"],"picked":"Sucker Punch","floor":8},{"not_picked":["PiercingWail","Dagger Throw"],"picked":"Sucker Punch","floor":12},{"not_picked":["Backflip","Bane"],"picked":"Bouncing Flask","floor":13},{"not_picked":["Flying Knee","Dodge and Roll"],"picked":"Corpse Explosion","floor":14},{"not_picked":["Envenom","Wraith Form v2"],"picked":"Venomology","floor":16},{"not_picked":["Reflex","Accuracy"],"picked":"Leg Sweep","floor":18},{"not_picked":["Sucker Punch+1","Dash"],"picked":"Bouncing Flask","floor":21},{"not_picked":["Outmaneuver","Eviscerate","Flying Knee"],"picked":"SKIP","floor":24},{"not_picked":["Calculated Gamble","Quick Slash"],"picked":"Deflect","floor":27},{"not_picked":["Prepared","Dagger Spray","Outmaneuver"],"picked":"SKIP","floor":28}],"player_experience":267667,"relics_obtained":[{"floor":9,"key":"Blue Candle"},{"floor":25,"key":"Lantern"},{"floor":26,"key":"Bag of Preparation"}],"event_choices":[{"damage_healed":0,"gold_gain":0,"cards_transformed":["Strike_G"],"player_choice":"Transformed","damage_taken":0,"max_hp_gain":0,"max_hp_loss":0,"event_name":"Transmorgrifier","floor":4,"gold_loss":0,"cards_obtained":["Phantasmal Killer"]},{"damage_healed":0,"gold_gain":0,"player_choice":"Searched \u00271\u0027 times","damage_taken":0,"max_hp_gain":0,"max_hp_loss":0,"event_name":"Dead Adventurer","floor":10,"gold_loss":0},{"damage_healed":0,"gold_gain":99,"player_choice":"Stole From Cult","damage_taken":0,"max_hp_gain":0,"max_hp_loss":0,"event_name":"Nest","floor":19,"gold_loss":0},{"damage_healed":0,"gold_gain":100,"player_choice":"Pray","damage_taken":0,"max_hp_gain":0,"max_hp_loss":0,"event_name":"Golden Shrine","floor":20,"gold_loss":0},{"cards_removed":["Venomology"],"damage_healed":0,"gold_gain":0,"player_choice":"Gave Card","damage_taken":0,"relics_obtained":["Du-Vu Doll"],"max_hp_gain":0,"max_hp_loss":0,"event_name":"WeMeetAgain","floor":23,"gold_loss":0}],"is_beta":false,"boss_relics":[{"not_picked":["Runic Pyramid","Empty Cage"],"picked":"Pandora\u0027s Box"}],"items_purged_floors":[],"is_endless":false,"potions_floor_spawned":[5,7,8,13,16],"killed_by":"Snecko","ascension_level":0}