{"gold_per_floor":[117,128,128,31,31,362,362,397,397,397,417,436,436,469,469,469],"floor_reached":16,"playtime":664,"items_purged":["Strike_R"],"score":236,"play_id":"1bf435c4-3dbe-45d6-ae66-2369f6fa4b05","local_time":"20181116120316","is_ascension_mode":true,"campfire_choices":[{"data":"Armaments","floor":7,"key":"SMITH"},{"data":"True Grit","floor":10,"key":"SMITH"},{"data":"Disarm","floor":13,"key":"SMITH"},{"data":"Evolve","floor":15,"key":"SMITH"}],"neow_cost":"NONE","seed_source_timestamp":94354360316865,"circlet_count":0,"master_deck":["AscendersBane","Strike_R","Strike_R","Strike_R","Defend_R","Defend_R","Defend_R","Defend_R","Bash","Armaments+1","True Grit+1","Evolve+1","Shockwave","Disarm+1"],"relics":["Burning Blood","NeowsBlessing","Old Coin","Strawberry","Bird Faced Urn","Mummified Hand"],"potions_floor_usage":[8],"damage_taken":[{"damage":0,"enemies":"Small Slimes","floor":1,"turns":1},{"damage":0,"enemies":"Jaw Worm","floor":2,"turns":1},{"damage":0,"enemies":"Gremlin Nob","floor":6,"turns":1},{"damage":38,"enemies":"Lagavulin","floor":8,"turns":8},{"damage":2,"enemies":"Cultist","floor":11,"turns":4},{"damage":5,"enemies":"3 Louse","floor":12,"turns":5},{"damage":19,"enemies":"3 Sentries","floor":14,"turns":15},{"damage":57,"enemies":"Slime Boss","floor":16,"turns":6}],"seed_played":"-3404602702937707079","potions_obtained":[{"floor":6,"key":"SkillPotion"},{"floor":8,"key":"Weak Potion"}],"is_trial":false,"path_per_floor":["M","M","?","$","?","E","R","E","T","R","M","M","R","E","R","B"],"character_chosen":"IRONCLAD","items_purchased":["True Grit"],"campfire_rested":0,"item_purchase_floors":[4],"current_hp_per_floor":[78,80,73,73,73,79,79,54,54,54,60,63,63,52,52,0],"gold":469,"neow_bonus":"THREE_ENEMY_KILL","is_prod":false,"is_daily":false,"chose_seed":false,"campfire_upgraded":4,"win_rate":0,"timestamp":1542387796,"path_taken":["M","M","?","$","?","E","R","E","T","R","M","M","R","E","R","BOSS"],"build_version":"2018-11-15","purchased_purges":1,"victory":false,"max_hp_per_floor":[80,80,80,80,80,80,80,87,87,87,87,87,87,87,87,87],"card_choices":[{"not_picked":["Thunderclap","Sword Boomerang"],"picked":"Armaments","floor":1},{"not_picked":["Clash","Sentinel","Cleave"],"picked":"SKIP","floor":2},{"not_picked":["Armaments","Warcry","Clothesline"],"picked":"SKIP","floor":6},{"not_picked":["Wild Strike","Sword Boomerang"],"picked":"Evolve","floor":8},{"not_picked":["Havoc","Whirlwind"],"picked":"Shockwave","floor":11},{"not_picked":["Dark Embrace","Armaments"],"picked":"Disarm","floor":12},{"not_picked":["Intimidate","Dual Wield","Shockwave"],"picked":"SKIP","floor":14}],"player_experience":380220,"relics_obtained":[{"floor":6,"key":"Old Coin"},{"floor":8,"key":"Strawberry"},{"floor":9,"key":"Bird Faced Urn"},{"floor":14,"key":"Mummified Hand"}],"event_choices":[{"cards_removed":["Strike_R"],"damage_healed":0,"gold_gain":0,"player_choice":"Card Removal","damage_taken":7,"max_hp_gain":0,"max_hp_loss":0,"event_name":"Golden Wing","floor":3,"gold_loss":0},{"damage_healed":0,"gold_gain":0,"player_choice":"Ignored","damage_taken":0,"max_hp_gain":0,"max_hp_loss":0,"event_name":"WeMeetAgain","floor":5,"gold_loss":0}],"is_beta":true,"boss_relics":[],"items_purged_floors":[4],"is_endless":false,"potions_floor_spawned":[6,8],"killed_by":"Slime Boss","ascension_level":13}