{"gold_per_floor":[118,34,34,34,52,52,77,77,77,97,40,61,211,226,226,322,322,278,293,293],"floor_reached":20,"playtime":4080,"items_purged":[],"score":307,"play_id":"f4f6433e-8c2c-448e-82c8-12692d441123","local_time":"20190126153843","is_ascension_mode":true,"campfire_choices":[{"floor":6,"key":"REST"},{"floor":8,"key":"REST"},{"data":"Zap","floor":15,"key":"SMITH"}],"neow_cost":"NONE","seed_source_timestamp":705314117209447,"circlet_count":0,"master_deck":["AscendersBane","Strike_B","Strike_B","Strike_B","Strike_B","Defend_B","Defend_B","Defend_B","Defend_B","Zap+1","Dualcast","Conserve Battery","Gash","Cold Snap","Injury","Hello World","Coolheaded","Capacitor","Hologram","FTL","Doubt","Creative AI","Machine Learning","Conserve Battery","Coolheaded+1"],"relics":["Cracked Core","Potion Belt","Golden Idol","Dead Branch","Pantograph","Snecko Eye"],"potions_floor_usage":[12,16,16,19],"damage_taken":[{"damage":7,"enemies":"Jaw Worm","floor":1,"turns":3},{"damage":16,"enemies":"Small Slimes","floor":5,"turns":3},{"damage":1,"enemies":"2 Louse","floor":7,"turns":3},{"damage":4,"enemies":"Exordium Wildlife","floor":10,"turns":3},{"damage":8,"enemies":"Looter","floor":12,"turns":3},{"damage":0,"enemies":"2 Fungi Beasts","floor":14,"turns":3},{"damage":32,"enemies":"Slime Boss","floor":16,"turns":12},{"damage":42,"enemies":"2 Thieves","floor":18,"turns":5},{"damage":15,"enemies":"Shell Parasite","floor":19,"turns":11},{"damage":8,"enemies":"Colosseum Slavers","floor":20,"turns":1}],"seed_played":"5813038560641879288","potions_obtained":[{"floor":7,"key":"SkillPotion"},{"floor":10,"key":"Poison Potion"},{"floor":14,"key":"Weak Potion"},{"floor":16,"key":"Dexterity Potion"},{"floor":18,"key":"SteroidPotion"}],"is_trial":false,"path_per_floor":["M","$","?","?","M","R","M","R","T","M","$","M","?","M","R","B",null,"M","M","?"],"character_chosen":"DEFECT","items_purchased":["Gash","Cold Snap","Hologram"],"campfire_rested":2,"item_purchase_floors":[2,2,11],"current_hp_per_floor":[57,57,57,39,23,44,43,64,64,60,60,52,52,52,52,39,63,21,6,0],"gold":293,"neow_bonus":"RANDOM_COMMON_RELIC","is_prod":false,"is_daily":false,"chose_seed":false,"campfire_upgraded":1,"win_rate":0,"timestamp":1548513523,"path_taken":["M","$","?","?","M","R","M","R","T","M","?","M","?","M","R","BOSS","M","M","?"],"build_version":"2019-01-23","purchased_purges":0,"victory":false,"max_hp_per_floor":[71,71,71,71,71,71,71,71,71,71,71,71,71,71,71,71,71,71,71,71],"card_choices":[{"not_picked":["Beam Cell","Go for the Eyes"],"picked":"Conserve Battery","floor":1},{"not_picked":["Beam Cell","Leap"],"picked":"Hello World","floor":5},{"not_picked":["Redo","Rip and Tear"],"picked":"Coolheaded","floor":7},{"not_picked":["Coolheaded","Steam"],"picked":"Capacitor","floor":10},{"not_picked":["Beam Cell","Turbo"],"picked":"FTL","floor":12},{"not_picked":["Redo","Coolheaded"],"picked":"Creative AI","floor":14},{"not_picked":["Multi-Cast","Hyperbeam"],"picked":"Machine Learning","floor":16},{"not_picked":["Streamline","Compile Driver"],"picked":"Conserve Battery","floor":18},{"not_picked":["Ball Lightning","Redo"],"picked":"Coolheaded+1","floor":19}],"player_experience":863731,"relics_obtained":[{"floor":9,"key":"Pantograph"}],"event_choices":[{"damage_healed":0,"gold_gain":0,"player_choice":"Take Wound","damage_taken":0,"relics_obtained":["Golden Idol"],"max_hp_gain":0,"max_hp_loss":0,"event_name":"Golden Idol","floor":3,"gold_loss":0,"cards_obtained":["Injury"]},{"damage_healed":0,"gold_gain":0,"player_choice":"Success","damage_taken":18,"relics_obtained":["Dead Branch"],"max_hp_gain":0,"max_hp_loss":0,"event_name":"Scrap Ooze","floor":4,"gold_loss":0},{"damage_healed":0,"gold_gain":150,"player_choice":"AGREE","damage_taken":0,"max_hp_gain":0,"max_hp_loss":0,"event_name":"Liars Game","floor":13,"gold_loss":0,"cards_obtained":["Doubt"]},{"damage_healed":0,"gold_gain":0,"player_choice":"Fight","damage_taken":0,"max_hp_gain":0,"max_hp_loss":0,"event_name":"Colosseum","floor":20,"gold_loss":0}],"is_beta":true,"boss_relics":[{"not_picked":["Black Star","Fusion Hammer"],"picked":"Snecko Eye"}],"items_purged_floors":[],"is_endless":false,"potions_floor_spawned":[7,10,14,16,18],"killed_by":"Colosseum Slavers","ascension_level":17}