{"gold_per_floor":[111,13,23,23,98,123,123,151,176,188,200,222,259,282,294,409,421,443,280,299,312,337,368,368,380,380,394,408,408,420,430,430,430],"floor_reached":33,"playtime":1671,"items_purged":["Regret","Defend_R"],"score":364,"play_id":"1031b4d7-2c57-419b-a9b2-b1d52146db26","local_time":"20180817131214","is_ascension_mode":false,"campfire_choices":[{"data":"Shrug It Off","floor":7,"key":"SMITH"},{"floor":11,"key":"REST"},{"data":"Inflame","floor":15,"key":"SMITH"},{"data":"Juggernaut","floor":24,"key":"SMITH"},{"data":"Double Tap","floor":32,"key":"SMITH"}],"neow_cost":"CURSE","seed_source_timestamp":120871778768272,"circlet_count":0,"master_deck":["Strike_R","Strike_R","Strike_R","Strike_R","Strike_R","Defend_R","Defend_R","Defend_R","Bash","Immolate","Inflame+1","Warcry","Shrug It Off+1","Headbutt","Headbutt","Pommel Strike","Juggernaut+1","Flex","Double Tap+1","Feed","Fire Breathing+1","Flex","Shrug It Off","Iron Wave+1","Writhe","Feed","Intimidate"],"relics":["Burning Blood","Bag of Marbles","Pear","Orichalcum","MawBank","Mummified Hand","Unceasing Top","Runic Dome","Red Mask","Torii","Mango","Gremlin Horn"],"potions_floor_usage":[16,16,22],"damage_taken":[{"damage":3,"enemies":"Small Slimes","floor":1,"turns":2},{"damage":6,"enemies":"Cultist","floor":3,"turns":3},{"damage":42,"enemies":"Lagavulin","floor":6,"turns":8},{"damage":27,"enemies":"Gremlin Nob","floor":8,"turns":4},{"damage":0,"enemies":"2 Louse","floor":12,"turns":2},{"damage":19,"enemies":"Lagavulin","floor":13,"turns":7},{"damage":0,"enemies":"Looter","floor":14,"turns":3},{"damage":42,"enemies":"Hexaghost","floor":16,"turns":11},{"damage":4,"enemies":"Chosen","floor":18,"turns":4},{"damage":0,"enemies":"3 Byrds","floor":20,"turns":1},{"damage":16,"enemies":"Sentry and Sphere","floor":21,"turns":4},{"damage":7,"floor":22,"turns":3},{"damage":0,"enemies":"Slavers","floor":23,"turns":1},{"damage":9,"enemies":"Snecko","floor":25,"turns":4},{"damage":6,"enemies":"3 Cultists","floor":27,"turns":3},{"damage":16,"enemies":"Cultist and Chosen","floor":28,"turns":5},{"damage":16,"enemies":"Snecko","floor":30,"turns":4},{"damage":15,"enemies":"Chosen and Byrds","floor":31,"turns":5},{"damage":78,"enemies":"Collector","floor":33,"turns":6}],"seed_played":"-6899332382899335868","potions_obtained":[{"floor":8,"key":"Strength Potion"},{"floor":14,"key":"AttackPotion"},{"floor":16,"key":"BloodPotion"},{"floor":20,"key":"Fire Potion"},{"floor":21,"key":"Explosive Potion"},{"floor":30,"key":"Dexterity Potion"}],"is_trial":false,"path_per_floor":["M","$","M","?","?","E","R","E","T","T","R","M","E","M","R","B",null,"M","$","M","M","?","E","R","M","T","M","M","?","M","M","R"],"character_chosen":"IRONCLAD","items_purchased":["Warcry","Double Tap"],"campfire_rested":1,"item_purchase_floors":[2,19],"current_hp_per_floor":[80,80,80,77,66,40,40,19,19,19,46,52,39,45,45,9,90,90,90,90,80,82,88,88,88,102,102,92,92,82,76,76,0],"gold":430,"neow_bonus":"THREE_RARE_CARDS","is_prod":false,"is_daily":false,"chose_seed":false,"campfire_upgraded":4,"win_rate":0,"timestamp":1534525934,"path_taken":["M","$","M","?","?","E","R","E","T","?","R","M","E","M","R","BOSS","M","$","M","M","?","E","R","M","T","M","M","?","?","?","R","BOSS"],"build_version":"2018-08-16","purchased_purges":2,"victory":false,"max_hp_per_floor":[80,80,80,80,80,90,90,90,90,90,90,90,90,90,90,90,90,90,90,90,90,93,93,93,96,110,110,110,110,110,113,113,113],"card_choices":[{"not_picked":["Juggernaut","Bludgeon"],"picked":"Immolate","floor":0},{"not_picked":["Hemokinesis","Clothesline"],"picked":"Inflame","floor":1},{"not_picked":["Perfected Strike","Pommel Strike"],"picked":"Shrug It Off","floor":3},{"not_picked":["Power Through","Twin Strike"],"picked":"Headbutt","floor":6},{"not_picked":["Feel No Pain","Corruption"],"picked":"Headbutt","floor":8},{"not_picked":["Entrench","Warcry"],"picked":"Pommel Strike","floor":12},{"not_picked":["Clash","Wild Strike","Armaments"],"picked":"SKIP","floor":13},{"not_picked":["Perfected Strike","Wild Strike","Armaments"],"picked":"SKIP","floor":14},{"not_picked":["Demon Form","Fiend Fire"],"picked":"Juggernaut","floor":16},{"not_picked":["Wild Strike","Clash"],"picked":"Flex","floor":18},{"not_picked":["Sword Boomerang","Warcry","Power Through"],"picked":"SKIP","floor":20},{"not_picked":["Perfected Strike+1","Cleave"],"picked":"Feed","floor":21},{"not_picked":["Perfected Strike","Clash"],"picked":"Fire Breathing+1","floor":22},{"not_picked":["Heavy Blade","Clothesline"],"picked":"Flex","floor":23},{"not_picked":["Armaments+1","Reckless Charge"],"picked":"Shrug It Off","floor":25},{"not_picked":["Armaments","Second Wind"],"picked":"Iron Wave+1","floor":27},{"not_picked":["Iron Wave","Clash","Power Through+1"],"picked":"SKIP","floor":28},{"not_picked":["Flex","True Grit"],"picked":"Feed","floor":30},{"not_picked":["Hemokinesis","Wild Strike"],"picked":"Intimidate","floor":31}],"player_experience":68242,"relics_obtained":[{"floor":6,"key":"Pear"},{"floor":8,"key":"Orichalcum"},{"floor":9,"key":"MawBank"},{"floor":10,"key":"Mummified Hand"},{"floor":13,"key":"Unceasing Top"},{"floor":22,"key":"Red Mask"},{"floor":23,"key":"Torii"},{"floor":26,"key":"Mango"}],"event_choices":[{"event_name":"Scrap Ooze","player_choice":"success","floor":4,"damage_taken":3},{"event_name":"World of Goop","player_choice":"Gather Gold","floor":5,"damage_taken":0},{"event_name":"Masked Bandits","player_choice":"Fought Bandits","floor":22,"damage_taken":0},{"event_name":"The Mausoleum","player_choice":"Yes","floor":29,"damage_taken":0}],"is_beta":false,"boss_relics":[{"not_picked":["White Beast Statue","Runic Pyramid"],"picked":"Runic Dome"}],"items_purged_floors":[2,19],"is_endless":false,"potions_floor_spawned":[8,14,16,20,21,30,31],"killed_by":"Collector","ascension_level":0}