{"gold_per_floor":[111,131,131,149,22,22,56,56,56,86,86,10,43,59,59,133,133,143,153,68,68,82,82,82,7,52,52,86,98,98],"floor_reached":30,"playtime":848,"items_purged":["Strike_R"],"score":479,"play_id":"eb8effc9-30f0-4947-8745-3c29b491754e","local_time":"20181220214318","is_ascension_mode":true,"campfire_choices":[{"data":"Whirlwind","floor":6.0,"key":"SMITH"},{"floor":11.0,"key":"REST"},{"data":"Bloodletting","floor":15.0,"key":"SMITH"},{"floor":23.0,"key":"REST"},{"data":"Fiend Fire","floor":27.0,"key":"SMITH"}],"neow_cost":"NONE","seed_source_timestamp":615173890932295,"circlet_count":0,"master_deck":["AscendersBane","Strike_R","Strike_R","Strike_R","Strike_R","Defend_R","Defend_R","Defend_R","Defend_R","Bash+1","Flame Barrier","Whirlwind+1","Sword Boomerang+1","Bloodletting+1","Spot Weakness","Rupture+1","Fiend Fire+1","Shrug It Off","Brutality+1","Twin Strike+1","Ghostly Armor","Decay","Metallicize+1","Pain"],"special_seed":0,"relics":["Burning Blood","Oddly Smooth Stone","CultistMask","Dream Catcher","Frozen Egg 2","Whetstone","Potion Belt","Cursed Key","Darkstone Periapt","Ornamental Fan"],"potions_floor_usage":[],"damage_taken":[{"damage":0.0,"enemies":"Jaw Worm","floor":1.0,"turns":5.0},{"damage":5.0,"enemies":"Cultist","floor":2.0,"turns":5.0},{"damage":1.0,"enemies":"Small Slimes","floor":4.0,"turns":3.0},{"damage":20.0,"enemies":"3 Sentries","floor":7.0,"turns":4.0},{"damage":46.0,"enemies":"Lagavulin","floor":10.0,"turns":9.0},{"damage":14.0,"enemies":"3 Sentries","floor":13.0,"turns":4.0},{"damage":23.0,"enemies":"Blue Slaver","floor":14.0,"turns":4.0},{"damage":11.0,"enemies":"The Guardian","floor":16.0,"turns":8.0},{"damage":6.0,"enemies":"2 Thieves","floor":18.0,"turns":2.0},{"damage":8.0,"enemies":"Shell Parasite","floor":19.0,"turns":4.0},{"damage":34.0,"enemies":"Shelled Parasite and Fungi","floor":22.0,"turns":4.0},{"damage":22.0,"enemies":"Book of Stabbing","floor":28.0,"turns":3.0},{"damage":14.0,"enemies":"Cultist and Chosen","floor":29.0,"turns":6.0},{"damage":31,"enemies":"Slavers","floor":30,"turns":3}],"seed_played":"4750794093219204962","potions_obtained":[{"floor":1.0,"key":"BloodPotion"},{"floor":2.0,"key":"BloodPotion"},{"floor":10.0,"key":"FearPotion"},{"floor":18.0,"key":"GamblersBrew"},{"floor":19.0,"key":"GamblersBrew"},{"floor":22.0,"key":"Fire Potion"}],"is_trial":false,"path_per_floor":["M","M","?","M","$","R","E","$","T","E","R","$","E","M","R","B",null,"M","M","?","?","M","R","?","$","T","R","E","M","E"],"character_chosen":"IRONCLAD","items_purchased":["Sword Boomerang","Spot Weakness","Metallicize+1"],"campfire_rested":2,"item_purchase_floors":[5,12,25],"current_hp_per_floor":[74,75,75,75,75,75,61,61,61,21,43,43,42,25,25,20,61,61,59,59,59,31,53,59,59,65,65,49,41,10],"gold":98,"neow_bonus":"RANDOM_COMMON_RELIC","is_prod":false,"is_daily":false,"chose_seed":false,"campfire_upgraded":3,"win_rate":0,"timestamp":1545309798,"path_taken":["M","M","?","M","$","R","E","$","T","E","R","$","E","M","R","BOSS","M","?","?","?","M","R","?","$","T","R","E","?","E"],"build_version":"2018-12-13","purchased_purges":1,"victory":false,"max_hp_per_floor":[75,75,75,75,75,75,75,75,75,75,75,75,75,75,75,75,75,75,75,75,75,75,75,81,81,87,87,87,87,87],"card_choices":[{"not_picked":["Twin Strike","Cleave"],"picked":"Flame Barrier","floor":1.0},{"not_picked":["Clash","Bloodletting"],"picked":"Whirlwind","floor":2.0},{"not_picked":["Uppercut","Dropkick","Whirlwind"],"picked":"SKIP","floor":4.0},{"not_picked":["Reckless Charge","Impervious","Iron Wave"],"picked":"SKIP","floor":7.0},{"not_picked":["Headbutt","Heavy Blade","Clash"],"picked":"SKIP","floor":10.0},{"not_picked":["Fire Breathing+1","Clothesline"],"picked":"Bloodletting","floor":11.0},{"not_picked":["Searing Blow","Pummel"],"picked":"Rupture+1","floor":13.0},{"not_picked":["Rampage","Warcry","Searing Blow"],"picked":"SKIP","floor":14.0},{"not_picked":["Exhume","Impervious"],"picked":"Fiend Fire","floor":16.0},{"not_picked":["Reckless Charge","Second Wind","Cleave"],"picked":"SKIP","floor":18.0},{"not_picked":["True Grit","Carnage"],"picked":"Shrug It Off","floor":19.0},{"not_picked":["Thunderclap","Heavy Blade"],"picked":"Twin Strike+1","floor":22.0},{"not_picked":["Armaments","Bloodletting"],"picked":"Ghostly Armor","floor":23.0},{"not_picked":["Perfected Strike","Clash","Headbutt"],"picked":"SKIP","floor":28.0},{"not_picked":["Iron Wave","Armaments","Clash"],"picked":"SKIP","floor":29.0}],"player_experience":750965,"relics_obtained":[{"floor":7.0,"key":"Dream Catcher"},{"floor":9.0,"key":"Frozen Egg 2"},{"floor":10.0,"key":"Whetstone"},{"floor":13.0,"key":"Potion Belt"},{"floor":28.0,"key":"Ornamental Fan"}],"event_choices":[{"damage_healed":0.0,"max_hp_gain":0.0,"max_hp_loss":0.0,"gold_gain":0.0,"event_name":"FaceTrader","player_choice":"Trade","floor":3.0,"gold_loss":0.0,"damage_taken":0.0,"relics_obtained":["CultistMask"]},{"damage_healed":0.0,"max_hp_gain":0.0,"max_hp_loss":0.0,"gold_gain":0.0,"event_name":"Addict","player_choice":"Obtained Relic","floor":20.0,"gold_loss":85.0,"damage_taken":0.0,"relics_obtained":["Darkstone Periapt"]},{"damage_healed":0.0,"max_hp_gain":0.0,"max_hp_loss":0.0,"gold_gain":0.0,"event_name":"The Library","player_choice":"Read","floor":21.0,"gold_loss":0.0,"damage_taken":0.0,"cards_obtained":["Brutality"]},{"damage_healed":0.0,"max_hp_gain":0.0,"max_hp_loss":0.0,"gold_gain":0.0,"event_name":"Wheel of Change","player_choice":"Cursed","floor":24.0,"gold_loss":0.0,"damage_taken":0.0,"cards_obtained":["Decay"]}],"is_beta":false,"boss_relics":[{"not_picked":["Black Star","Sozu"],"picked":"Cursed Key"}],"items_purged_floors":[5],"is_endless":false,"potions_floor_spawned":[1,2,10,18,19,22],"killed_by":"Slavers","ascension_level":16}