{"gold_per_floor":[111,128,147,1,1,1,1,1,26,41,66,66,85,85,85,211,211,236,58,79,99,115,115,155,155,178,178,211,211,211,211,211,330,330,350,425,446,462,158,158,12,33,33,64,64,84,35,60,60,60,60,60,8,39,39],"floor_reached":55,"playtime":2603,"items_purged":["Strike_G","Strike_G","Defend_G"],"score":727,"play_id":"ac9d4604-b126-443f-8ff9-ab1b2b65baa5","local_time":"20190125224651","is_ascension_mode":false,"campfire_choices":[{"data":"Noxious Fumes","floor":6,"key":"SMITH"},{"data":"Footwork","floor":8,"key":"SMITH"},{"data":"Deadly Poison","floor":15,"key":"SMITH"},{"floor":23,"key":"REST"},{"floor":27,"key":"REST"},{"floor":32,"key":"REST"},{"floor":40,"key":"RECALL"},{"floor":49,"key":"REST"},{"floor":52,"key":"REST"}],"neow_cost":"NONE","seed_source_timestamp":1450408065537721,"circlet_count":0,"master_deck":["Defend_G","Defend_G","Defend_G","Strike_G","Survivor","Neutralize+1","Footwork+1","Blur","Deadly Poison+1","Noxious Fumes+1","Dodge and Roll","Tools of the Trade","PiercingWail","Bullet Time","Caltrops","Catalyst+1","Noxious Fumes+1","Bane+1","Reflex","Tools of the Trade","Bouncing Flask"],"relics":["Empty Cage","Golden Idol","Lantern","Fusion Hammer","Singing Bowl","Centennial Puzzle","Paper Crane","Lizard Tail","Bronze Scales","Snake Skull","Letter Opener","Juzu Bracelet","Strawberry"],"potions_floor_usage":[13,35,44,46,46,46,46,46,46,48,55],"damage_taken":[{"damage":0,"enemies":"2 Louse","floor":1,"turns":3},{"damage":0,"enemies":"Jaw Worm","floor":2,"turns":6},{"damage":0,"enemies":"Cultist","floor":3,"turns":5},{"damage":0,"enemies":"Blue Slaver","floor":10,"turns":5},{"damage":2,"enemies":"Exordium Thugs","floor":11,"turns":5},{"damage":0,"enemies":"Looter","floor":13,"turns":4},{"damage":4,"enemies":"The Guardian","floor":16,"turns":10},{"damage":2,"enemies":"Shell Parasite","floor":18,"turns":6},{"damage":0,"enemies":"3 Byrds","floor":20,"turns":6},{"damage":11,"enemies":"Snecko","floor":21,"turns":7},{"damage":14,"enemies":"Cultist and Chosen","floor":22,"turns":7},{"damage":38,"enemies":"Gremlin Leader","floor":24,"turns":6},{"damage":6,"enemies":"Book of Stabbing","floor":28,"turns":5},{"damage":20,"enemies":"Collector","floor":33,"turns":7},{"damage":4,"enemies":"3 Shapes","floor":35,"turns":6},{"damage":13,"enemies":"3 Darklings","floor":37,"turns":5},{"damage":0,"enemies":"Maw","floor":38,"turns":8},{"damage":0,"enemies":"Transient","floor":42,"turns":5},{"damage":46,"enemies":"Reptomancer","floor":44,"turns":6},{"damage":11,"enemies":"4 Shapes","floor":46,"turns":3},{"damage":7,"enemies":"Jaw Worm Horde","floor":48,"turns":3},{"damage":40,"enemies":"Time Eater","floor":50,"turns":7},{"damage":62,"enemies":"Shield and Spear","floor":54,"turns":5},{"damage":68,"enemies":"The Heart","floor":55,"turns":5}],"seed_played":"5905558157170172355","potions_obtained":[{"floor":1,"key":"Strength Potion"},{"floor":10,"key":"GamblersBrew"},{"floor":11,"key":"Explosive Potion"},{"floor":21,"key":"Explosive Potion"},{"floor":38,"key":"Dexterity Potion"},{"floor":45,"key":"EntropicBrew"},{"floor":46,"key":"Fire Potion"},{"floor":48,"key":"AttackPotion"}],"is_trial":false,"path_per_floor":["M","M","M","$","?","R","?","R","T","M","M","?","M","$","R","B",null,"M","$","M","M","M","R","E","?","T","R","E","?","?","?","R","B",null,"M","?","M","M","$","R","$","M","T","E","?","M","$","M","R","B",null,"R","$","E","B"],"character_chosen":"THE_SILENT","items_purchased":["Noxious Fumes","Caltrops","Bouncing Flask","Bronze Scales","Snake Skull","Block Potion","SteroidPotion"],"campfire_rested":5,"item_purchase_floors":[4,19,39,39,41,47,53],"current_hp_per_floor":[70,70,70,70,53,53,53,53,53,53,51,51,51,51,51,47,70,68,68,68,57,43,64,26,26,26,47,41,41,41,41,62,42,70,68,61,50,52,52,52,52,54,54,10,10,42,42,37,62,22,84,84,84,31,0],"gold":39,"neow_bonus":"BOSS_RELIC","is_prod":false,"is_daily":false,"chose_seed":false,"campfire_upgraded":3,"win_rate":0,"timestamp":1548474411,"path_taken":["M","M","M","$","?","R","?","R","T","M","?","?","M","?","R","BOSS","M","$","M","M","M","R","E","?","T","R","E","?","?","?","R","BOSS","M","?","?","?","$","R","$","?","T","E","?","M","$","M","R","BOSS","R","$","E","BOSS"],"build_version":"2019-01-23","purchased_purges":3,"victory":false,"max_hp_per_floor":[70,70,70,70,70,70,70,70,70,70,70,70,70,70,70,70,70,70,70,70,70,70,70,70,70,70,70,70,70,70,70,70,70,70,72,72,74,76,76,76,76,78,78,80,80,82,82,84,84,84,84,84,84,93,93],"card_choices":[{"not_picked":["Eviscerate","Backflip"],"picked":"Footwork","floor":1},{"not_picked":["Prepared","Backflip"],"picked":"Blur","floor":2},{"not_picked":["Poisoned Stab","Acrobatics"],"picked":"Deadly Poison","floor":3},{"not_picked":["Blade Dance","Underhanded Strike"],"picked":"Dodge and Roll","floor":10},{"not_picked":["Skewer","Bane"],"picked":"Tools of the Trade","floor":11},{"not_picked":["Calculated Gamble","Infinite Blades"],"picked":"PiercingWail","floor":13},{"not_picked":["Unload","Wraith Form v2"],"picked":"Bullet Time","floor":16},{"not_picked":["Dagger Spray","Dagger Throw","Quick Slash"],"picked":"SKIP","floor":18},{"not_picked":["Deflect","Underhanded Strike+1","Skewer"],"picked":"SKIP","floor":20},{"not_picked":["Dagger Throw","Tools of the Trade","Calculated Gamble"],"picked":"SKIP","floor":21},{"not_picked":["Blur","Slice"],"picked":"Catalyst+1","floor":22},{"not_picked":["Poisoned Stab","Outmaneuver"],"picked":"Noxious Fumes+1","floor":24},{"not_picked":["Eviscerate+1","Prepared"],"picked":"Bane+1","floor":28},{"not_picked":["Venomology","After Image"],"picked":"Tools of the Trade","floor":33},{"not_picked":["Dash","Dodge and Roll+1","Escape Plan+1"],"picked":"Singing Bowl","floor":35},{"not_picked":["Finisher","Reflex","Dodge and Roll"],"picked":"Singing Bowl","floor":37},{"not_picked":["Finisher","Backstab+1","Riddle With Holes+1"],"picked":"Singing Bowl","floor":38},{"not_picked":["Dagger Spray","Poisoned Stab+1","Blade Dance"],"picked":"Singing Bowl","floor":42},{"not_picked":["Poisoned Stab+1","Concentrate","All Out Attack+1"],"picked":"Singing Bowl","floor":44},{"not_picked":["Setup+1","Noxious Fumes","Quick Slash"],"picked":"Singing Bowl","floor":46},{"not_picked":["Masterful Stab+1","Dagger Throw+1","Accuracy"],"picked":"Singing Bowl","floor":48},{"not_picked":["Deadly Poison","Blur","Dagger Spray+1"],"picked":"Singing Bowl","floor":54}],"player_experience":513963,"relics_obtained":[{"floor":9,"key":"Lantern"},{"floor":24,"key":"Singing Bowl"},{"floor":28,"key":"Paper Crane"},{"floor":43,"key":"Letter Opener"},{"floor":44,"key":"Juzu Bracelet"},{"floor":54,"key":"Strawberry"}],"event_choices":[{"damage_healed":0,"gold_gain":0,"player_choice":"Take Damage","damage_taken":17,"relics_obtained":["Golden Idol"],"max_hp_gain":0,"max_hp_loss":0,"event_name":"Golden Idol","floor":5,"gold_loss":0},{"cards_removed":["Strike_G"],"damage_healed":0,"gold_gain":0,"player_choice":"Purged","damage_taken":0,"max_hp_gain":0,"max_hp_loss":0,"event_name":"Purifier","floor":7,"gold_loss":0},{"damage_healed":0,"gold_gain":0,"player_choice":"Upgraded","damage_taken":0,"max_hp_gain":0,"max_hp_loss":0,"event_name":"Upgrade Shrine","floor":12,"gold_loss":0,"cards_upgraded":["Neutralize"]},{"damage_healed":0,"gold_gain":0,"player_choice":"Opened","damage_taken":0,"relics_obtained":["Centennial Puzzle"],"max_hp_gain":0,"max_hp_loss":0,"event_name":"The Mausoleum","floor":25,"gold_loss":0},{"damage_healed":0,"gold_gain":0,"player_choice":"Ignored","damage_taken":0,"max_hp_gain":0,"max_hp_loss":0,"event_name":"Cursed Tome","floor":29,"gold_loss":0},{"damage_healed":0,"gold_gain":0,"player_choice":"Ignored","damage_taken":0,"max_hp_gain":0,"max_hp_loss":0,"event_name":"Vampires","floor":30,"gold_loss":0},{"damage_healed":0,"gold_gain":0,"player_choice":"Read","damage_taken":0,"max_hp_gain":0,"max_hp_loss":0,"event_name":"The Library","floor":31,"gold_loss":0,"cards_obtained":["Reflex"]},{"damage_healed":0,"gold_gain":75,"player_choice":"Touch","damage_taken":7,"max_hp_gain":0,"max_hp_loss":0,"event_name":"FaceTrader","floor":36,"gold_loss":0},{"damage_healed":0,"gold_gain":0,"player_choice":"Got Potions","damage_taken":0,"max_hp_gain":0,"max_hp_loss":0,"event_name":"Lab","floor":45,"gold_loss":0}],"is_beta":true,"boss_relics":[{"not_picked":["Runic Dome","Tiny House"],"picked":"Fusion Hammer"},{"not_picked":["WristBlade","Orrery"],"picked":"Lizard Tail"}],"items_purged_floors":[4,19,39],"is_endless":false,"potions_floor_spawned":[1,10,11,21,24,28,38,46,48],"killed_by":"The Heart","ascension_level":0}