{"path_per_floor":["M","?","?","M","$","R","?","R","T","?","?","R","E","M","R"],"character_chosen":"THE_SILENT","items_purchased":["Anchor","Frozen Egg 2"],"gold_per_floor":[417,417,492,504,66,66,66,66,120,295,245,245,272,282,282,282],"floor_reached":16,"campfire_rested":3,"playtime":553,"item_purchase_floors":[5,5],"current_hp_per_floor":[57,54,43,43,43,64,50,70,70,70,70,70,31,30,51,0],"items_purged":["Doubt"],"gold":282,"score":96,"play_id":"f3f9b14b-e8e8-488e-b032-3e3298fa0392","local_time":"20180623104240","is_prod":false,"is_daily":false,"chose_seed":false,"is_ascension_mode":false,"campfire_upgraded":1,"win_rate":0,"timestamp":1529714560,"campfire_choices":[{"floor":6,"key":"REST"},{"floor":8,"key":"REST"},{"data":"Neutralize","floor":12,"key":"SMITH"},{"floor":15,"key":"REST"}],"path_taken":["M","?","?","M","$","R","?","R","T","?","?","R","E","M","R","BOSS"],"build_version":"2018-06-21","seed_source_timestamp":2125336630065,"purchased_purges":1,"circlet_count":0,"victory":false,"master_deck":["Defend_G+1","Defend_G","Defend_G","Defend_G","Defend_G","Strike_G","Strike_G","Strike_G","Strike_G+1","Strike_G","Survivor","Neutralize+1","Footwork","Poisoned Stab"],"max_hp_per_floor":[70,70,70,70,70,70,70,70,70,70,70,70,70,70,70,70],"relics":["Ring of the Snake","Old Coin","The Courier","Anchor","Frozen Egg 2","Boot","Potion Belt"],"card_choices":[{"not_picked":["Prepared","Masterful Stab"],"picked":"Footwork","floor":1},{"not_picked":["Quick Slash","Outmaneuver","Prepared"],"picked":"SKIP","floor":4},{"not_picked":["Endless Agony","PiercingWail"],"picked":"Poisoned Stab","floor":13},{"not_picked":["Backflip","Outmaneuver","Eviscerate"],"picked":"SKIP","floor":14}],"player_experience":450457,"potions_floor_usage":[16],"damage_taken":[{"damage":13,"enemies":"Jaw Worm","floor":1,"turns":6},{"damage":0,"enemies":"2 Louse","floor":4,"turns":5},{"damage":39,"enemies":"Gremlin Nob","floor":13,"turns":7},{"damage":1,"enemies":"Small Slimes","floor":14,"turns":3},{"damage":52,"enemies":"Hexaghost","floor":16,"turns":15}],"relics_obtained":[{"floor":9,"key":"Boot"},{"floor":13,"key":"Potion Belt"}],"event_choices":[{"event_name":"Scrap Ooze","player_choice":"success","floor":2,"damage_taken":3},{"event_name":"World of Goop","player_choice":"Gather Gold","floor":3,"damage_taken":0},{"event_name":"Shining Light","player_choice":"Entered Light","floor":7,"damage_taken":0},{"event_name":"Liars Game","player_choice":"agreed","floor":10,"damage_taken":0},{"event_name":"The Cleric","player_choice":"Card Removal","floor":11,"damage_taken":0}],"boss_relics":[],"items_purged_floors":[5],"is_endless":true,"potions_floor_spawned":[4],"seed_played":"-8733549305478124582","killed_by":"Hexaghost","ascension_level":0,"potions_obtained":[{"floor":4,"key":"Ancient Potion"}],"is_trial":false}