{"gold_per_floor":[118,118,15,15,15,15,49,49,49,62,93,106,122,140,140,237,237,255,180,180,180,195,195],"floor_reached":23,"playtime":938,"items_purged":["Strike_B"],"score":299,"play_id":"b1f98599-db87-4b60-80d8-85f82f137e5b","local_time":"20180921132006","is_ascension_mode":true,"campfire_choices":[{"data":"Storm","floor":6,"key":"SMITH"},{"floor":8,"key":"REST"},{"floor":15,"key":"REST"}],"neow_cost":"NONE","seed_source_timestamp":586895443053948,"circlet_count":0,"master_deck":["Strike_B","Strike_B","Strike_B","Defend_B","Defend_B","Defend_B","Defend_B+1","Zap+1","Dualcast","AscendersBane","FTL","Storm+1","BootSequence","Genetic Algorithm","Sunder+1","Lockon","Seek","Darkness","Heatsinks","Leap","Echo Form","Recycle"],"relics":["Cracked Core","Bag of Preparation","NlothsMask","Ginger","Prayer Wheel","Snecko Eye"],"potions_floor_usage":[11,16,16,22],"damage_taken":[{"damage":0,"enemies":"2 Louse","floor":1,"turns":3},{"damage":35,"enemies":"Gremlin Nob","floor":7,"turns":5},{"damage":0,"enemies":"Cultist","floor":10,"turns":4},{"damage":17,"enemies":"Lagavulin","floor":11,"turns":8},{"damage":0,"enemies":"Small Slimes","floor":12,"turns":2},{"damage":0,"enemies":"Exordium Thugs","floor":13,"turns":3},{"damage":0,"enemies":"2 Fungi Beasts","floor":14,"turns":2},{"damage":12,"enemies":"Slime Boss","floor":16,"turns":9},{"damage":12,"enemies":"Shell Parasite","floor":18,"turns":4},{"damage":11,"enemies":"2 Thieves","floor":22,"turns":3},{"damage":53,"enemies":"Book of Stabbing","floor":23,"turns":5}],"seed_played":"-1240807624161875926","potions_obtained":[{"floor":7,"key":"EssenceOfSteel"},{"floor":11,"key":"SteroidPotion"},{"floor":13,"key":"EssenceOfSteel"},{"floor":14,"key":"Fire Potion"},{"floor":16,"key":"PowerPotion"},{"floor":18,"key":"Explosive Potion"}],"is_trial":false,"path_per_floor":["M","?","$","?","?","R","E","R","T","M","E","M","M","M","R","B",null,"M","$","?","?","M"],"character_chosen":"DEFECT","items_purchased":["Storm","BootSequence"],"campfire_rested":2,"item_purchase_floors":[3,3],"current_hp_per_floor":[75,68,68,52,52,52,17,41,41,41,24,24,24,24,48,36,71,59,59,59,59,48,0],"gold":195,"neow_bonus":"TEN_PERCENT_HP_BONUS","is_prod":false,"is_daily":false,"chose_seed":false,"campfire_upgraded":1,"win_rate":0,"timestamp":1537550406,"path_taken":["M","?","$","?","?","R","E","R","T","M","E","M","?","M","R","BOSS","M","$","?","?","M","E"],"build_version":"2018-09-20","purchased_purges":1,"victory":false,"max_hp_per_floor":[82,82,82,82,82,82,82,82,82,82,82,82,82,82,82,82,82,82,82,82,82,82,82],"card_choices":[{"not_picked":["Cold Snap","Leap"],"picked":"FTL","floor":1},{"not_picked":["Leap","Rebound"],"picked":"Genetic Algorithm","floor":7},{"not_picked":["Coolheaded","Leap"],"picked":"Sunder","floor":10},{"not_picked":["Steam","Streamline"],"picked":"Lockon","floor":11},{"not_picked":["Coolheaded","Conserve Battery"],"picked":"Seek","floor":12},{"not_picked":["Leap","Go for the Eyes","Beam Cell"],"picked":"SKIP","floor":12},{"not_picked":["Reinforced Body","Stack"],"picked":"Darkness","floor":13},{"not_picked":["Conserve Battery","Sweeping Beam"],"picked":"Heatsinks","floor":13},{"not_picked":["Beam Cell","Ball Lightning"],"picked":"Leap","floor":14},{"not_picked":["Beam Cell","Compile Driver","Streamline"],"picked":"SKIP","floor":14},{"not_picked":["Electrodynamics","All For One"],"picked":"Echo Form","floor":16},{"not_picked":["Beam Cell+1","Gash","Compile Driver"],"picked":"SKIP","floor":18},{"not_picked":["Redo","Leap","Gash+1"],"picked":"SKIP","floor":18},{"not_picked":["Hologram","Barrage"],"picked":"Recycle","floor":22},{"not_picked":["Cold Snap","Redo+1","Ball Lightning+1"],"picked":"SKIP","floor":22}],"player_experience":222349,"relics_obtained":[{"floor":7,"key":"Ginger"},{"floor":11,"key":"Prayer Wheel"}],"event_choices":[{"event_name":"Scrap Ooze","player_choice":"success","floor":2,"damage_taken":7},{"event_name":"Shining Light","player_choice":"Entered Light","floor":4,"damage_taken":0},{"event_name":"FaceTrader","player_choice":"Trade","floor":5,"damage_taken":0},{"event_name":"Ghosts","player_choice":"Ignored","floor":20,"damage_taken":0},{"event_name":"Upgrade Shrine","player_choice":"Upgraded","floor":21,"damage_taken":0}],"is_beta":false,"boss_relics":[{"not_picked":["Coffee Dripper","Ectoplasm"],"picked":"Snecko Eye"}],"items_purged_floors":[19],"is_endless":false,"potions_floor_spawned":[7,11,13,14,16,18],"killed_by":"Book of Stabbing","ascension_level":10}