{"gold_per_floor":[114,39,50,67,67,93,104,134,158,158,173,173,173,173],"floor_reached":14,"playtime":386,"items_purged":[],"score":190,"play_id":"938f1077-e7ab-4831-8f7d-dd11586b893d","local_time":"20190127153620","is_ascension_mode":true,"campfire_choices":[{"floor":10,"key":"REST"}],"neow_cost":"NONE","seed_source_timestamp":1466319277678700,"circlet_count":0,"master_deck":["AscendersBane","Strike_B","Strike_B","Strike_B","Defend_B","Defend_B","Defend_B","Defend_B","Zap+1","Dualcast","White Noise","Ball Lightning","Gash","Reboot","Loop","Creative AI","Gash"],"relics":["Cracked Core","Bottled Flame","Omamori","Happy Flower","FaceOfCleric"],"potions_floor_usage":[6,6,7,14,14],"damage_taken":[{"damage":0,"enemies":"Cultist","floor":1,"turns":3},{"damage":4,"enemies":"Small Slimes","floor":3,"turns":3},{"damage":2,"enemies":"2 Louse","floor":4,"turns":3},{"damage":27,"enemies":"Gremlin Nob","floor":6,"turns":4},{"damage":3,"enemies":"Large Slime","floor":7,"turns":3},{"damage":24,"enemies":"Lagavulin","floor":8,"turns":6},{"damage":5,"enemies":"Gremlin Gang","floor":11,"turns":3},{"damage":9,"enemies":"2 Fungi Beasts","floor":14,"turns":1}],"seed_played":"-1972230816752642061","potions_obtained":[{"floor":0,"key":"Block Potion"},{"floor":0,"key":"SkillPotion"},{"floor":6,"key":"Explosive Potion"},{"floor":7,"key":"SteroidPotion"},{"floor":8,"key":"FearPotion"},{"floor":11,"key":"Regen Potion"}],"is_trial":false,"path_per_floor":["M","?","M","M","?","E","M","E","T","R","M","?","?","M"],"character_chosen":"DEFECT","items_purchased":[],"campfire_rested":1,"item_purchase_floors":[],"current_hp_per_floor":[64,64,60,58,58,31,28,4,4,25,20,2,2,0],"gold":173,"neow_bonus":"THREE_SMALL_POTIONS","is_prod":false,"is_daily":false,"chose_seed":false,"campfire_upgraded":0,"win_rate":0,"timestamp":1548632180,"path_taken":["M","?","M","M","?","E","M","E","T","R","?","?","?","?"],"build_version":"2019-01-23","purchased_purges":0,"victory":false,"max_hp_per_floor":[71,71,71,71,71,71,71,71,71,71,71,71,71,71],"card_choices":[{"not_picked":["Compile Driver","Sweeping Beam"],"picked":"White Noise","floor":1},{"not_picked":["Steam","Conserve Battery"],"picked":"Ball Lightning","floor":3},{"not_picked":["FTL","Steam"],"picked":"Gash","floor":4},{"not_picked":["Beam Cell","Compile Driver"],"picked":"Reboot","floor":6},{"not_picked":["Steam","Sweeping Beam"],"picked":"Loop","floor":7},{"not_picked":["Beam Cell","Redo"],"picked":"Creative AI","floor":8},{"not_picked":["Streamline","Redo"],"picked":"Gash","floor":11}],"player_experience":592326,"relics_obtained":[{"floor":6,"key":"Bottled Flame"},{"floor":8,"key":"Omamori"},{"floor":9,"key":"Happy Flower"}],"event_choices":[{"cards_removed":["Strike_B"],"damage_healed":0,"gold_gain":0,"player_choice":"Card Removal","damage_taken":0,"max_hp_gain":0,"max_hp_loss":0,"event_name":"The Cleric","floor":2,"gold_loss":75},{"damage_healed":0,"gold_gain":0,"player_choice":"Upgraded","damage_taken":0,"max_hp_gain":0,"max_hp_loss":0,"event_name":"Upgrade Shrine","floor":5,"gold_loss":0,"cards_upgraded":["Zap"]},{"damage_healed":0,"gold_gain":0,"player_choice":"Fled","damage_taken":18,"max_hp_gain":0,"max_hp_loss":0,"event_name":"Scrap Ooze","floor":12,"gold_loss":0},{"damage_healed":0,"gold_gain":0,"player_choice":"Trade","damage_taken":0,"relics_obtained":["FaceOfCleric"],"max_hp_gain":0,"max_hp_loss":0,"event_name":"FaceTrader","floor":13,"gold_loss":0}],"is_beta":false,"boss_relics":[],"items_purged_floors":[],"is_endless":false,"potions_floor_spawned":[1,6,7,8,11],"killed_by":"2 Fungi Beasts","ascension_level":18}