{"gold_per_floor":[116,116,135,135,146,178,178,188,188,221,250,250,250,128,128,228,228,248,262,32,132,142,142,159,189,189,189,189,21,120,120,120,215,215,235,235,235,252,252,252,278,291,360,360,387,387,122,122,122,122],"floor_reached":50,"playtime":3205,"items_purged":["Strike_B","Hello World+1"],"score":599,"play_id":"8fd96ba9-f4e8-4040-a82c-c6c896dcc75f","local_time":"20190306220716","is_ascension_mode":true,"campfire_choices":[{"floor":7,"key":"REST"},{"floor":13,"key":"RECALL"},{"floor":15,"key":"REST"},{"floor":23,"key":"REST"},{"floor":27,"key":"REST"},{"data":"Hello World","floor":32,"key":"SMITH"},{"floor":40,"key":"REST"},{"floor":44,"key":"REST"},{"floor":49,"key":"REST"}],"neow_cost":"NONE","seed_source_timestamp":455507608376938,"circlet_count":0,"master_deck":["Strike_B+1","Defend_B+1","Defend_B+1","Defend_B+1","Defend_B+1","Zap+1","Dualcast+1","Static Discharge+1","Rebound+1","Ball Lightning+1","Leap+1","Darkness+1","Sunder+1","Genetic Algorithm+1","Streamline+1","Go for the Eyes+1","Rainbow+1","Capacitor+1","FTL+1","Self Repair+1","Force Field+1","Doom and Gloom+1","Darkness+1","Hologram+1","Leap+1"],"relics":["Cracked Core","NeowsBlessing","Anchor","Ice Cream","The Courier","Meat on the Bone","Odd Mushroom","Sozu","Symbiotic Virus","Incense Burner","Kunai","Bag of Preparation","Lee\u0027s Waffle","Prayer Wheel","Inserter","Mark of the Bloom","Dodecahedron","Toxic Egg 2","Blood Vial","ClockworkSouvenir"],"potions_floor_usage":[11,16,16],"damage_taken":[{"damage":0,"enemies":"Small Slimes","floor":1,"turns":1},{"damage":0,"enemies":"2 Louse","floor":3,"turns":1},{"damage":0,"enemies":"Cultist","floor":5,"turns":1},{"damage":26,"enemies":"3 Sentries","floor":6,"turns":5},{"damage":1,"enemies":"Exordium Wildlife","floor":8,"turns":3},{"damage":12,"enemies":"Lagavulin","floor":10,"turns":5},{"damage":1,"enemies":"The Mushroom Lair","floor":11,"turns":3},{"damage":17,"enemies":"Slime Boss","floor":16,"turns":7},{"damage":6,"enemies":"Shell Parasite","floor":18,"turns":4},{"damage":4,"enemies":"3 Byrds","floor":19,"turns":2},{"damage":22,"enemies":"Colosseum Slavers","floor":21,"turns":4},{"damage":23,"enemies":"Colosseum Nobs","floor":21,"turns":3},{"damage":18,"enemies":"Snecko","floor":22,"turns":3},{"damage":1,"enemies":"Cultist and Chosen","floor":24,"turns":6},{"damage":35,"enemies":"Slavers","floor":25,"turns":4},{"damage":67,"enemies":"Automaton","floor":33,"turns":8},{"damage":0,"enemies":"3 Shapes","floor":35,"turns":3},{"damage":13,"enemies":"3 Darklings","floor":38,"turns":7},{"damage":19,"enemies":"Giant Head","floor":41,"turns":9},{"damage":16,"enemies":"Sphere and 2 Shapes","floor":42,"turns":4},{"damage":30,"enemies":"Nemesis","floor":45,"turns":5},{"damage":5,"enemies":"Donu and Deca","floor":50,"turns":2}],"seed_played":"2403974520551611278","potions_obtained":[{"floor":1,"key":"LiquidBronze"},{"floor":8,"key":"Swift Potion"},{"floor":10,"key":"SkillPotion"}],"is_trial":false,"path_per_floor":["M","?","M","?","M","E","R","M","T","E","?","?","R","$","R","B",null,"M","M","$","?","M","R","M","E","T","R","?","$","?","?","R","B",null,"M","?","?","M","?","R","E","M","T","R","E","?","$","?","R","B"],"character_chosen":"DEFECT","items_purchased":["Streamline","Go for the Eyes","Capacitor","Symbiotic Virus","Lee\u0027s Waffle","Leap+1","ClockworkSouvenir"],"campfire_rested":7,"item_purchase_floors":[14,14,20,20,29,47,47],"current_hp_per_floor":[75,63,63,63,63,37,59,58,58,46,45,45,45,45,67,50,75,69,65,65,32,26,48,47,31,31,53,53,82,82,82,82,27,82,82,82,82,69,69,69,50,34,34,34,4,4,4,4,4,0],"gold":122,"neow_bonus":"THREE_ENEMY_KILL","is_prod":false,"is_daily":false,"chose_seed":false,"campfire_upgraded":1,"win_rate":0,"timestamp":1551920836,"path_taken":["M","?","M","?","?","E","R","M","T","E","?","?","R","?","R","BOSS","M","M","$","?","M","R","M","E","T","R","?","?","?","?","R","BOSS","M","?","?","?","?","R","E","?","T","R","E","?","$","?","R","BOSS"],"build_version":"2019-01-23","purchased_purges":2,"victory":false,"max_hp_per_floor":[75,75,75,75,75,75,75,75,75,75,75,75,75,75,75,75,75,75,75,75,75,75,75,75,75,75,75,75,82,82,82,82,82,82,82,82,82,82,82,82,82,82,82,82,82,72,72,68,68,68],"card_choices":[{"not_picked":["Sunder","Conserve Battery"],"picked":"Static Discharge","floor":1},{"not_picked":["Compile Driver","Steam"],"picked":"Rebound","floor":3},{"not_picked":["BootSequence","Cold Snap"],"picked":"Ball Lightning","floor":5},{"not_picked":["Barrage","Tempest"],"picked":"Leap","floor":6},{"not_picked":["Compile Driver","Reinforced Body"],"picked":"Darkness","floor":8},{"not_picked":["Core Surge","Ball Lightning"],"picked":"Sunder","floor":10},{"not_picked":["Gash","Reprogram"],"picked":"Genetic Algorithm","floor":11},{"not_picked":["All For One","Multi-Cast"],"picked":"Rainbow","floor":16},{"not_picked":["Compile Driver","Turbo"],"picked":"Hello World","floor":18},{"not_picked":["Barrage","Skim","Sweeping Beam"],"picked":"SKIP","floor":19},{"not_picked":["Conserve Battery","Stack"],"picked":"FTL+1","floor":21},{"not_picked":["BootSequence","Sweeping Beam","Barrage"],"picked":"SKIP","floor":22},{"not_picked":["Barrage+1","Leap"],"picked":"Self Repair","floor":24},{"not_picked":["Streamline+1","Hologram+1","Stack"],"picked":"SKIP","floor":25},{"not_picked":["Reinforced Body","Coolheaded","Sweeping Beam+1"],"picked":"SKIP","floor":35},{"not_picked":["White Noise+1","Ball Lightning","Auto Shields"],"picked":"SKIP","floor":35},{"not_picked":["Compile Driver+1","Capacitor+1"],"picked":"Doom and Gloom+1","floor":38},{"not_picked":["Coolheaded","Beam Cell","Turbo+1"],"picked":"SKIP","floor":38},{"not_picked":["Reprogram","Redo+1","Static Discharge"],"picked":"SKIP","floor":41},{"not_picked":["Scrape+1","Hologram"],"picked":"Darkness+1","floor":42},{"not_picked":["Auto Shields+1","Barrage+1","Ball Lightning+1"],"picked":"SKIP","floor":42},{"not_picked":["Machine Learning","Loop"],"picked":"Hologram+1","floor":45}],"player_experience":162544,"relics_obtained":[{"floor":6,"key":"Ice Cream"},{"floor":9,"key":"The Courier"},{"floor":10,"key":"Meat on the Bone"},{"floor":11,"key":"Odd Mushroom"},{"floor":21,"key":"Incense Burner"},{"floor":21,"key":"Kunai"},{"floor":25,"key":"Bag of Preparation"},{"floor":41,"key":"Dodecahedron"},{"floor":43,"key":"Toxic Egg 2"},{"floor":45,"key":"Blood Vial"}],"event_choices":[{"damage_healed":0,"gold_gain":0,"player_choice":"Success","damage_taken":12,"relics_obtained":["Anchor"],"max_hp_gain":0,"max_hp_loss":0,"event_name":"Scrap Ooze","floor":2,"gold_loss":0},{"damage_healed":0,"gold_gain":0,"player_choice":"Upgraded","damage_taken":0,"max_hp_gain":0,"max_hp_loss":0,"event_name":"Upgrade Shrine","floor":4,"gold_loss":0,"cards_upgraded":["Static Discharge"]},{"damage_healed":0,"gold_gain":0,"player_choice":"Fought Mushrooms","damage_taken":0,"max_hp_gain":0,"max_hp_loss":0,"event_name":"Mushrooms","floor":11,"gold_loss":0},{"damage_healed":0,"gold_gain":0,"player_choice":"Grow","damage_taken":0,"max_hp_gain":0,"max_hp_loss":0,"event_name":"Living Wall","floor":12,"gold_loss":0,"cards_upgraded":["Darkness"]},{"damage_healed":0,"gold_gain":0,"player_choice":"Fight","damage_taken":0,"max_hp_gain":0,"max_hp_loss":0,"event_name":"Colosseum","floor":21,"gold_loss":0},{"damage_healed":0,"gold_gain":0,"player_choice":"Fought Nobs","damage_taken":0,"max_hp_gain":0,"max_hp_loss":0,"event_name":"Colosseum","floor":21,"gold_loss":0},{"damage_healed":0,"gold_gain":0,"cards_transformed":["Strike_B","Strike_B"],"player_choice":"Became Test Subject","damage_taken":0,"max_hp_gain":0,"max_hp_loss":0,"event_name":"Drug Dealer","floor":28,"gold_loss":0,"cards_obtained":["Hello World","Force Field"]},{"damage_healed":0,"gold_gain":99,"player_choice":"Stole From Cult","damage_taken":0,"max_hp_gain":0,"max_hp_loss":0,"event_name":"Nest","floor":30,"gold_loss":0},{"damage_healed":0,"gold_gain":0,"player_choice":"Opened","damage_taken":0,"relics_obtained":["Prayer Wheel"],"max_hp_gain":0,"max_hp_loss":0,"event_name":"The Mausoleum","floor":31,"gold_loss":0},{"damage_healed":0,"gold_gain":0,"player_choice":"Upgrade","damage_taken":0,"relics_obtained":["Mark of the Bloom"],"max_hp_gain":0,"max_hp_loss":0,"event_name":"MindBloom","floor":36,"gold_loss":0,"cards_upgraded":["Strike_B","Defend_B","Defend_B","Defend_B","Defend_B","Zap","Dualcast","Rebound","Ball Lightning","Leap","Sunder","Genetic Algorithm","Streamline","Go for the Eyes","Rainbow","Capacitor","Self Repair","Hello World","Force Field"]},{"damage_healed":0,"gold_gain":0,"player_choice":"Got Potions","damage_taken":0,"max_hp_gain":0,"max_hp_loss":0,"event_name":"Lab","floor":37,"gold_loss":0},{"cards_removed":["Hello World"],"damage_healed":13,"gold_gain":0,"player_choice":"Offered Uncommon","damage_taken":0,"max_hp_gain":0,"max_hp_loss":0,"event_name":"Bonfire Elementals","floor":39,"gold_loss":0},{"damage_healed":72,"gold_gain":0,"player_choice":"Heal","damage_taken":0,"max_hp_gain":0,"max_hp_loss":10,"event_name":"The Moai Head","floor":46,"gold_loss":0},{"damage_healed":0,"gold_gain":0,"player_choice":"Max HP","damage_taken":0,"max_hp_gain":0,"max_hp_loss":4,"event_name":"Winding Halls","floor":48,"gold_loss":0}],"is_beta":false,"boss_relics":[{"not_picked":["Fusion Hammer","Snecko Eye"],"picked":"Sozu"},{"not_picked":["White Beast Statue","Tiny House"],"picked":"Inserter"}],"items_purged_floors":[14,47],"is_endless":false,"potions_floor_spawned":[1,8,10,19,21,21,41,45],"killed_by":"Donu and Deca","ascension_level":2}