{"gold_per_floor":[116,266,286,5,18,18,29,29,29,29,4,4,18,32,32,104,104,89,103,103],"floor_reached":20,"playtime":858,"items_purged":["Doubt"],"score":291,"play_id":"4d68e322-cb31-48aa-be7f-18c3ff97de67","local_time":"20190113192728","is_ascension_mode":true,"campfire_choices":[{"data":"Streamline","floor":6,"key":"SMITH"},{"data":"Defragment","floor":8,"key":"SMITH"},{"data":"White Noise","floor":10,"key":"SMITH"},{"floor":15,"key":"REST"}],"neow_cost":"NONE","seed_source_timestamp":270115356669000,"circlet_count":0,"master_deck":["AscendersBane","Strike_B","Defend_B","Defend_B","Defend_B","Defend_B","Zap+1","Dualcast","Reprogram","Streamline+1","Defragment+1","White Noise+1","Tempest","Leap","Loop","Hologram","All For One","Consume+1","Auto Shields+1","Consume+1","Fusion","Capacitor"],"relics":["Cracked Core","Membership Card","Orichalcum","Astrolabe"],"potions_floor_usage":[7,7,18,20],"damage_taken":[{"damage":4,"enemies":"Small Slimes","floor":1,"turns":4},{"damage":2,"enemies":"2 Louse","floor":3,"turns":3},{"damage":1,"enemies":"Cultist","floor":5,"turns":4},{"damage":33,"enemies":"Exordium Thugs","floor":7,"turns":4},{"damage":6,"enemies":"2 Fungi Beasts","floor":13,"turns":2},{"damage":6,"enemies":"Looter","floor":14,"turns":2},{"damage":18,"enemies":"Hexaghost","floor":16,"turns":7},{"damage":22,"enemies":"2 Thieves","floor":18,"turns":4},{"damage":7,"enemies":"Chosen","floor":19,"turns":4},{"damage":44,"enemies":"Snecko","floor":20,"turns":5}],"seed_played":"-4111600915975487476","potions_obtained":[{"floor":1,"key":"Swift Potion"},{"floor":3,"key":"Weak Potion"},{"floor":16,"key":"Swift Potion"},{"floor":19,"key":"Dexterity Potion"}],"is_trial":false,"path_per_floor":["M","?","M","$","M","R","M","R","T","R","$","?","M","M","R","B",null,"M","M","M"],"character_chosen":"DEFECT","items_purchased":["Membership Card","Defragment","Leap"],"campfire_rested":1,"item_purchase_floors":[4,4,11],"current_hp_per_floor":[67,67,65,65,64,64,31,31,31,31,31,31,25,19,42,24,65,43,36,0],"gold":103,"neow_bonus":"TEN_PERCENT_HP_BONUS","is_prod":false,"is_daily":false,"chose_seed":false,"campfire_upgraded":3,"win_rate":0,"timestamp":1547436448,"path_taken":["M","?","M","$","M","R","M","R","T","R","$","?","M","M","R","BOSS","M","M","M"],"build_version":"2019-01-10","purchased_purges":1,"victory":false,"max_hp_per_floor":[78,78,78,78,78,78,78,78,78,78,78,78,78,78,78,78,78,78,78,78],"card_choices":[{"not_picked":["Redo","Recycle"],"picked":"Reprogram","floor":1},{"not_picked":["Stack","Melter"],"picked":"Streamline","floor":3},{"not_picked":["Redo","Doom and Gloom"],"picked":"White Noise","floor":5},{"not_picked":["Ball Lightning","Reinforced Body"],"picked":"Tempest","floor":7},{"not_picked":["Genetic Algorithm","Undo"],"picked":"Loop","floor":13},{"not_picked":["Reprogram","Rebound"],"picked":"Hologram","floor":14},{"not_picked":["Core Surge","Hyperbeam"],"picked":"All For One","floor":16},{"not_picked":["Stack","Sunder"],"picked":"Fusion","floor":18},{"not_picked":["Compile Driver","Static Discharge"],"picked":"Capacitor","floor":19}],"player_experience":464149,"relics_obtained":[{"floor":9,"key":"Orichalcum"}],"event_choices":[{"damage_healed":0,"gold_gain":150,"player_choice":"AGREE","damage_taken":0,"max_hp_gain":0,"max_hp_loss":0,"event_name":"Liars Game","floor":2,"gold_loss":0,"cards_obtained":["Doubt"]},{"damage_healed":0,"gold_gain":0,"player_choice":"Grow","damage_taken":0,"max_hp_gain":0,"max_hp_loss":0,"event_name":"Living Wall","floor":12,"gold_loss":0,"cards_upgraded":["Zap"]}],"is_beta":false,"boss_relics":[{"not_picked":["Orrery","Calling Bell"],"picked":"Astrolabe"}],"items_purged_floors":[4],"is_endless":false,"potions_floor_spawned":[1,3,16,19],"killed_by":"Snecko","ascension_level":15}