{"path_per_floor":["M","M","T","M","M","R","E","R","T","E","M","E","?","$","R","B",null,"M","M","$","?","$","E","R","E","T","R","E","$","?","E","R","B",null,"M","M","M","$","M","E","R","M","T","?","R","?","E","M","R","B"],"character_chosen":"THE_SILENT","items_purchased":["Strawberry","Infinite Blades","Backstab","Choke"],"gold_per_floor":[112,132,132,142,153,153,183,183,183,208,218,245,245,19,19,96,96,114,127,127,127,87,119,119,152,152,152,177,1,1,26,26,97,97,117,128,144,67,80,108,108,122,122,169,169,169,198,210,210,210],"floor_reached":51,"campfire_rested":3,"playtime":3300,"current_hp_per_floor":[57,57,57,57,58,58,31,31,41,20,20,19,19,26,50,43,73,73,73,73,73,73,50,50,44,44,44,44,44,44,41,65,43,73,73,73,73,73,73,55,55,54,54,54,54,71,67,54,78,60],"items_purged":["Normality","Decay"],"gold":210,"score":1408,"play_id":"ff30da26-77cc-4728-af08-c8048d878831","local_time":"20180426231937","is_prod":false,"is_daily":false,"chose_seed":false,"is_ascension_mode":true,"campfire_upgraded":5,"timestamp":1524777577,"path_taken":["M","M","?","M","M","R","E","R","T","E","M","E","?","$","R","BOSS","M","M","?","?","$","E","R","E","T","R","E","$","?","E","R","BOSS","M","?","M","?","M","E","R","M","T","?","R","?","E","?","R","BOSS"],"build_version":"2018-04-19","seed_source_timestamp":311629657996087,"purchased_purges":2,"victory":true,"master_deck":["Defend_G","Defend_G","Defend_G","Defend_G","Defend_G","Strike_G+1","Strike_G","Strike_G","Strike_G","Survivor","Neutralize+1","AscendersBane","Poisoned Stab","Quick Slash","Masterful Stab","Flying Knee+1","Sucker Punch","Cloak And Dagger+1","After Image+1","Slice","After Image+1","Burst","Cloak And Dagger+1","Noxious Fumes","Infinite Blades","PiercingWail","Riddle With Holes+1","Backstab+1","Footwork","Phantasmal Killer","Backflip+1","Heel Hook+1","Sucker Punch+1","Choke+1","Crippling Poison+1","Quick Slash+1","Writhe","Flying Knee+1","Sucker Punch+1"],"max_hp_per_floor":[66,66,66,66,66,66,66,66,76,76,76,76,76,83,83,83,83,83,83,83,83,83,83,83,83,83,83,83,83,83,83,83,83,83,83,83,83,83,83,83,83,83,83,83,83,83,83,83,83,83],"relics":["Ring of the Snake","Vajra","Lantern","Pear","Shovel","Shuriken","Tough Bandages","Strawberry","Cursed Key","Ninja Scroll","Molten Egg 2","Whetstone","Blue Candle","Sozu","Pen Nib","Unceasing Top","Snake Skull","Bag of Marbles"],"card_choices":[{"not_picked":["Deflect","Calculated Gamble"],"picked":"Poisoned Stab","floor":0},{"not_picked":["Eviscerate","Dodge and Roll"],"picked":"Quick Slash","floor":1},{"not_picked":["Deflect","Endless Agony"],"picked":"Masterful Stab","floor":2},{"not_picked":["Terror","Quick Slash"],"picked":"Flying Knee","floor":4},{"not_picked":["Underhanded Strike","Poisoned Stab"],"picked":"Sucker Punch","floor":5},{"not_picked":["Bane","Calculated Gamble"],"picked":"Cloak And Dagger","floor":7},{"not_picked":["A Thousand Cuts","Deflect"],"picked":"After Image","floor":10},{"not_picked":["Cloak And Dagger","Flechettes"],"picked":"Slice","floor":11},{"not_picked":["Poisoned Stab","Footwork"],"picked":"After Image","floor":12},{"not_picked":["Envenom","Grand Finale"],"picked":"Burst","floor":16},{"not_picked":["Noxious Fumes","Escape Plan"],"picked":"Cloak And Dagger","floor":18},{"not_picked":["Leg Sweep","Caltrops"],"picked":"Noxious Fumes","floor":19},{"not_picked":["Sucker Punch","Bane"],"picked":"PiercingWail","floor":23},{"not_picked":["Slice","Setup"],"picked":"Riddle With Holes","floor":25},{"not_picked":["Crippling Poison","Catalyst"],"picked":"Footwork","floor":31},{"not_picked":["Night Terror","Die Die Die"],"picked":"Phantasmal Killer","floor":33},{"not_picked":["Endless Agony","Prepared"],"picked":"Backflip","floor":35},{"not_picked":["Flying Knee","Slice"],"picked":"Heel Hook","floor":36},{"not_picked":["Dagger Throw","Deadly Poison"],"picked":"Sucker Punch","floor":37},{"not_picked":["Quick Slash","All Out Attack"],"picked":"Crippling Poison","floor":40},{"not_picked":["Accuracy","Escape Plan"],"picked":"Quick Slash","floor":42},{"not_picked":["Dagger Throw","Expertise"],"picked":"Flying Knee","floor":47},{"not_picked":["Outmaneuver","Bane"],"picked":"Sucker Punch","floor":48}],"player_experience":460268,"potions_floor_usage":[5,19,23,31,33,33],"damage_taken":[{"damage":2,"enemies":"Cultist","floor":1,"turns":4},{"damage":0,"enemies":"2 Louse","floor":2,"turns":2},{"damage":0,"enemies":"Jaw Worm","floor":4,"turns":4},{"damage":11,"enemies":"Lots of Slimes","floor":5,"turns":5},{"damage":27,"enemies":"3 Sentries","floor":7,"turns":11},{"damage":21,"enemies":"Gremlin Nob","floor":10,"turns":4},{"damage":0,"enemies":"3 Louse","floor":11,"turns":3},{"damage":1,"enemies":"3 Sentries","floor":12,"turns":8},{"damage":7,"enemies":"The Guardian","floor":16,"turns":12},{"damage":0,"enemies":"3 Byrds","floor":18,"turns":5},{"damage":0,"enemies":"Spheric Guardian","floor":19,"turns":3},{"damage":23,"enemies":"Gremlin Leader","floor":23,"turns":8},{"damage":6,"enemies":"Book of Stabbing","floor":25,"turns":5},{"damage":0,"enemies":"Slavers","floor":28,"turns":5},{"damage":3,"enemies":"Gremlin Leader","floor":31,"turns":5},{"damage":22,"enemies":"Collector","floor":33,"turns":9},{"damage":0,"enemies":"3 Shapes","floor":35,"turns":3},{"damage":0,"enemies":"3 Darklings","floor":36,"turns":4},{"damage":0,"enemies":"Maw","floor":37,"turns":6},{"damage":0,"enemies":"Sphere and 2 Shapes","floor":39,"turns":4},{"damage":18,"enemies":"Nemesis","floor":40,"turns":6},{"damage":1,"enemies":"4 Shapes","floor":42,"turns":4},{"damage":0,"enemies":"Mysterious Sphere","floor":44,"turns":6},{"damage":4,"enemies":"Giant Head","floor":47,"turns":6},{"damage":13,"enemies":"Maw","floor":48,"turns":5},{"damage":18,"enemies":"Donu and Deca","floor":50,"turns":7}],"event_choices":[{"event_name":"Accursed Blacksmith","player_choice":"Rummage","floor":13,"damage_taken":0},{"event_name":"Wheel of Change","player_choice":"Curse","floor":21,"damage_taken":0},{"event_name":"Purifier","player_choice":"One Purge","floor":30,"damage_taken":0},{"event_name":"Mysterious Sphere","player_choice":"Fight","floor":44,"damage_taken":0},{"event_name":"Winding Halls","player_choice":"Writhe","floor":46,"damage_taken":0}],"boss_relics":[{"not_picked":["Black Star","Eternal Feather"],"picked":"Cursed Key"},{"not_picked":["Astrolabe","Runic Dome"],"picked":"Sozu"}],"potions_floor_spawned":[2,7,11,16,23,25,33,35,39,40,44],"seed_played":"8598468652402489211","ascension_level":15,"is_trial":false}