{"gold_per_floor":[116,128,146,96,116,116,143,143,168,200,200,200,212,60,60,162,162,177,4,19,38,38,67,67,67,93,93,192,172,186,203,203,306,306,316,316,191,204,33,33,33,53,53,67,83,0,0,13,13,13],"floor_reached":51,"playtime":2169,"items_purged":["Strike_B","Strike_B","Strike_B"],"score":708,"play_id":"521e8631-428e-4bb3-877d-3092b6c641e0","local_time":"20181030230302","is_ascension_mode":true,"campfire_choices":[{"data":"Storm","floor":6,"key":"SMITH"},{"floor":8,"key":"REST"},{"data":"Defragment","floor":15,"key":"SMITH"},{"data":"Defragment","floor":24,"key":"SMITH"},{"data":"Seek","floor":27,"key":"SMITH"},{"data":"Buffer","floor":32,"key":"SMITH"},{"floor":41,"key":"REST"},{"floor":49,"key":"REST"}],"neow_cost":"PERCENT_DAMAGE","seed_source_timestamp":1771901260143269,"circlet_count":0,"master_deck":["Defend_B","Defend_B","Defend_B","Zap","Dualcast","Seek","Glacier","Ball Lightning","Storm","Storm+1","Defragment+1","Loop","Defragment+1","Seek+1","Melter+1","Force Field","Tempest","Hologram+1","Buffer+1","Thunder Strike","Defragment","Storm","Dark Shackles","Heatsinks","Madness","Madness","Amplify"],"relics":["Cracked Core","PreservedInsect","Bronze Scales","Omamori","Letter Opener","Nuclear Battery","Happy Flower","Orichalcum","Fusion Hammer","Frozen Egg 2","Red Mask"],"potions_floor_usage":[16,33,50,50,50],"damage_taken":[{"damage":1,"enemies":"Cultist","floor":1,"turns":3},{"damage":0,"enemies":"2 Louse","floor":2,"turns":4},{"damage":3,"enemies":"Small Slimes","floor":3,"turns":2},{"damage":1,"enemies":"Looter","floor":5,"turns":4},{"damage":31,"enemies":"Gremlin Nob","floor":7,"turns":6},{"damage":13,"enemies":"Lagavulin","floor":10,"turns":4},{"damage":5,"enemies":"Large Slime","floor":13,"turns":6},{"damage":13,"enemies":"Hexaghost","floor":16,"turns":6},{"damage":0,"enemies":"3 Byrds","floor":18,"turns":3},{"damage":7,"enemies":"2 Thieves","floor":20,"turns":3},{"damage":7,"enemies":"Centurion and Healer","floor":21,"turns":4},{"damage":29,"enemies":"Gremlin Leader","floor":23,"turns":5},{"damage":1,"enemies":"3 Cultists","floor":30,"turns":3},{"damage":7,"enemies":"Snake Plant","floor":31,"turns":3},{"damage":14,"enemies":"Automaton","floor":33,"turns":9},{"damage":0,"enemies":"Orb Walker","floor":35,"turns":2},{"damage":0,"enemies":"3 Darklings","floor":38,"turns":2},{"damage":0,"enemies":"Transient","floor":42,"turns":5},{"damage":0,"enemies":"4 Shapes","floor":44,"turns":2},{"damage":14,"enemies":"Spire Growth","floor":45,"turns":3},{"damage":0,"enemies":"Transient","floor":48,"turns":5},{"damage":49,"enemies":"Awakened One","floor":50,"turns":8}],"seed_played":"-7030719188990156402","potions_obtained":[{"floor":2,"key":"GamblersBrew"},{"floor":3,"key":"Ancient Potion"},{"floor":5,"key":"GamblersBrew"},{"floor":16,"key":"SpeedPotion"},{"floor":33,"key":"SpeedPotion"},{"floor":44,"key":"AttackPotion"}],"is_trial":false,"path_per_floor":["M","M","M","?","M","R","E","R","T","E","?","T","M","$","R","B",null,"M","$","M","M","$","E","R","$","T","R","?","?","M","M","R","B",null,"M","?","$","M","$","?","R","M","T","M","M","?","?","M","R","B"],"character_chosen":"DEFECT","items_purchased":["Defragment","Force Field","Storm","Dark Shackles"],"campfire_rested":3,"item_purchase_floors":[14,19,39,39],"current_hp_per_floor":[53,53,50,50,49,49,18,40,40,27,27,27,22,22,22,9,75,75,75,68,61,61,32,32,32,32,32,32,32,31,24,24,10,75,75,75,75,75,75,75,75,75,75,75,61,61,52,52,74,25],"gold":13,"neow_bonus":"THREE_RARE_CARDS","is_prod":false,"is_daily":false,"chose_seed":false,"campfire_upgraded":5,"win_rate":0,"timestamp":1540954982,"path_taken":["M","M","?","?","M","R","E","R","T","E","?","?","M","$","R","BOSS","M","?","M","M","?","E","R","$","T","R","?","?","?","M","R","BOSS","M","?","$","M","$","?","R","M","T","M","M","?","?","?","R","BOSS"],"build_version":"2018-10-29v2","purchased_purges":3,"victory":true,"max_hp_per_floor":[75,75,75,75,75,75,75,75,75,75,75,75,75,75,75,75,75,75,75,75,75,75,75,75,75,75,75,75,75,75,75,75,75,75,75,75,75,75,75,75,75,75,75,75,75,75,75,75,75,75],"card_choices":[{"not_picked":["Machine Learning","Buffer"],"picked":"Seek","floor":0},{"not_picked":["Leap","Ball Lightning"],"picked":"Glacier","floor":1},{"not_picked":["Lockon","Auto Shields"],"picked":"Ball Lightning","floor":2},{"not_picked":["Conserve Battery","Leap"],"picked":"Storm","floor":3},{"not_picked":["Leap","Fission"],"picked":"Storm","floor":5},{"not_picked":["Hologram","Double Energy"],"picked":"Defragment","floor":7},{"not_picked":["Beam Cell","Stack","Turbo"],"picked":"SKIP","floor":10},{"not_picked":["Coolheaded","Fusion"],"picked":"Loop","floor":13},{"not_picked":["Reboot","All For One"],"picked":"Seek","floor":16},{"not_picked":["Reinforced Body","Stack"],"picked":"Melter+1","floor":18},{"not_picked":["Hello World+1","Leap","Coolheaded"],"picked":"SKIP","floor":20},{"not_picked":["Stack","FTL","Turbo"],"picked":"SKIP","floor":21},{"not_picked":["Compile Driver","Undo"],"picked":"Tempest","floor":23},{"not_picked":["Streamline","Beam Cell"],"picked":"Hologram+1","floor":30},{"not_picked":["Ball Lightning","Hologram"],"picked":"Buffer","floor":31},{"not_picked":["Seek","Echo Form"],"picked":"Thunder Strike","floor":33},{"not_picked":["Hologram","Beam Cell","Cold Snap"],"picked":"SKIP","floor":35},{"not_picked":["Turbo","Conserve Battery+1"],"picked":"Defragment","floor":38},{"not_picked":["Barrage+1","Cold Snap"],"picked":"Heatsinks","floor":42},{"not_picked":["BootSequence+1","Reprogram","Ball Lightning+1"],"picked":"SKIP","floor":44},{"not_picked":["Hologram+1","Sunder","Consume+1"],"picked":"SKIP","floor":45},{"not_picked":["Streamline","Redo+1"],"picked":"Amplify","floor":48}],"player_experience":318465,"relics_obtained":[{"floor":7,"key":"PreservedInsect"},{"floor":9,"key":"Bronze Scales"},{"floor":10,"key":"Omamori"},{"floor":12,"key":"Letter Opener"},{"floor":23,"key":"Happy Flower"},{"floor":26,"key":"Orichalcum"},{"floor":43,"key":"Frozen Egg 2"}],"event_choices":[{"cards_removed":["Strike_B"],"damage_healed":0,"gold_gain":0,"player_choice":"Card Removal","damage_taken":0,"max_hp_gain":0,"max_hp_loss":0,"event_name":"The Cleric","floor":4,"gold_loss":50},{"damage_healed":0,"gold_gain":30,"player_choice":"Searched \u00272\u0027 times","damage_taken":0,"max_hp_gain":0,"max_hp_loss":0,"event_name":"Dead Adventurer","floor":11,"gold_loss":0},{"damage_healed":0,"gold_gain":99,"player_choice":"Stole From Cult","damage_taken":0,"max_hp_gain":0,"max_hp_loss":0,"event_name":"Nest","floor":28,"gold_loss":0},{"damage_healed":0,"gold_gain":0,"player_choice":"Bought 1 Potion","damage_taken":0,"max_hp_gain":0,"max_hp_loss":0,"event_name":"The Woman in Blue","floor":29,"gold_loss":0},{"damage_healed":0,"gold_gain":0,"player_choice":"Ignored","damage_taken":0,"max_hp_gain":0,"max_hp_loss":0,"event_name":"Mysterious Sphere","floor":36,"gold_loss":0},{"cards_removed":["Defend_B"],"damage_healed":0,"gold_gain":0,"player_choice":"Removed Skill","damage_taken":0,"max_hp_gain":0,"max_hp_loss":0,"event_name":"Falling","floor":40,"gold_loss":0},{"damage_healed":0,"gold_gain":0,"player_choice":"Paid","damage_taken":0,"relics_obtained":["Red Mask"],"max_hp_gain":0,"max_hp_loss":0,"event_name":"Tomb of Lord Red Mask","floor":46,"gold_loss":83},{"damage_healed":0,"gold_gain":0,"player_choice":"Embrace Madness","damage_taken":9,"max_hp_gain":0,"max_hp_loss":0,"event_name":"Winding Halls","floor":47,"gold_loss":0,"cards_obtained":["Madness","Madness"]}],"is_beta":true,"boss_relics":[{"not_picked":["Snecko Eye","Ectoplasm"],"picked":"Nuclear Battery"},{"not_picked":["Tiny House","Black Star"],"picked":"Fusion Hammer"}],"items_purged_floors":[14,19,37],"is_endless":false,"potions_floor_spawned":[2,3,5,16,18,23,31,33,35,44],"ascension_level":1}