{"path_per_floor":["M","M","?","M","M","R","?","$","T","?","M","M","M","T","R","B",null,"M","?","?","M","?","R","M","R","T","M","R","$","M","M","R","B",null,"M","?","M","?","M","R","$","R","T","M","R","M","R","M","R"],"character_chosen":"IRONCLAD","items_purchased":["Shrug It Off","Block Potion","Shockwave","Strength Potion","Thinking Ahead"],"gold_per_floor":[110,122,122,139,158,158,158,83,129,229,249,259,273,322,322,425,425,435,435,435,450,350,350,369,369,369,384,384,238,257,269,269,367,367,377,377,387,687,699,699,236,236,305,315,315,334,334,353,353],"floor_reached":50,"campfire_rested":5,"playtime":4103,"current_hp_per_floor":[80,80,80,80,80,80,80,80,80,80,80,80,71,71,71,27,80,63,63,63,57,57,57,53,53,53,59,59,59,51,37,61,32,80,66,66,34,34,10,34,34,58,58,48,48,24,49,20,45],"items_purged":["Defend_R","Defend_R","Strike_R"],"gold":353,"score":463,"play_id":"108dab9d-fdb2-4c00-af3a-e2a52cfa4abc","local_time":"20180318194547","is_prod":false,"is_daily":false,"is_ascension_mode":false,"campfire_upgraded":6,"timestamp":1521369947,"path_taken":["M","M","?","M","M","R","?","$","T","?","M","M","M","?","R","BOSS","M","?","?","?","?","R","M","R","T","?","R","$","?","M","R","BOSS","M","?","M","?","M","R","$","R","T","M","R","M","R","M","R","BOSS"],"build_version":"2018-03-15v3","purchased_purges":3,"victory":false,"master_deck":["Strike_R+1","Strike_R+1","Strike_R+1","Strike_R+1","Defend_R+1","Defend_R+1","Bash+1","Heavy Blade+1","Seeing Red","Clash","Headbutt","Battle Trance","Infernal Blade","Flex+1","Double Tap+1","Pommel Strike","Flex+1","J.A.X.","Inflame+1","Shrug It Off","Inflame+1","Feed","Pommel Strike+1","True Grit+1","Shockwave+1","Thinking Ahead","Dropkick+1","Disarm+1"],"max_hp_per_floor":[80,80,80,80,80,80,80,80,80,80,80,80,80,80,80,80,80,80,80,80,80,80,80,80,80,80,80,80,80,80,80,80,80,80,83,83,83,83,83,83,83,83,83,86,86,86,86,86,86],"relics":["Burning Blood"],"card_choices":[{"not_picked":["Wild Strike","Flame Barrier"],"picked":"Heavy Blade"},{"not_picked":["Intimidate","Sword Boomerang"],"picked":"Seeing Red"},{"not_picked":["Anger","Uppercut"],"picked":"Clash"},{"not_picked":["Fire Breathing","Blood for Blood"],"picked":"Headbutt"},{"not_picked":["Barricade","Havoc"],"picked":"Battle Trance"},{"not_picked":["Rupture","Dropkick"],"picked":"Infernal Blade"},{"not_picked":["Reckless Charge","Intimidate"],"picked":"Flex"},{"not_picked":["Impervious","Brutality"],"picked":"Double Tap"},{"not_picked":["Clothesline","Bloodletting"],"picked":"Pommel Strike"},{"not_picked":["Armaments","Spot Weakness"],"picked":"Flex"},{"not_picked":["Feel No Pain","Rampage"],"picked":"Inflame"},{"not_picked":["Clash","Rage"],"picked":"Inflame"},{"not_picked":["Barricade","Fiend Fire"],"picked":"Feed"},{"not_picked":["Hemokinesis","Infernal Blade"],"picked":"Pommel Strike"},{"not_picked":["Thunderclap","Headbutt"],"picked":"True Grit"},{"not_picked":["Body Slam","Reckless Charge"],"picked":"Dropkick"},{"not_picked":["Bloodletting","Warcry"],"picked":"Disarm"}],"player_experience":318834,"potions_floor_usage":[16,21,30,30,33,39,39,44,50,50,50],"damage_taken":[{"damage":4,"enemies":"Small Slimes","floor":1,"turns":4},{"damage":5,"enemies":"2 Louse","floor":2,"turns":3},{"damage":6,"enemies":"Cultist","floor":4,"turns":3},{"damage":3,"enemies":"Red Slaver","floor":5,"turns":4},{"damage":0,"enemies":"2 Fungi Beasts","floor":11,"turns":2},{"damage":6,"enemies":"Lots of Slimes","floor":12,"turns":4},{"damage":15,"enemies":"Looter","floor":13,"turns":3},{"damage":50,"enemies":"Hexaghost","floor":16,"turns":5},{"damage":23,"enemies":"3 Byrds","floor":18,"turns":5},{"damage":12,"enemies":"2 Thieves","floor":21,"turns":3},{"damage":10,"enemies":"Chosen and Byrds","floor":24,"turns":4},{"damage":0,"enemies":"Snecko","floor":27,"turns":3},{"damage":21,"enemies":"Snake Plant","floor":30,"turns":2},{"damage":20,"enemies":"Chosen and Byrds","floor":31,"turns":5},{"damage":35,"enemies":"Champ","floor":33,"turns":5},{"damage":23,"enemies":"3 Shapes","floor":35,"turns":4},{"damage":38,"enemies":"Orb Walker","floor":37,"turns":4},{"damage":30,"enemies":"Maw","floor":39,"turns":7},{"damage":19,"enemies":"Sphere and 2 Shapes","floor":44,"turns":5},{"damage":30,"enemies":"3 Darklings","floor":46,"turns":5},{"damage":35,"enemies":"4 Shapes","floor":48,"turns":6},{"damage":55,"enemies":"Donu and Deca","floor":50,"turns":3}],"event_choices":[{"event_name":"Golden Idol","player_choice":"Ignored","floor":3,"damage_taken":0},{"event_name":"Match and Keep!","player_choice":"0 cards matched","floor":7,"damage_taken":0},{"event_name":"Golden Shrine","player_choice":"Pray","floor":10,"damage_taken":0},{"event_name":"Addict","player_choice":"Ignored","floor":19,"damage_taken":0},{"event_name":"Back to Basics","player_choice":"Simplicity","floor":20,"damage_taken":0},{"event_name":"Drug Dealer","player_choice":"Got JAXXED","floor":22,"damage_taken":0},{"event_name":"Tomb of Lord Red Mask","player_choice":"Ignored","floor":36,"damage_taken":0},{"event_name":"Wheel of Change","player_choice":"Gold","floor":38,"damage_taken":0}],"boss_relics":[{"not_picked":["Question Card","Velvet Choker","Calling Bell"]},{"not_picked":["Sozu","Eternal Feather","Runic Dome"]}],"potions_floor_spawned":[2,4,11,13,18,27,31,37,39,48],"seed_played":"6044857548589739517","killed_by":"Donu and Deca","ascension_level":0,"is_trial":false}