{"gold_per_floor":[115,115,36,36,36,36,65,65,65,65,96,108,130,156,156,227,227,239,239,164,6,106,106],"floor_reached":23,"playtime":654,"items_purged":[],"score":477,"play_id":"592320c3-6858-400d-9057-1f4e050bcbab","local_time":"20190118205951","is_ascension_mode":true,"campfire_choices":[{"data":"Loop","floor":6,"key":"SMITH"},{"data":"Static Discharge","floor":8,"key":"SMITH"},{"data":"Zap","floor":10,"key":"SMITH"},{"data":"Leap","floor":15,"key":"SMITH"}],"neow_cost":"NONE","seed_source_timestamp":707862135916600,"circlet_count":0,"master_deck":["AscendersBane","Strike_B","Strike_B","Strike_B","Defend_B","Defend_B","Defend_B","Defend_B","Zap+1","Dualcast","Loop+1","Static Discharge+1","Ball Lightning+1","Go for the Eyes+1","Streamline+1","Leap+1","Doom and Gloom+1","Creative AI","Sunder+1","Go for the Eyes+1"],"relics":["Cracked Core","NeowsBlessing","Mummified Hand","Molten Egg 2","Meat on the Bone","WingedGreaves","Odd Mushroom","Sundial","Inserter","PreservedInsect","Ginger","Darkstone Periapt"],"potions_floor_usage":[16,22],"damage_taken":[{"damage":0,"enemies":"Small Slimes","floor":1,"turns":1},{"damage":0,"enemies":"Lagavulin","floor":7,"turns":2},{"damage":0,"enemies":"Gremlin Nob","floor":11,"turns":1},{"damage":0,"enemies":"Cultist","floor":12,"turns":3},{"damage":11,"enemies":"The Mushroom Lair","floor":13,"turns":4},{"damage":30,"enemies":"Lagavulin","floor":14,"turns":5},{"damage":9,"enemies":"Hexaghost","floor":16,"turns":7},{"damage":9,"enemies":"Chosen","floor":18,"turns":3},{"damage":32,"enemies":"Colosseum Slavers","floor":22,"turns":3},{"damage":18,"enemies":"Colosseum Nobs","floor":22,"turns":4},{"damage":32,"enemies":"Slavers","floor":23,"turns":3}],"seed_played":"7869542823940031850","potions_obtained":[{"floor":1,"key":"Explosive Potion"},{"floor":7,"key":"Dexterity Potion"},{"floor":16,"key":"Block Potion"}],"is_trial":false,"path_per_floor":["M","?","$","?","$","R","E","R","T","R","E","M","?","E","R","B",null,"M","?","?","$","?","E"],"character_chosen":"DEFECT","items_purchased":["Static Discharge","PreservedInsect"],"campfire_rested":0,"item_purchase_floors":[3,21],"current_hp_per_floor":[64,64,64,64,64,64,64,64,64,64,64,64,53,35,35,38,63,54,54,54,54,28,0],"gold":106,"neow_bonus":"THREE_ENEMY_KILL","is_prod":false,"is_daily":false,"chose_seed":false,"campfire_upgraded":4,"win_rate":0,"timestamp":1547873991,"path_taken":["M","?","$","?","$","R","E","R","T","R","E","M","?","E","R","BOSS","M","?","?","$","?","E"],"build_version":"2019-01-17v2","purchased_purges":0,"victory":false,"max_hp_per_floor":[71,71,71,71,71,71,71,71,71,71,71,71,71,71,71,71,71,71,71,71,71,71,71],"card_choices":[{"not_picked":["Barrage","Leap"],"picked":"Loop","floor":1},{"not_picked":["Coolheaded","Conserve Battery"],"picked":"Ball Lightning","floor":7},{"not_picked":["Fusion","Tempest"],"picked":"Go for the Eyes+1","floor":11},{"not_picked":["Consume","Genetic Algorithm"],"picked":"Streamline+1","floor":12},{"not_picked":["Barrage+1","Undo"],"picked":"Leap","floor":13},{"not_picked":["Fusion","Cold Snap+1"],"picked":"Doom and Gloom+1","floor":14},{"not_picked":["Amplify","Fission"],"picked":"Creative AI","floor":16},{"not_picked":["Blizzard+1","Hologram"],"picked":"Sunder+1","floor":18},{"not_picked":["Coolheaded","Steam"],"picked":"Go for the Eyes+1","floor":22}],"player_experience":536110,"relics_obtained":[{"floor":7,"key":"Molten Egg 2"},{"floor":9,"key":"Meat on the Bone"},{"floor":11,"key":"WingedGreaves"},{"floor":13,"key":"Odd Mushroom"},{"floor":14,"key":"Sundial"},{"floor":22,"key":"Ginger"},{"floor":22,"key":"Darkstone Periapt"}],"event_choices":[{"damage_healed":0,"gold_gain":0,"player_choice":"Gave Potion","damage_taken":0,"relics_obtained":["Mummified Hand"],"max_hp_gain":0,"max_hp_loss":0,"event_name":"WeMeetAgain","floor":2,"gold_loss":0},{"damage_healed":0,"gold_gain":0,"player_choice":"Ignored","damage_taken":0,"max_hp_gain":0,"max_hp_loss":0,"event_name":"Liars Game","floor":4,"gold_loss":0},{"damage_healed":0,"gold_gain":0,"player_choice":"Fought Mushrooms","damage_taken":0,"max_hp_gain":0,"max_hp_loss":0,"event_name":"Mushrooms","floor":13,"gold_loss":0},{"damage_healed":0,"gold_gain":0,"player_choice":"Ignored","damage_taken":0,"max_hp_gain":0,"max_hp_loss":0,"event_name":"Ghosts","floor":19,"gold_loss":0},{"cards_removed":["Strike_B"],"damage_healed":0,"gold_gain":0,"player_choice":"Gave Gold","damage_taken":0,"max_hp_gain":0,"max_hp_loss":0,"event_name":"Beggar","floor":20,"gold_loss":75},{"damage_healed":0,"gold_gain":0,"player_choice":"Fight","damage_taken":0,"max_hp_gain":0,"max_hp_loss":0,"event_name":"Colosseum","floor":22,"gold_loss":0},{"damage_healed":0,"gold_gain":0,"player_choice":"Fought Nobs","damage_taken":0,"max_hp_gain":0,"max_hp_loss":0,"event_name":"Colosseum","floor":22,"gold_loss":0}],"is_beta":false,"boss_relics":[{"not_picked":["Pandora\u0027s Box","Ectoplasm"],"picked":"Inserter"}],"items_purged_floors":[],"is_endless":false,"potions_floor_spawned":[1,7,16],"killed_by":"Slavers","ascension_level":18}