{"gold_per_floor":[116,116,134,134,134,134,36,36,36,36,69,69,105,56,56,180,180,203,59,83,108,83,83,102,143,166,178,214,226,238,250,262,400,412,442,454],"floor_reached":36,"playtime":1988,"items_purged":["Strike_B"],"score":521,"play_id":"9ad6bf24-d739-49e8-81f1-6ef61f0e0224","local_time":"20180917120034","is_ascension_mode":true,"campfire_choices":[{"data":"Dualcast","floor":6,"key":"SMITH"},{"data":"Doom and Gloom","floor":8,"key":"SMITH"},{"data":"Conserve Battery","floor":10,"key":"SMITH"},{"data":"Self Repair","floor":12,"key":"SMITH"},{"floor":15,"key":"REST"},{"data":"Core Surge","floor":23,"key":"SMITH"},{"data":"Defend_B","floor":27,"key":"SMITH"},{"data":"Rebound","floor":29,"key":"SMITH"},{"data":"Rebound","floor":32,"key":"SMITH"}],"neow_cost":"NONE","seed_source_timestamp":235450073121641,"circlet_count":0,"master_deck":["Strike_B","Strike_B","Defend_B+1","Defend_B","Defend_B","Defend_B","Zap+1","Dualcast+1","BootSequence","Self Repair+1","Doom and Gloom+1","Conserve Battery+1","Genetic Algorithm+1","Redo+1","Hologram+1","Core Surge+1","Chill+1","Steam+1","Rebound+1","Rebound+1","Undo+1","Double Energy+1","Consume+1","Hologram+1","Redo+1","White Noise+1","Reprogram+1","Writhe","Reboot+1","White Noise+1"],"relics":["Cracked Core","Golden Idol","Strawberry","Pen Nib","Toxic Egg 2","Gremlin Horn","Orrery","Emotion Chip","MawBank","Torii","Cursed Key"],"potions_floor_usage":[24],"damage_taken":[{"damage":2,"enemies":"Jaw Worm","floor":1,"turns":3},{"damage":1,"enemies":"Cultist","floor":3,"turns":3},{"damage":20,"enemies":"Lagavulin","floor":11,"turns":5},{"damage":14,"enemies":"3 Sentries","floor":13,"turns":5},{"damage":20,"enemies":"The Guardian","floor":16,"turns":10},{"damage":2,"enemies":"Spheric Guardian","floor":18,"turns":6},{"damage":17,"enemies":"Shell Parasite","floor":20,"turns":6},{"damage":3,"enemies":"Centurion and Healer","floor":21,"turns":10},{"damage":16,"enemies":"Snake Plant","floor":24,"turns":8},{"damage":22,"enemies":"Book of Stabbing","floor":25,"turns":6},{"damage":6,"enemies":"Sentry and Sphere","floor":28,"turns":5},{"damage":30,"enemies":"Automaton","floor":33,"turns":8},{"damage":11,"enemies":"3 Darklings","floor":35,"turns":5},{"damage":81,"enemies":"Mysterious Sphere","floor":36,"turns":7}],"seed_played":"-5019048737338163135","potions_obtained":[{"floor":2,"key":"EssenceOfSteel"},{"floor":2,"key":"EntropicBrew"},{"floor":2,"key":"Weak Potion"},{"floor":16,"key":"FocusPotion"},{"floor":33,"key":"LiquidBronze"}],"is_trial":false,"path_per_floor":["M","?","M","?","?","R","$","R","T","R","E","R","E","$","R","B",null,"M","$","M","M","$","R","M","E","T","R","M","R","?","?","R","B",null,"M"],"character_chosen":"DEFECT","items_purchased":["Doom and Gloom","Conserve Battery","Hologram+1","Consume+1","Redo+1"],"campfire_rested":1,"item_purchase_floors":[7,7,14,19,22],"current_hp_per_floor":[66,66,65,65,60,60,60,60,60,60,47,47,43,43,65,55,71,69,69,62,69,69,69,63,51,51,51,62,62,62,62,62,42,68,67,0],"gold":454,"neow_bonus":"UPGRADE_CARD","is_prod":false,"is_daily":false,"chose_seed":false,"campfire_upgraded":8,"win_rate":0,"timestamp":1537200034,"path_taken":["M","?","?","?","?","R","$","R","T","R","E","R","E","$","R","BOSS","M","$","?","?","$","R","M","E","T","R","M","R","?","?","R","BOSS","M","?"],"build_version":"2018-09-06","purchased_purges":1,"victory":false,"max_hp_per_floor":[75,75,75,69,76,76,76,76,76,76,76,76,76,76,76,76,76,76,76,76,76,76,76,76,76,76,76,76,76,76,76,76,76,76,76,76],"card_choices":[{"not_picked":["Compile Driver","Force Field"],"picked":"BootSequence","floor":1},{"not_picked":["Steam Power","Sunder"],"picked":"Self Repair","floor":3},{"not_picked":["Ball Lightning","Turbo"],"picked":"Genetic Algorithm","floor":11},{"not_picked":["Sweeping Beam","Coolheaded+1"],"picked":"Redo+1","floor":13},{"not_picked":["Creative AI","Biased Cognition"],"picked":"Core Surge","floor":16},{"not_picked":["Blizzard","Steam Power+1"],"picked":"Chill+1","floor":17},{"not_picked":["Go for the Eyes","Ball Lightning"],"picked":"Steam+1","floor":17},{"not_picked":["Gash","Storm"],"picked":"Rebound","floor":17},{"not_picked":["Chill+1","Gash"],"picked":"Rebound","floor":17},{"not_picked":["Go for the Eyes","Ball Lightning"],"picked":"Undo+1","floor":17},{"not_picked":["Electrodynamics","Stack+1"],"picked":"Double Energy+1","floor":18},{"not_picked":["BootSequence+1","Turbo+1","Coolheaded+1"],"picked":"SKIP","floor":20},{"not_picked":["Chaos+1","Compile Driver"],"picked":"Hologram+1","floor":21},{"not_picked":["FTL","Static Discharge","Cold Snap"],"picked":"SKIP","floor":24},{"not_picked":["Creative AI","Beam Cell+1"],"picked":"White Noise+1","floor":25},{"not_picked":["Heatsinks+1","Chill+1"],"picked":"Reprogram+1","floor":28},{"not_picked":["Amplify+1","Core Surge"],"picked":"Reboot+1","floor":33},{"not_picked":["Hologram+1","Leap+1"],"picked":"White Noise+1","floor":35}],"player_experience":200990,"relics_obtained":[{"floor":9,"key":"Pen Nib"},{"floor":11,"key":"Toxic Egg 2"},{"floor":13,"key":"Gremlin Horn"},{"floor":25,"key":"Emotion Chip"},{"floor":26,"key":"MawBank"}],"event_choices":[{"event_name":"The Lab","player_choice":"Got Potions","floor":2,"damage_taken":0},{"event_name":"Golden Idol","player_choice":"Lose Max HP","floor":4,"damage_taken":0},{"event_name":"Scrap Ooze","player_choice":"success","floor":5,"damage_taken":12},{"event_name":"Purifier","player_choice":"One Purge","floor":30,"damage_taken":0},{"event_name":"The Mausoleum","player_choice":"Yes","floor":31,"damage_taken":0},{"event_name":"Mysterious Sphere","player_choice":"Fight","floor":36,"damage_taken":0}],"is_beta":false,"boss_relics":[{"not_picked":["Ectoplasm","Calling Bell"],"picked":"Orrery"},{"not_picked":["Runic Dome","Nuclear Battery"],"picked":"Cursed Key"}],"items_purged_floors":[19],"is_endless":false,"potions_floor_spawned":[3,13,16,18,21,33],"killed_by":"Mysterious Sphere","ascension_level":7}