{"gold_per_floor":[115,115,115,130,45,72,72,104,104,104,104,104,123,140,140,211,211,226,226],"floor_reached":19,"playtime":422,"items_purged":[],"score":390,"play_id":"a83602cf-e5af-479e-9b8c-67650bd6ead8","local_time":"20190113153743","is_ascension_mode":true,"campfire_choices":[{"data":"Perfected Strike","floor":7.0,"key":"SMITH"},{"data":"Bash","floor":10.0,"key":"SMITH"},{"data":"Clothesline","floor":12.0,"key":"SMITH"},{"data":"Dual Wield","floor":15.0,"key":"SMITH"}],"neow_cost":"NONE","seed_source_timestamp":97034100127514,"circlet_count":0,"master_deck":["AscendersBane","Strike_R","Strike_R","Strike_R","Defend_R","Defend_R","Defend_R","Defend_R","Bash+1","Perfected Strike+1","Cleave","Twin Strike+1","Clothesline+1","Twin Strike","Headbutt+1","Bloodletting","Dual Wield+1","Battle Trance"],"special_seed":0,"relics":["Burning Blood","NeowsBlessing","Question Card","Shuriken","Whetstone","Velvet Choker"],"potions_floor_usage":[19],"damage_taken":[{"damage":0.0,"enemies":"Small Slimes","floor":1.0,"turns":1.0},{"damage":0.0,"enemies":"2 Louse","floor":4.0,"turns":1.0},{"damage":0.0,"enemies":"Lagavulin","floor":6.0,"turns":1.0},{"damage":50.0,"enemies":"3 Sentries","floor":8.0,"turns":7.0},{"damage":2.0,"enemies":"Jaw Worm","floor":13.0,"turns":3.0},{"damage":13.0,"enemies":"Blue Slaver","floor":14.0,"turns":2.0},{"damage":28.0,"enemies":"Slime Boss","floor":16.0,"turns":7.0},{"damage":28.0,"enemies":"Spheric Guardian","floor":18.0,"turns":4.0},{"damage":43,"enemies":"Masked Bandits","floor":19,"turns":3}],"seed_played":"596410527292320105","potions_obtained":[{"floor":6.0,"key":"BloodPotion"},{"floor":8.0,"key":"Fire Potion"},{"floor":16.0,"key":"PowerPotion"}],"is_trial":false,"path_per_floor":["M","?","?","M","$","E","R","E","T","R","?","R","M","M","R","B",null,"M","?"],"character_chosen":"IRONCLAD","items_purchased":["Twin Strike","Clothesline"],"campfire_rested":0,"item_purchase_floors":[5,5],"current_hp_per_floor":[74,67,67,73,73,75,75,38,38,38,38,38,42,35,35,13,60,38,0],"gold":226,"neow_bonus":"THREE_ENEMY_KILL","is_prod":false,"is_daily":false,"chose_seed":false,"campfire_upgraded":4,"win_rate":0,"timestamp":1547361463,"path_taken":["M","?","?","M","$","E","R","E","T","R","?","R","?","M","R","BOSS","M","?"],"build_version":"2019-01-10","purchased_purges":0,"victory":false,"max_hp_per_floor":[75,75,75,75,75,75,75,75,75,75,75,75,75,75,75,75,75,75,75],"card_choices":[{"not_picked":["Iron Wave","Pummel"],"picked":"Perfected Strike","floor":1.0},{"not_picked":["Clothesline","Corruption"],"picked":"Cleave","floor":4.0},{"not_picked":["Feel No Pain","Rampage"],"picked":"Twin Strike","floor":6.0},{"not_picked":["Pommel Strike","Sever Soul","Heavy Blade"],"picked":"Headbutt","floor":8.0},{"not_picked":["Burning Pact","Pummel","Searing Blow","Rage"],"picked":"SKIP","floor":13.0},{"not_picked":["Bloodletting","Dropkick","Feel No Pain"],"picked":"Dual Wield","floor":14.0},{"not_picked":["Spot Weakness","Headbutt+1","Clothesline"],"picked":"Battle Trance","floor":18.0}],"player_experience":771741,"relics_obtained":[{"floor":6.0,"key":"Question Card"},{"floor":8.0,"key":"Shuriken"},{"floor":9.0,"key":"Whetstone"}],"event_choices":[{"cards_removed":["Strike_R"],"damage_healed":0.0,"max_hp_gain":0.0,"max_hp_loss":0.0,"gold_gain":0.0,"event_name":"Golden Wing","player_choice":"Card Removal","floor":2.0,"gold_loss":0.0,"damage_taken":7.0},{"damage_healed":0.0,"max_hp_gain":0.0,"max_hp_loss":0.0,"gold_gain":0.0,"event_name":"Liars Game","player_choice":"Ignored","floor":3.0,"gold_loss":0.0,"damage_taken":0.0},{"damage_healed":0.0,"max_hp_gain":0.0,"max_hp_loss":0.0,"gold_gain":0.0,"cards_transformed":["Strike_R"],"event_name":"Living Wall","player_choice":"Change","floor":11.0,"gold_loss":0.0,"damage_taken":0.0,"cards_obtained":["Bloodletting"]},{"damage_healed":0,"gold_gain":0,"player_choice":"Fought Bandits","damage_taken":0,"max_hp_gain":0,"max_hp_loss":0,"event_name":"Masked Bandits","floor":19,"gold_loss":0}],"is_beta":false,"boss_relics":[{"not_picked":["Runic Pyramid","Calling Bell"],"picked":"Velvet Choker"}],"items_purged_floors":[],"is_endless":false,"potions_floor_spawned":[6,8,16],"killed_by":"Masked Bandits","ascension_level":19}