{"gold_per_floor":[218,30,105,105,116,116,131,156,181,216,118,118,134,152,152,226,226,242,254,273,198,104,131,131,131,131,131,150,162,138,156,156,233,233,244,244,54,54,70,105,105,139,164,176,49,49,49,63,63,63],"floor_reached":51,"playtime":3170,"items_purged":["Strike_B","Writhe"],"score":1289,"play_id":"5cd6a34a-729b-40cb-a9ac-545cb2f49ba2","local_time":"20180924130229","is_ascension_mode":true,"campfire_choices":[{"data":"Loop","floor":6,"key":"SMITH"},{"data":"Coolheaded","floor":15,"key":"SMITH"},{"data":"Loop","floor":24,"key":"SMITH"},{"data":"White Noise","floor":27,"key":"SMITH"},{"data":"Glacier","floor":32,"key":"SMITH"},{"data":"Biased Cognition","floor":41,"key":"SMITH"},{"data":"Buffer","floor":46,"key":"SMITH"},{"data":"Secret Weapon","floor":49,"key":"SMITH"}],"neow_cost":"NONE","seed_source_timestamp":842789182970666,"circlet_count":0,"master_deck":["Zap+1","Dualcast","AscendersBane","Leap","Self Repair","Loop+1","Stack","Reboot","Ball Lightning","Leap","Coolheaded+1","Go for the Eyes","Biased Cognition+1","Turbo","Sweeping Beam","Coolheaded","Sweeping Beam","Reprogram","BootSequence","Rebound+1","Loop+1","Glacier+1","Gash","White Noise+1","White Noise","Storm+1","Go for the Eyes","Compile Driver+1","Machine Learning","Impatience","Secret Weapon+1","Core Surge","Amplify","Buffer+1","Storm+1"],"relics":["Cracked Core","DataDisk","Blood Vial","Ancient Tea Set","Sundial","Pandora\u0027s Box","Thread and Needle","PreservedInsect","Cursed Key","Runic Capacitor","Bottled Lightning","The Courier","MawBank"],"potions_floor_usage":[10,23,31,33,50,50],"damage_taken":[{"damage":0,"enemies":"Small Slimes","floor":1,"turns":3},{"damage":0,"enemies":"2 Louse","floor":5,"turns":2},{"damage":3,"enemies":"Jaw Worm","floor":7,"turns":3},{"damage":36,"enemies":"3 Sentries","floor":8,"turns":8},{"damage":25,"enemies":"Gremlin Nob","floor":10,"turns":4},{"damage":0,"enemies":"Exordium Wildlife","floor":13,"turns":5},{"damage":4,"enemies":"3 Louse","floor":14,"turns":6},{"damage":13,"enemies":"Hexaghost","floor":16,"turns":10},{"damage":10,"enemies":"Spheric Guardian","floor":18,"turns":6},{"damage":0,"enemies":"3 Byrds","floor":19,"turns":4},{"damage":6,"enemies":"Snake Plant","floor":20,"turns":5},{"damage":6,"enemies":"Book of Stabbing","floor":23,"turns":9},{"damage":0,"enemies":"Shelled Parasite and Fungi","floor":28,"turns":4},{"damage":13,"enemies":"Sentry and Sphere","floor":29,"turns":7},{"damage":2,"enemies":"Snecko","floor":31,"turns":5},{"damage":26,"enemies":"Automaton","floor":33,"turns":11},{"damage":9,"enemies":"3 Shapes","floor":35,"turns":4},{"damage":0,"enemies":"Orb Walker","floor":39,"turns":4},{"damage":0,"enemies":"Giant Head","floor":40,"turns":6},{"damage":3,"enemies":"Nemesis","floor":42,"turns":3},{"damage":3,"enemies":"Sphere and 2 Shapes","floor":48,"turns":4},{"damage":23,"enemies":"Awakened One","floor":50,"turns":6}],"seed_played":"3971737345592534368","potions_obtained":[{"floor":5,"key":"Poison Potion"},{"floor":14,"key":"Energy Potion"},{"floor":19,"key":"PowerPotion"},{"floor":23,"key":"Energy Potion"},{"floor":31,"key":"FocusPotion"},{"floor":33,"key":"FocusPotion"}],"is_trial":false,"path_per_floor":["M","$","?","?","M","R","M","E","T","E","$","?","M","M","R","B",null,"M","M","M","?","$","E","R","?","T","R","M","M","$","M","R","B",null,"M","?","$","?","M","E","R","E","T","?","$","R","$","M","R","B"],"character_chosen":"DEFECT","items_purchased":["DataDisk","Self Repair","Leap","Glacier","Gash","Go for the Eyes","Runic Capacitor","Buffer"],"campfire_rested":0,"item_purchase_floors":[2,2,11,22,22,30,37,45],"current_hp_per_floor":[64,64,53,53,60,60,64,35,35,19,19,19,28,33,33,29,61,60,69,71,71,71,71,71,71,71,71,71,71,71,71,71,59,68,61,56,56,52,68,71,71,71,71,71,71,71,71,71,71,62],"gold":63,"neow_bonus":"HUNDRED_GOLD","is_prod":false,"is_daily":false,"chose_seed":false,"campfire_upgraded":8,"win_rate":0,"timestamp":1537808549,"path_taken":["M","$","?","?","M","R","M","E","T","E","$","?","M","?","R","BOSS","M","M","M","?","$","E","R","?","T","R","M","M","$","M","R","BOSS","M","?","$","?","M","E","R","E","T","?","$","R","?","M","R","BOSS"],"build_version":"2018-09-20","purchased_purges":2,"victory":true,"max_hp_per_floor":[71,71,71,71,71,71,71,71,71,71,71,71,71,71,71,71,71,71,71,71,71,71,71,71,71,71,71,71,71,71,71,71,71,71,71,71,71,71,71,71,71,71,71,71,71,71,71,71,71,71],"card_choices":[{"not_picked":["Turbo","Steam"],"picked":"Leap","floor":1},{"not_picked":["Compile Driver","Ball Lightning"],"picked":"Loop","floor":5},{"not_picked":["Undo","Gash"],"picked":"Stack","floor":7},{"not_picked":["Conserve Battery","Leap"],"picked":"Reboot","floor":8},{"not_picked":["Aggregate","Reprogram"],"picked":"Ball Lightning","floor":10},{"not_picked":["BootSequence","Stack"],"picked":"Coolheaded","floor":13},{"not_picked":["Lockon","Steam"],"picked":"Go for the Eyes","floor":14},{"not_picked":["Fission","All For One"],"picked":"Biased Cognition","floor":16},{"not_picked":["Barrage","Turbo"],"picked":"BootSequence","floor":18},{"not_picked":["Coolheaded","Hyperbeam"],"picked":"Rebound+1","floor":19},{"not_picked":["Consume","Cold Snap+1"],"picked":"Loop","floor":20},{"not_picked":["Beam Cell","Glacier"],"picked":"White Noise","floor":23},{"not_picked":["Chill","Reprogram"],"picked":"White Noise","floor":28},{"not_picked":["Redo","Streamline+1"],"picked":"Storm+1","floor":29},{"not_picked":["Genetic Algorithm+1","Rebound"],"picked":"Compile Driver+1","floor":31},{"not_picked":["Multi-Cast","Hyperbeam"],"picked":"Machine Learning","floor":33},{"not_picked":["Go for the Eyes","Consume","Steam Power"],"picked":"SKIP","floor":35},{"not_picked":["Jack Of All Trades","Discovery"],"picked":"Impatience","floor":36},{"not_picked":["The Bomb","Forethought"],"picked":"Secret Weapon","floor":36},{"not_picked":["Sweeping Beam","Cold Snap","Rebound"],"picked":"SKIP","floor":39},{"not_picked":["Gash","Lockon"],"picked":"Core Surge","floor":40},{"not_picked":["Steam Power+1","Coolheaded+1"],"picked":"Amplify","floor":42},{"not_picked":["Gash","Stack"],"picked":"Storm+1","floor":48}],"player_experience":256120,"relics_obtained":[{"floor":8,"key":"Blood Vial"},{"floor":9,"key":"Ancient Tea Set"},{"floor":10,"key":"Sundial"},{"floor":23,"key":"Thread and Needle"},{"floor":26,"key":"PreservedInsect"},{"floor":40,"key":"Bottled Lightning"},{"floor":42,"key":"The Courier"},{"floor":43,"key":"MawBank"}],"event_choices":[{"event_name":"World of Goop","player_choice":"Gather Gold","floor":3,"damage_taken":0},{"event_name":"Living Wall","player_choice":"Grow","floor":4,"damage_taken":0},{"event_name":"Golden Idol","player_choice":"Ignored","floor":12,"damage_taken":0},{"event_name":"Beggar","player_choice":"Gave Gold","floor":21,"damage_taken":0},{"event_name":"N\u0027loth","player_choice":"Ignored","floor":25,"damage_taken":0},{"event_name":"SensoryStone","player_choice":"Memory 2","floor":36,"damage_taken":0},{"event_name":"The Woman in Blue","player_choice":"Bought 0 Potions","floor":38,"damage_taken":0},{"event_name":"Falling","player_choice":"Removed Skill","floor":44,"damage_taken":0}],"is_beta":false,"boss_relics":[{"not_picked":["Astrolabe","Fusion Hammer"],"picked":"Pandora\u0027s Box"},{"not_picked":["Snecko Eye","Busted Crown"],"picked":"Cursed Key"}],"items_purged_floors":[11,45],"is_endless":false,"potions_floor_spawned":[5,14,19,23,29,31,33,39,40,42],"ascension_level":15}