{"path_per_floor":["M","M","?","M","?","R","?","R","T","R","M","R","E","T","R","B",null,"M","M","?","$"],"character_chosen":"THE_SILENT","items_purchased":["Storm of Steel","Bottled Flame","Glass Knife","Slice"],"gold_per_floor":[13,32,32,48,148,148,398,398,421,421,438,438,471,471,471,569,599,612,625,625,7,7],"floor_reached":22,"campfire_rested":1,"playtime":1019,"item_purchase_floors":[21,21,21,21],"current_hp_per_floor":[70,60,60,55,55,55,55,55,55,55,55,55,38,38,59,1,75,71,49,49,49,0],"items_purged":[],"gold":7,"score":182,"play_id":"163b2042-a6ad-4f96-94a4-16a51775b477","local_time":"20180603205520","is_prod":false,"is_daily":false,"chose_seed":false,"is_ascension_mode":false,"campfire_upgraded":0,"win_rate":0,"timestamp":1528023320,"campfire_choices":[{"data":"Defend_G","floor":6,"key":"PURGE"},{"data":"Defend_G","floor":8,"key":"PURGE"},{"data":"Regret","floor":10,"key":"PURGE"},{"data":"Strike_G","floor":12,"key":"PURGE"},{"floor":15,"key":"REST"}],"path_taken":["M","M","?","M","?","R","?","R","T","R","M","R","E","?","R","BOSS","M","M","?","$","M"],"build_version":"2018-05-30v2","seed_source_timestamp":9251946545870,"purchased_purges":0,"victory":false,"master_deck":["Defend_G+1","Defend_G+1","Defend_G+1","Strike_G+1","Strike_G+1","Strike_G+1","Strike_G+1","Survivor","Neutralize","Bane","Accuracy","Flying Knee","Cloak And Dagger","Burst","Accuracy","Backstab","Storm of Steel","Glass Knife","Slice"],"max_hp_per_floor":[70,70,70,70,70,70,70,70,70,70,70,70,70,70,70,70,75,75,75,75,75,75],"relics":["Ring of the Snake","Peace Pipe","Bag of Preparation","Kunai","Art of War","Tiny House","Bottled Flame"],"card_choices":[{"not_picked":["Dodge and Roll","Footwork","Leg Sweep"],"picked":"SKIP","floor":1},{"not_picked":["Underhanded Strike","Dash"],"picked":"Bane","floor":2},{"not_picked":["Deflect","Reflex"],"picked":"Accuracy","floor":4},{"not_picked":["Footwork","Riddle With Holes"],"picked":"Flying Knee","floor":11},{"not_picked":["Prepared","Masterful Stab"],"picked":"Cloak And Dagger","floor":13},{"not_picked":["Tools of the Trade","After Image"],"picked":"Burst","floor":16},{"not_picked":["Flying Knee","Expertise"],"picked":"Accuracy","floor":17},{"not_picked":["PiercingWail","Riddle With Holes+1","Deflect"],"picked":"SKIP","floor":18},{"not_picked":["Envenom","Bouncing Flask"],"picked":"Backstab","floor":19}],"player_experience":352169,"potions_floor_usage":[13,16,18,18,19],"damage_taken":[{"damage":0,"enemies":"2 Louse","floor":1,"turns":3},{"damage":10,"enemies":"Cultist","floor":2,"turns":4},{"damage":5,"enemies":"Small Slimes","floor":4,"turns":4},{"damage":0,"enemies":"2 Fungi Beasts","floor":11,"turns":4},{"damage":17,"enemies":"Gremlin Nob","floor":13,"turns":4},{"damage":58,"enemies":"Slime Boss","floor":16,"turns":23},{"damage":4,"enemies":"Shell Parasite","floor":18,"turns":12},{"damage":22,"enemies":"Spheric Guardian","floor":19,"turns":7},{"damage":51,"enemies":"Cultist and Chosen","floor":22,"turns":4}],"relics_obtained":[{"floor":9,"key":"Bag of Preparation"},{"floor":13,"key":"Kunai"},{"floor":14,"key":"Art of War"}],"event_choices":[{"event_name":"Liars Game","player_choice":"disagreed","floor":3,"damage_taken":0},{"event_name":"Wheel of Change","player_choice":"Gold","floor":5,"damage_taken":0},{"event_name":"Golden Shrine","player_choice":"Desecrate","floor":7,"damage_taken":0},{"event_name":"Back to Basics","player_choice":"Simplicity","floor":20,"damage_taken":0}],"boss_relics":[{"not_picked":["Pandora\u0027s Box","Runic Dome"],"picked":"Tiny House"}],"items_purged_floors":[],"potions_floor_spawned":[2,11,16,18],"seed_played":"5330841451443515739","killed_by":"Cultist and Chosen","ascension_level":0,"potions_obtained":[{"floor":2,"key":"Swift Potion"},{"floor":11,"key":"Poison Potion"},{"floor":16,"key":"Weak Potion"},{"floor":17,"key":"Ancient Potion"},{"floor":18,"key":"FearPotion"}],"is_trial":false}