{"gold_per_floor":[11,22,22,40,40,74,92,124,147,161,176,176,34,34],"floor_reached":14,"playtime":558,"items_purged":["Strike_B"],"score":179,"play_id":"789e9bcc-6be5-4a85-b09f-3380db7acb56","local_time":"20190113213242","is_ascension_mode":true,"campfire_choices":[{"data":"Defragment","floor":12,"key":"SMITH"}],"neow_cost":"NO_GOLD","seed_source_timestamp":277929881920700,"circlet_count":0,"master_deck":["AscendersBane","Defend_B","Defend_B","Defend_B","Defend_B","Zap","Dualcast","Gash","Chill","Sweeping Beam","Beam Cell","Go for the Eyes","Barrage","Consume","Buffer","Defragment+1","Glacier","Capacitor"],"relics":["Cracked Core","Bag of Marbles","PreservedInsect","Strawberry","Potion Belt"],"potions_floor_usage":[6,6],"damage_taken":[{"damage":4,"enemies":"2 Louse","floor":1,"turns":2},{"damage":3,"enemies":"Small Slimes","floor":2,"turns":3},{"damage":2,"enemies":"Jaw Worm","floor":4,"turns":4},{"damage":5,"enemies":"3 Sentries","floor":6,"turns":7},{"damage":0,"enemies":"Red Slaver","floor":7,"turns":2},{"damage":12,"enemies":"Lagavulin","floor":8,"turns":7},{"damage":5,"enemies":"Gremlin Gang","floor":10,"turns":4},{"damage":5,"enemies":"Blue Slaver","floor":11,"turns":4},{"damage":24,"enemies":"Exordium Thugs","floor":14,"turns":1}],"seed_played":"-3449713420052993620","potions_obtained":[{"floor":1,"key":"Swift Potion"},{"floor":2,"key":"Fire Potion"},{"floor":11,"key":"LiquidBronze"}],"is_trial":false,"path_per_floor":["M","M","?","M","?","E","M","E","T","M","M","R","$","M"],"character_chosen":"DEFECT","items_purchased":["Capacitor"],"campfire_rested":0,"item_purchase_floors":[13],"current_hp_per_floor":[60,57,50,48,43,38,38,33,33,28,23,23,23,0],"gold":34,"neow_bonus":"TRANSFORM_TWO_CARDS","is_prod":false,"is_daily":false,"chose_seed":false,"campfire_upgraded":1,"win_rate":0,"timestamp":1547443962,"path_taken":["M","M","?","M","?","E","?","E","T","M","M","R","$","M"],"build_version":"2019-01-10","purchased_purges":1,"victory":false,"max_hp_per_floor":[71,71,71,71,71,71,71,78,78,78,78,78,78,78],"card_choices":[{"not_picked":["FTL","Rip and Tear"],"picked":"Sweeping Beam","floor":1},{"not_picked":["Compile Driver","Sweeping Beam"],"picked":"Beam Cell","floor":2},{"not_picked":["Stack","Lockon"],"picked":"Go for the Eyes","floor":4},{"not_picked":["Blizzard","Meteor Strike"],"picked":"Barrage","floor":6},{"not_picked":["Glacier","Steam"],"picked":"Consume","floor":7},{"not_picked":["Beam Cell","Self Repair"],"picked":"Buffer","floor":8},{"not_picked":["Coolheaded","Sweeping Beam"],"picked":"Defragment","floor":10},{"not_picked":["Lockon","Leap"],"picked":"Glacier","floor":11}],"player_experience":468404,"relics_obtained":[{"floor":6,"key":"PreservedInsect"},{"floor":8,"key":"Strawberry"},{"floor":9,"key":"Potion Belt"}],"event_choices":[{"cards_removed":["Strike_B"],"damage_healed":0,"gold_gain":0,"player_choice":"Card Removal","damage_taken":7,"max_hp_gain":0,"max_hp_loss":0,"event_name":"Golden Wing","floor":3,"gold_loss":0},{"damage_healed":0,"gold_gain":0,"player_choice":"Success","damage_taken":5,"relics_obtained":["Bag of Marbles"],"max_hp_gain":0,"max_hp_loss":0,"event_name":"Scrap Ooze","floor":5,"gold_loss":0}],"is_beta":false,"boss_relics":[],"items_purged_floors":[13],"is_endless":false,"potions_floor_spawned":[1,2,11],"killed_by":"Exordium Thugs","ascension_level":15}