{"gold_per_floor":[114,114,132,152,164,164,16,16,16,33,33,48,107,126,126,126],"floor_reached":16,"playtime":607,"items_purged":["Strike_R"],"score":136,"play_id":"3e59cd98-5b8d-4269-8192-9c2d83d8b1ec","local_time":"20181114210327","is_ascension_mode":true,"campfire_choices":[{"data":"Body Slam","floor":6,"key":"SMITH"},{"data":"Rampage","floor":8,"key":"SMITH"},{"data":"Bash","floor":11,"key":"SMITH"},{"data":"Armaments","floor":15,"key":"SMITH"}],"neow_cost":"PERCENT_DAMAGE","seed_source_timestamp":10992669728816,"circlet_count":0,"master_deck":["Strike_R","Strike_R","Strike_R","Defend_R","Defend_R","Defend_R","Defend_R","Bash+1","Body Slam+1","Rampage+1","Berserk","Corruption","Battle Trance","Armaments+1"],"relics":["Burning Blood","Bird Faced Urn","Ornamental Fan"],"potions_floor_usage":[16],"damage_taken":[{"damage":9,"enemies":"Jaw Worm","floor":1,"turns":5},{"damage":10,"enemies":"Cultist","floor":3,"turns":5},{"damage":5,"enemies":"Small Slimes","floor":4,"turns":5},{"damage":11,"enemies":"Looter","floor":5,"turns":4},{"damage":8,"enemies":"Blue Slaver","floor":10,"turns":3},{"damage":20,"enemies":"Red Slaver","floor":12,"turns":5},{"damage":10,"enemies":"3 Louse","floor":14,"turns":4},{"damage":33,"enemies":"Hexaghost","floor":16,"turns":9}],"seed_played":"-2500546229812986896","potions_obtained":[{"floor":5,"key":"Energy Potion"},{"floor":10,"key":"Energy Potion"},{"floor":12,"key":"GamblersBrew"}],"is_trial":false,"path_per_floor":["M","?","M","M","M","R","$","R","T","M","R","M","?","M","R","B"],"character_chosen":"IRONCLAD","items_purchased":["Corruption"],"campfire_rested":0,"item_purchase_floors":[7],"current_hp_per_floor":[48,48,44,45,40,40,40,40,40,38,38,28,28,28,28,0],"gold":126,"neow_bonus":"ONE_RARE_RELIC","is_prod":false,"is_daily":false,"chose_seed":false,"campfire_upgraded":4,"win_rate":0,"timestamp":1542247407,"path_taken":["M","?","M","M","?","R","$","R","T","M","R","M","?","M","R","BOSS"],"build_version":"2018-11-13","purchased_purges":1,"victory":false,"max_hp_per_floor":[80,80,80,80,80,80,80,80,80,80,80,80,80,80,80,80],"card_choices":[{"not_picked":["Clash","Intimidate"],"picked":"Body Slam","floor":1},{"not_picked":["Sword Boomerang","Spot Weakness"],"picked":"Rampage","floor":3},{"not_picked":["Thunderclap","Heavy Blade","Flex"],"picked":"SKIP","floor":4},{"not_picked":["Wild Strike","Thunderclap"],"picked":"Berserk","floor":5},{"not_picked":["Reckless Charge","Sever Soul"],"picked":"Battle Trance","floor":10},{"not_picked":["Sword Boomerang","Wild Strike"],"picked":"Armaments","floor":12},{"not_picked":["Thunderclap","Dual Wield","Rampage"],"picked":"SKIP","floor":14}],"player_experience":360328,"relics_obtained":[{"floor":9,"key":"Ornamental Fan"}],"event_choices":[{"cards_removed":["Strike_R"],"damage_healed":0,"gold_gain":0,"player_choice":"Purged","damage_taken":0,"max_hp_gain":0,"max_hp_loss":0,"event_name":"Purifier","floor":2,"gold_loss":0},{"damage_healed":0,"gold_gain":59,"player_choice":"Gained Gold","damage_taken":0,"max_hp_gain":0,"max_hp_loss":0,"event_name":"Golden Wing","floor":13,"gold_loss":0}],"is_beta":true,"boss_relics":[],"items_purged_floors":[7],"is_endless":false,"potions_floor_spawned":[5,10,12],"killed_by":"Hexaghost","ascension_level":9}