{"path_per_floor":["M","?","M","M","M","E","M","E","T","?","R","E","M"],"character_chosen":"THE_SILENT","items_purchased":[],"gold_per_floor":[114,114,126,146,166,198,216,244,322,322,322,355,371,371],"floor_reached":14,"campfire_rested":1,"playtime":1536,"item_purchase_floors":[],"current_hp_per_floor":[70,56,56,56,45,28,20,2,2,2,23,9,9,0],"items_purged":[],"gold":371,"score":118,"play_id":"97740f1e-c6c8-4a96-ad3d-03663abdd9f7","local_time":"20180611053348","is_prod":false,"is_daily":false,"chose_seed":false,"is_ascension_mode":true,"campfire_upgraded":0,"win_rate":0,"timestamp":1528720428,"campfire_choices":[{"floor":11,"key":"REST"}],"path_taken":["M","?","M","M","M","E","M","E","T","?","R","E","M","E"],"build_version":"2018-06-07v3","seed_source_timestamp":704746180890828,"purchased_purges":0,"victory":false,"master_deck":["Defend_G","Defend_G","Defend_G","Defend_G","Strike_G","Strike_G+1","Strike_G","Strike_G","Strike_G+1","Survivor","Neutralize","Outmaneuver","Flying Knee","Escape Plan","Terror","Outmaneuver","Finisher","Accuracy","Reflex","Underhanded Strike","Underhanded Strike"],"max_hp_per_floor":[70,70,70,70,70,70,70,70,70,70,70,70,70,70],"relics":["Ring of the Snake","Lantern","Unceasing Top","Toolbox","Sundial"],"card_choices":[{"not_picked":["Prepared","Underhanded Strike"],"picked":"Outmaneuver","floor":1},{"not_picked":["Backflip","Dodge and Roll"],"picked":"Flying Knee","floor":3},{"not_picked":["Riddle With Holes","Well Laid Plans"],"picked":"Escape Plan","floor":4},{"not_picked":["Underhanded Strike","Dodge and Roll"],"picked":"Terror","floor":5},{"not_picked":["Masterful Stab","Heel Hook"],"picked":"Outmaneuver","floor":6},{"not_picked":["Crippling Poison","Eviscerate"],"picked":"Finisher","floor":7},{"not_picked":["Cloak And Dagger","Backflip"],"picked":"Accuracy","floor":8},{"not_picked":["Backflip","Deadly Poison"],"picked":"Underhanded Strike","floor":12},{"not_picked":["Leg Sweep","PiercingWail"],"picked":"Underhanded Strike","floor":13}],"player_experience":72665,"potions_floor_usage":[12,14,14],"damage_taken":[{"damage":0,"enemies":"Small Slimes","floor":1,"turns":7},{"damage":0,"enemies":"Cultist","floor":3,"turns":4},{"damage":0,"enemies":"2 Louse","floor":4,"turns":3},{"damage":11,"enemies":"Lots of Slimes","floor":5,"turns":6},{"damage":17,"enemies":"3 Sentries","floor":6,"turns":10},{"damage":8,"enemies":"Gremlin Gang","floor":7,"turns":8},{"damage":18,"enemies":"Lagavulin","floor":8,"turns":6},{"damage":14,"enemies":"Gremlin Nob","floor":12,"turns":4},{"damage":0,"enemies":"Red Slaver","floor":13,"turns":3},{"damage":14,"enemies":"Lagavulin","floor":14,"turns":5}],"relics_obtained":[{"floor":6,"key":"Lantern"},{"floor":8,"key":"Unceasing Top"},{"floor":9,"key":"Toolbox"},{"floor":12,"key":"Sundial"}],"event_choices":[{"event_name":"Shining Light","player_choice":"Entered Light","floor":2,"damage_taken":0},{"event_name":"Transmorgrifier","player_choice":"Transform","floor":10,"damage_taken":0}],"boss_relics":[],"items_purged_floors":[],"potions_floor_spawned":[5,6,8,13],"seed_played":"4086066266281336366","killed_by":"Lagavulin","ascension_level":1,"potions_obtained":[{"floor":5,"key":"Ancient Potion"},{"floor":6,"key":"GamblersBrew"},{"floor":8,"key":"Weak Potion"},{"floor":13,"key":"GamblersBrew"}],"is_trial":false}