{"gold_per_floor":[111,61,72,72,85,119,119,119,119,119,132,20,50],"floor_reached":13,"playtime":610,"items_purged":["Strike_B"],"score":83,"play_id":"5a2bf030-5fd9-4418-bd5c-7deb1456e7c3","local_time":"20180815162739","is_ascension_mode":false,"campfire_choices":[{"floor":7,"key":"REST"},{"data":"Zap","floor":10,"key":"SMITH"}],"neow_cost":"","seed_source_timestamp":401763717406885,"circlet_count":0,"master_deck":["Strike_B","Defend_B","Defend_B","Defend_B","Zap+1","Dualcast","Compile Driver","Doom and Gloom","Streamline","Streamline","Cold Snap","Capacitor"],"relics":["Cracked Core","Dodecahedron","Nunchaku"],"potions_floor_usage":[],"damage_taken":[{"damage":1,"enemies":"Cultist","floor":1,"turns":4},{"damage":6,"enemies":"Jaw Worm","floor":3,"turns":3},{"damage":6,"enemies":"2 Louse","floor":5,"turns":2},{"damage":40,"enemies":"Lagavulin","floor":6,"turns":6},{"damage":7,"enemies":"Blue Slaver","floor":11,"turns":2},{"damage":30,"enemies":"3 Sentries","floor":13,"turns":4}],"seed_played":"-5207577238337929289","potions_obtained":[{"floor":1,"key":"Poison Potion"}],"is_trial":false,"path_per_floor":["M","?","M","?","M","E","R","?","T","R","M","$"],"character_chosen":"DEFECT","items_purchased":["Capacitor"],"campfire_rested":1,"item_purchase_floors":[12],"current_hp_per_floor":[74,74,68,61,55,15,37,37,37,37,30,30,0],"gold":50,"neow_bonus":"","is_prod":false,"is_daily":false,"chose_seed":false,"campfire_upgraded":1,"win_rate":0.0,"timestamp":1534364859,"path_taken":["M","?","M","?","M","E","R","?","T","R","M","$","?"],"build_version":"2018-08-09","purchased_purges":1,"victory":false,"max_hp_per_floor":[75,75,75,75,75,75,75,75,75,75,75,75,75],"card_choices":[{"not_picked":["Beam Cell","Conserve Battery"],"picked":"Compile Driver","floor":1},{"not_picked":["Beam Cell","Ball Lightning"],"picked":"Doom and Gloom","floor":3},{"not_picked":["Go for the Eyes","Barrage"],"picked":"Streamline","floor":5},{"not_picked":["Barrage","Leap"],"picked":"Streamline","floor":6},{"not_picked":["Steam","Reinforced Body"],"picked":"Cold Snap","floor":11}],"player_experience":29611,"relics_obtained":[{"floor":6,"key":"Dodecahedron"},{"floor":9,"key":"Nunchaku"}],"event_choices":[{"event_name":"The Cleric","player_choice":"Card Removal","floor":2,"damage_taken":0},{"event_name":"Golden Wing","player_choice":"Card Removal","floor":4,"damage_taken":0},{"event_name":"Bonfire Elementals","player_choice":"BASIC","floor":8,"damage_taken":0},{"event_name":"Dead Adventurer","player_choice":"Searched \u00272\u0027 times","floor":13,"damage_taken":0}],"is_beta":false,"boss_relics":[],"items_purged_floors":[12],"is_endless":false,"potions_floor_spawned":[1],"killed_by":"3 Sentries","ascension_level":0}