{"gold_per_floor":[115,133,133,153,170,198,215,241,293,320,320,27,41,41,41,144,144,157,175,4,204,220,220,220,220,220,252,270,288,298,330,330,427,427,439,539,499,509,521,550,560,592,592,592,592,608,163,174,174,174],"floor_reached":50,"playtime":4795,"items_purged":["Regret"],"score":806,"play_id":"b07b4127-ca89-490e-8630-5c1d43a895c4","local_time":"20190124221843","is_ascension_mode":true,"campfire_choices":[{"floor":15,"key":"RECALL"},{"data":"Sunder","floor":23,"key":"SMITH"},{"data":"White Noise","floor":25,"key":"SMITH"},{"data":"White Noise","floor":32,"key":"SMITH"},{"data":"Tempest","floor":44,"key":"SMITH"},{"data":"Madness","floor":49,"key":"SMITH"}],"neow_cost":"NONE","seed_source_timestamp":60788594360077,"circlet_count":0,"master_deck":["Defend_B","Defend_B","Defend_B","Defend_B","Dualcast","Storm","White Noise+1","Tempest+1","White Noise+1","Rip and Tear","Sunder+1","Gash","Glacier","White Noise+1","BootSequence","FTL","Ball Lightning","Multi-Cast","Thunder Strike","Sweeping Beam","Hologram+1","Melter","Steam","Scrape","Bite","Bite","Bite","Bite","Bite","FTL","Leap","Streamline","Go for the Eyes+1","Gash+1","Echo Form","Rebound+1","Blizzard+1","Force Field+1","Leap+1","All For One","FTL","Gash+1","Madness+1","Madness","Consume+1","Master of Strategy","Finesse+1","Leap+1","Hologram+1"],"relics":["FrozenCore","NeowsBlessing","Centennial Puzzle","Vajra","Art of War","Cables","Membership Card","Strawberry","Omamori","Pen Nib","Red Mask","Coffee Dripper","Unceasing Top","Dodecahedron","Lantern","Mercury Hourglass","Toxic Egg 2","Ornamental Fan"],"potions_floor_usage":[6,8,16,22,27,33,33,41,50,50,50],"damage_taken":[{"damage":0,"enemies":"Cultist","floor":1,"turns":1},{"damage":0,"enemies":"Small Slimes","floor":2,"turns":1},{"damage":0,"enemies":"Jaw Worm","floor":4,"turns":1},{"damage":8,"enemies":"Gremlin Gang","floor":5,"turns":2},{"damage":9,"enemies":"3 Sentries","floor":6,"turns":7},{"damage":12,"enemies":"3 Louse","floor":7,"turns":2},{"damage":0,"enemies":"Lagavulin","floor":8,"turns":5},{"damage":0,"enemies":"3 Sentries","floor":10,"turns":3},{"damage":8,"enemies":"Large Slime","floor":13,"turns":4},{"damage":1,"enemies":"Slime Boss","floor":16,"turns":5},{"damage":3,"enemies":"Chosen","floor":18,"turns":4},{"damage":3,"enemies":"Shell Parasite","floor":19,"turns":5},{"damage":8,"enemies":"Cultist and Chosen","floor":22,"turns":5},{"damage":15,"enemies":"Slavers","floor":27,"turns":3},{"damage":0,"enemies":"Snecko","floor":28,"turns":5},{"damage":6,"enemies":"Shelled Parasite and Fungi","floor":29,"turns":5},{"damage":0,"enemies":"Centurion and Healer","floor":30,"turns":7},{"damage":4,"enemies":"Masked Bandits","floor":31,"turns":3},{"damage":61,"enemies":"Collector","floor":33,"turns":9},{"damage":5,"enemies":"Orb Walker","floor":35,"turns":4},{"damage":13,"enemies":"Mind Bloom Boss Battle","floor":36,"turns":8},{"damage":10,"enemies":"3 Darklings","floor":38,"turns":5},{"damage":0,"enemies":"4 Shapes","floor":39,"turns":6},{"damage":3,"enemies":"Reptomancer","floor":40,"turns":5},{"damage":3,"enemies":"Maw","floor":41,"turns":7},{"damage":0,"enemies":"Giant Head","floor":42,"turns":6},{"damage":26,"enemies":"Spire Growth","floor":46,"turns":5},{"damage":3,"enemies":"Transient","floor":48,"turns":5},{"damage":52,"enemies":"Time Eater","floor":50,"turns":9}],"seed_played":"6550444762410688913","potions_obtained":[{"floor":1,"key":"Weak Potion"},{"floor":5,"key":"Block Potion"},{"floor":6,"key":"SkillPotion"},{"floor":7,"key":"EssenceOfSteel"},{"floor":8,"key":"Dexterity Potion"},{"floor":11,"key":"FearPotion"},{"floor":11,"key":"FocusPotion"},{"floor":16,"key":"SteroidPotion"},{"floor":27,"key":"Explosive Potion"},{"floor":29,"key":"LiquidBronze"},{"floor":31,"key":"Swift Potion"},{"floor":35,"key":"FearPotion"},{"floor":38,"key":"LiquidBronze"},{"floor":40,"key":"PowerPotion"}],"is_trial":false,"path_per_floor":["M","M","?","M","M","E","M","E","T","E","?","$","M","?","R","B",null,"M","M","$","?","M","R","?","R","T","E","M","M","M","?","R","B",null,"M","?","?","M","M","E","M","E","T","R","?","M","$","M","R","B"],"character_chosen":"DEFECT","items_purchased":["Membership Card","BootSequence","FTL","Ball Lightning","Omamori","Melter","Steam","Master of Strategy","Toxic Egg 2","Finesse+1","Ornamental Fan","Leap+1","FocusPotion"],"campfire_rested":0,"item_purchase_floors":[12,12,12,12,20,20,20,47,47,47,47,47,47],"current_hp_per_floor":[75,75,75,75,67,58,46,46,46,46,46,46,38,45,45,44,82,79,76,76,76,68,68,57,57,57,44,50,56,57,53,53,6,57,56,52,52,50,57,57,57,57,57,57,50,30,30,35,35,0],"gold":174,"neow_bonus":"THREE_ENEMY_KILL","is_prod":false,"is_daily":false,"chose_seed":false,"campfire_upgraded":5,"win_rate":0,"timestamp":1548386323,"path_taken":["M","M","?","M","M","E","M","E","T","E","?","$","?","?","R","BOSS","M","M","$","?","?","R","?","R","T","E","M","M","M","?","R","BOSS","M","?","?","?","M","E","M","E","T","R","?","M","$","M","R","BOSS"],"build_version":"2019-01-23","purchased_purges":1,"victory":false,"max_hp_per_floor":[75,75,75,75,75,75,75,75,75,75,75,75,75,82,82,82,82,82,82,82,82,82,82,57,57,57,57,57,57,57,57,57,57,57,57,57,57,57,57,57,57,57,57,57,57,57,57,57,57,57],"card_choices":[{"not_picked":["Redo","Turbo"],"picked":"Storm","floor":1},{"not_picked":["Genetic Algorithm","Sweeping Beam"],"picked":"White Noise","floor":2},{"not_picked":["Stack","Echo Form"],"picked":"White Noise","floor":4},{"not_picked":["Rebound","Steam"],"picked":"Rip and Tear","floor":5},{"not_picked":["Gash","Cold Snap"],"picked":"Sunder","floor":6},{"not_picked":["Chaos","Go for the Eyes"],"picked":"Gash","floor":7},{"not_picked":["Leap","Heatsinks"],"picked":"Glacier","floor":8},{"not_picked":["Beam Cell","Blizzard"],"picked":"White Noise","floor":10},{"not_picked":["Consume","Coolheaded"],"picked":"Multi-Cast","floor":13},{"not_picked":["Amplify","Multi-Cast"],"picked":"Thunder Strike","floor":16},{"not_picked":["Barrage","Tempest"],"picked":"Sweeping Beam","floor":18},{"not_picked":["Coolheaded+1","Undo"],"picked":"Hologram+1","floor":19},{"not_picked":["Stack+1","Steam"],"picked":"Scrape","floor":22},{"not_picked":["Go for the Eyes","Buffer"],"picked":"FTL","floor":27},{"not_picked":["Cold Snap","Reprogram"],"picked":"Leap","floor":28},{"not_picked":["Barrage","Sweeping Beam"],"picked":"Streamline","floor":29},{"not_picked":["Gash","Ball Lightning"],"picked":"Go for the Eyes+1","floor":30},{"not_picked":["Multi-Cast","Blizzard"],"picked":"Gash+1","floor":31},{"not_picked":["Creative AI","Thunder Strike"],"picked":"Echo Form","floor":33},{"not_picked":["Reprogram+1","Steam"],"picked":"Rebound+1","floor":35},{"not_picked":["Compile Driver","Barrage"],"picked":"Blizzard+1","floor":36},{"not_picked":["Ball Lightning+1","Double Energy"],"picked":"Force Field+1","floor":38},{"not_picked":["Stack","Hologram+1"],"picked":"Leap+1","floor":39},{"not_picked":["Storm","Hologram"],"picked":"All For One","floor":40},{"not_picked":["Coolheaded","Rebound+1"],"picked":"FTL","floor":41},{"not_picked":["Barrage","Go for the Eyes"],"picked":"Gash+1","floor":42},{"not_picked":["Genetic Algorithm+1","Rebound+1"],"picked":"Consume+1","floor":46},{"not_picked":["Machine Learning","Rebound"],"picked":"Hologram+1","floor":48}],"player_experience":99316,"relics_obtained":[{"floor":6,"key":"Centennial Puzzle"},{"floor":8,"key":"Vajra"},{"floor":9,"key":"Art of War"},{"floor":10,"key":"Cables"},{"floor":27,"key":"Pen Nib"},{"floor":31,"key":"Red Mask"},{"floor":36,"key":"Unceasing Top"},{"floor":40,"key":"Dodecahedron"},{"floor":42,"key":"Lantern"},{"floor":43,"key":"Mercury Hourglass"}],"event_choices":[{"damage_healed":0,"gold_gain":0,"cards_transformed":["Zap"],"player_choice":"Change","damage_taken":0,"max_hp_gain":0,"max_hp_loss":0,"event_name":"Living Wall","floor":3,"gold_loss":0,"cards_obtained":["Tempest"]},{"damage_healed":0,"gold_gain":0,"player_choice":"Got Potions","damage_taken":0,"max_hp_gain":0,"max_hp_loss":0,"event_name":"Lab","floor":11,"gold_loss":0},{"damage_healed":0,"gold_gain":0,"player_choice":"Box","damage_taken":0,"relics_obtained":["Strawberry"],"max_hp_gain":0,"max_hp_loss":0,"event_name":"Big Fish","floor":14,"gold_loss":0,"cards_obtained":["Regret"]},{"damage_healed":0,"gold_gain":200,"player_choice":"Gold","damage_taken":0,"max_hp_gain":0,"max_hp_loss":0,"event_name":"Wheel of Change","floor":21,"gold_loss":0},{"damage_healed":0,"gold_gain":0,"player_choice":"Became a vampire","damage_taken":0,"max_hp_gain":0,"max_hp_loss":25,"event_name":"Vampires","floor":24,"gold_loss":0,"cards_obtained":["Bite","Bite","Bite","Bite","Bite"]},{"damage_healed":0,"gold_gain":0,"player_choice":"Fought Bandits","damage_taken":0,"max_hp_gain":0,"max_hp_loss":0,"event_name":"Masked Bandits","floor":31,"gold_loss":0},{"damage_healed":0,"gold_gain":0,"player_choice":"Fight","damage_taken":0,"max_hp_gain":0,"max_hp_loss":0,"event_name":"MindBloom","floor":36,"gold_loss":0},{"damage_healed":0,"gold_gain":0,"player_choice":"Upgrade","damage_taken":0,"max_hp_gain":0,"max_hp_loss":0,"event_name":"Designer","floor":37,"gold_loss":40,"cards_upgraded":["White Noise"]},{"damage_healed":0,"gold_gain":0,"player_choice":"Embrace Madness","damage_taken":7,"max_hp_gain":0,"max_hp_loss":0,"event_name":"Winding Halls","floor":45,"gold_loss":0,"cards_obtained":["Madness","Madness"]}],"is_beta":false,"boss_relics":[{"not_picked":["Runic Pyramid","Lizard Tail"],"picked":"FrozenCore"},{"not_picked":["Runic Dome","Inserter"],"picked":"Coffee Dripper"}],"items_purged_floors":[20],"is_endless":false,"potions_floor_spawned":[1,5,6,7,8,16,27,29,31,35,38,40,48],"killed_by":"Time Eater","ascension_level":1}