{"gold_per_floor":[114,130,130,150,150,150,170,170,170,184,184],"floor_reached":11,"playtime":451,"items_purged":[],"score":78,"play_id":"7557ab1d-6195-42f3-90a6-be4b2e188270","local_time":"20190306140935","is_ascension_mode":true,"campfire_choices":[{"data":"Hologram","floor":6,"key":"SMITH"},{"data":"Capacitor","floor":8,"key":"SMITH"}],"neow_cost":"NONE","seed_source_timestamp":43365860190364,"circlet_count":0,"master_deck":["Strike_B","Strike_B","Strike_B","Strike_B","Defend_B","Defend_B","Defend_B","Defend_B","Zap+1","Dualcast","Consume","Hologram+1","Capacitor+1","Coolheaded+1","Seek+1"],"relics":["Cracked Core","Toxic Egg 2","Darkstone Periapt"],"potions_floor_usage":[7],"damage_taken":[{"damage":2,"enemies":"Jaw Worm","floor":1,"turns":2},{"damage":0,"enemies":"2 Louse","floor":2,"turns":2},{"damage":2,"enemies":"Small Slimes","floor":4,"turns":3},{"damage":8,"enemies":"Exordium Thugs","floor":7,"turns":4},{"damage":14,"enemies":"Red Slaver","floor":10,"turns":3},{"damage":25,"enemies":"Gremlin Nob","floor":11,"turns":4}],"seed_played":"8266127744741284917","potions_obtained":[{"floor":2,"key":"Explosive Potion"},{"floor":10,"key":"Strength Potion"}],"is_trial":false,"path_per_floor":["M","M","?","M","?","R","M","R","T","M","E"],"character_chosen":"DEFECT","items_purchased":[],"campfire_rested":0,"item_purchase_floors":[],"current_hp_per_floor":[73,73,73,71,64,64,56,56,56,42,17],"gold":184,"neow_bonus":"UPGRADE_CARD","is_prod":false,"is_daily":false,"chose_seed":false,"campfire_upgraded":2,"win_rate":0,"timestamp":1551902975,"path_taken":["M","M","?","M","?","R","M","R","T","M","E"],"build_version":"2019-01-23","purchased_purges":0,"victory":false,"max_hp_per_floor":[75,75,75,75,75,75,75,75,75,75,75],"card_choices":[{"not_picked":["Conserve Battery","Leap"],"picked":"Consume","floor":1},{"not_picked":["Reinforced Body","Compile Driver"],"picked":"Hologram","floor":2},{"not_picked":["Gash","Storm"],"picked":"Capacitor","floor":4},{"not_picked":["Barrage","Darkness+1"],"picked":"Coolheaded+1","floor":7},{"not_picked":["Steam+1","Beam Cell"],"picked":"Seek+1","floor":10}],"player_experience":230494,"relics_obtained":[{"floor":9,"key":"Darkstone Periapt"}],"event_choices":[{"damage_healed":0,"gold_gain":0,"player_choice":"Ignored","damage_taken":0,"max_hp_gain":0,"max_hp_loss":0,"event_name":"Liars Game","floor":3,"gold_loss":0},{"damage_healed":0,"gold_gain":0,"player_choice":"Success","damage_taken":7,"relics_obtained":["Toxic Egg 2"],"max_hp_gain":0,"max_hp_loss":0,"event_name":"Scrap Ooze","floor":5,"gold_loss":0}],"is_beta":false,"boss_relics":[],"items_purged_floors":[],"is_endless":false,"potions_floor_spawned":[2,10],"killed_by":"Gremlin Nob","ascension_level":4}