{"path_per_floor":["M","M","?","M","$","R","E","R","T","M","M","R","E","?","R","B",null,"M","M","?","M","$","M","E","?","T","M","T","M","R","E","R","B",null,"M","?","$","M","?","R","E","M","T","R","M","?","R","$","R","B"],"character_chosen":"IRONCLAD","items_purchased":["Inflame","Fire Potion","Mercury Hourglass","Shrug It Off","Centennial Puzzle","Metallicize"],"gold_per_floor":[113,127,127,139,16,16,50,50,125,145,155,155,188,188,188,264,264,279,290,290,310,29,46,74,102,149,163,163,174,174,207,207,284,284,297,297,53,69,69,69,104,116,116,116,128,128,128,56,56,56],"floor_reached":51,"campfire_rested":1,"playtime":2482,"item_purchase_floors":[5,5,22,22,37,48],"current_hp_per_floor":[74,69,64,64,64,64,57,57,57,62,61,61,50,50,50,53,71,53,48,27,40,40,53,42,48,48,52,52,62,62,60,60,52,80,66,66,66,61,53,53,38,57,57,57,58,58,58,58,87,47],"items_purged":[],"gold":56,"score":1256,"play_id":"7f354a13-fac9-4ec5-a60b-a7bfed68246e","local_time":"20180525212737","is_prod":false,"is_daily":false,"chose_seed":false,"is_ascension_mode":true,"campfire_upgraded":9,"win_rate":0,"timestamp":1527276457,"campfire_choices":[{"data":"Armaments","floor":6,"key":"SMITH"},{"data":"Limit Break","floor":8,"key":"SMITH"},{"data":"Havoc","floor":12,"key":"SMITH"},{"data":"Clothesline","floor":15,"key":"SMITH"},{"data":"Shrug It Off","floor":30,"key":"SMITH"},{"data":"Inflame","floor":32,"key":"SMITH"},{"data":"Secret Weapon","floor":40,"key":"SMITH"},{"data":"Disarm","floor":44,"key":"SMITH"},{"data":"Body Slam","floor":47,"key":"SMITH"},{"floor":49,"key":"REST"}],"path_taken":["M","M","?","M","$","R","E","R","T","M","?","R","E","?","R","BOSS","M","M","?","?","$","M","E","?","T","?","?","M","R","E","R","BOSS","M","?","$","M","?","R","E","?","T","R","M","?","R","?","R","BOSS"],"build_version":"2018-05-24","seed_source_timestamp":225998629223546,"purchased_purges":0,"victory":true,"master_deck":["Strike_R","Defend_R","Defend_R","Defend_R","Defend_R","Bash+1","AscendersBane","Pommel Strike","Twin Strike","Armaments+1","Inflame+1","Limit Break+1","Clothesline+1","Havoc+1","Headbutt","Seeing Red+1","Necronomicurse","Shrug It Off","Shrug It Off","Shrug It Off+1","Disarm+1","Havoc+1","Body Slam+1","Barricade+1","Evolve+1","Secret Weapon+1","Dark Shackles","Body Slam+1","Metallicize"],"max_hp_per_floor":[75,75,75,75,75,75,75,75,75,75,75,75,75,75,75,77,77,79,81,81,83,83,83,83,83,83,85,85,87,87,87,87,89,89,91,91,91,93,95,95,97,99,99,99,99,99,99,99,99,99],"relics":["Burning Blood","Singing Bowl","Shuriken","Meat on the Bone","Bronze Scales","Sozu","Necronomicon","Mercury Hourglass","Bottled Lightning","Red Mask","Omamori","Dodecahedron","Bottled Tornado","Astrolabe","Centennial Puzzle","Peace Pipe","Unceasing Top"],"card_choices":[{"not_picked":["Dropkick","Clash"],"picked":"Pommel Strike","floor":1},{"not_picked":["Pommel Strike","Perfected Strike"],"picked":"Twin Strike","floor":2},{"not_picked":["True Grit","Clothesline"],"picked":"Armaments","floor":4},{"not_picked":["Rampage","Hemokinesis"],"picked":"Limit Break","floor":7},{"not_picked":["Warcry","Dual Wield"],"picked":"Clothesline","floor":10},{"not_picked":["Clash","True Grit"],"picked":"Havoc","floor":11},{"not_picked":["Fire Breathing","Wild Strike"],"picked":"Headbutt","floor":13},{"not_picked":["Bludgeon","Demon Form","Double Tap"],"picked":"Singing Bowl","floor":16},{"not_picked":["Combust","Wild Strike","Corruption"],"picked":"Singing Bowl","floor":18},{"not_picked":["Thunderclap","Armaments","Corruption"],"picked":"Singing Bowl","floor":19},{"not_picked":["Barricade","Power Through+1","Intimidate"],"picked":"Singing Bowl","floor":21},{"not_picked":["Dropkick","Body Slam"],"picked":"Shrug It Off","floor":23},{"not_picked":["Thunderclap","Armaments"],"picked":"Shrug It Off","floor":24},{"not_picked":["Rampage","Flame Barrier"],"picked":"Disarm","floor":25},{"not_picked":["Heavy Blade","Clothesline","Cleave"],"picked":"Singing Bowl","floor":27},{"not_picked":["Armaments","Thunderclap","Fire Breathing"],"picked":"Singing Bowl","floor":29},{"not_picked":["Iron Wave","Metallicize"],"picked":"Havoc+1","floor":31},{"not_picked":["Berserk","Juggernaut","Impervious"],"picked":"Singing Bowl","floor":33},{"not_picked":["Wild Strike","Heavy Blade","Inflame"],"picked":"Singing Bowl","floor":35},{"not_picked":["Rage","Evolve","Bloodletting+1"],"picked":"Singing Bowl","floor":38},{"not_picked":["Good Instincts","Finesse"],"picked":"Secret Weapon","floor":39},{"not_picked":["Transmutation","Panache"],"picked":"Dark Shackles","floor":39},{"not_picked":["Finesse","Mind Blast","Apotheosis"],"picked":"Singing Bowl","floor":39},{"not_picked":["Anger","Headbutt","True Grit"],"picked":"Singing Bowl","floor":41},{"not_picked":["Rampage","True Grit","Havoc"],"picked":"Singing Bowl","floor":42},{"not_picked":["Clothesline","Infernal Blade+1"],"picked":"Body Slam","floor":45}],"player_experience":562085,"potions_floor_usage":[7,7,19,50],"damage_taken":[{"damage":0,"enemies":"2 Louse","floor":1,"turns":3},{"damage":11,"enemies":"Jaw Worm","floor":2,"turns":4},{"damage":6,"enemies":"Cultist","floor":4,"turns":3},{"damage":13,"enemies":"3 Sentries","floor":7,"turns":5},{"damage":1,"enemies":"Looter","floor":10,"turns":4},{"damage":7,"enemies":"3 Louse","floor":11,"turns":3},{"damage":17,"enemies":"Lagavulin","floor":13,"turns":7},{"damage":17,"enemies":"The Guardian","floor":16,"turns":10},{"damage":26,"enemies":"Shell Parasite","floor":18,"turns":4},{"damage":25,"enemies":"2 Thieves","floor":19,"turns":3},{"damage":7,"enemies":"Snecko","floor":21,"turns":4},{"damage":5,"enemies":"Snake Plant","floor":23,"turns":3},{"damage":29,"enemies":"Book of Stabbing","floor":24,"turns":4},{"damage":12,"enemies":"Masked Bandits","floor":25,"turns":3},{"damage":16,"enemies":"Cultist and Chosen","floor":27,"turns":6},{"damage":10,"enemies":"3 Cultists","floor":29,"turns":5},{"damage":20,"enemies":"Slavers","floor":31,"turns":6},{"damage":28,"enemies":"Champ","floor":33,"turns":7},{"damage":22,"enemies":"3 Darklings","floor":35,"turns":5},{"damage":13,"enemies":"Flame Bruiser 1 Orb","floor":38,"turns":5},{"damage":35,"enemies":"2 Orb Walkers","floor":41,"turns":5},{"damage":1,"enemies":"Spire Growth","floor":42,"turns":3},{"damage":5,"enemies":"Flame Bruiser 2 Orb","floor":45,"turns":5},{"damage":67,"enemies":"Time Eater","floor":50,"turns":10}],"relics_obtained":[{"floor":7,"key":"Shuriken"},{"floor":9,"key":"Meat on the Bone"},{"floor":13,"key":"Bronze Scales"},{"floor":20,"key":"Necronomicon"},{"floor":24,"key":"Bottled Lightning"},{"floor":25,"key":"Red Mask"},{"floor":26,"key":"Omamori"},{"floor":28,"key":"Dodecahedron"},{"floor":31,"key":"Bottled Tornado"},{"floor":41,"key":"Peace Pipe"},{"floor":43,"key":"Unceasing Top"}],"event_choices":[{"event_name":"Scrap Ooze","player_choice":"success","floor":3,"damage_taken":5},{"event_name":"Living Wall","player_choice":"Change","floor":14,"damage_taken":0},{"event_name":"Cursed Tome","player_choice":"Obtained Book","floor":20,"damage_taken":0},{"event_name":"Masked Bandits","player_choice":"Fought over 74 gold","floor":25,"damage_taken":0},{"event_name":"Upgrade Shrine","player_choice":"Upgraded","floor":36,"damage_taken":0},{"event_name":"SensoryStone","player_choice":"Memory 3","floor":39,"damage_taken":0},{"event_name":"Mysterious Sphere","player_choice":"Ignore","floor":46,"damage_taken":0}],"boss_relics":[{"not_picked":["Lizard Tail","Orrery"],"picked":"Sozu"},{"not_picked":["Black Star","Philosopher\u0027s Stone"],"picked":"Astrolabe"}],"items_purged_floors":[],"potions_floor_spawned":[2,4,13,23,24,25,27,33,45],"seed_played":"-5379288011669706114","ascension_level":15,"potions_obtained":[{"floor":2,"key":"AttackPotion"},{"floor":4,"key":"PowerPotion"},{"floor":13,"key":"BloodPotion"}],"is_trial":false}