{"gold_per_floor":[111,57,71,91,110,110,110,110,110,110,122,134,134,168,168,272,272,286,286,196,210,227,227],"floor_reached":23,"playtime":726,"items_purged":[],"score":218,"play_id":"35928049-96ef-4137-8233-0d0701a2c9cd","local_time":"20190305182407","is_ascension_mode":false,"campfire_choices":[{"data":"Clothesline","floor":6,"key":"SMITH"},{"data":"Shockwave","floor":8,"key":"SMITH"},{"data":"Infernal Blade","floor":10,"key":"SMITH"},{"data":"Disarm","floor":15,"key":"SMITH"}],"neow_cost":"NONE","seed_source_timestamp":10339307450906,"circlet_count":0,"master_deck":["Strike_R","Defend_R","Defend_R","Defend_R","Defend_R+1","Bash","Clothesline+1","Shrug It Off","Infernal Blade+1","Shockwave+1","Cleave","Spot Weakness","Flame Barrier","Disarm+1","Offering","Disarm+1","Seeing Red+1","Headbutt+1","Reckless Charge","Ghostly","Ghostly","Ghostly","Ghostly","Ghostly","Rage+1","Shockwave+1"],"relics":["Burning Blood","Boot","WarpedTongs","Singing Bowl","Du-Vu Doll","Astrolabe"],"potions_floor_usage":[16,16,16,23],"damage_taken":[{"damage":1,"enemies":"Cultist","floor":1,"turns":3},{"damage":10,"enemies":"Small Slimes","floor":3,"turns":4},{"damage":9,"enemies":"2 Louse","floor":4,"turns":3},{"damage":0,"enemies":"Looter","floor":5,"turns":4},{"damage":0,"enemies":"Lots of Slimes","floor":11,"turns":2},{"damage":3,"enemies":"Exordium Wildlife","floor":12,"turns":4},{"damage":12,"enemies":"Gremlin Nob","floor":14,"turns":3},{"damage":10,"enemies":"Slime Boss","floor":16,"turns":11},{"damage":24,"enemies":"Spheric Guardian","floor":18,"turns":10},{"damage":9,"enemies":"Shell Parasite","floor":21,"turns":6},{"damage":3,"enemies":"Snake Plant","floor":22,"turns":7},{"damage":48,"enemies":"Gremlin Leader","floor":23,"turns":8}],"seed_played":"6632068672210299127","potions_obtained":[{"floor":11,"key":"Swift Potion"},{"floor":12,"key":"LiquidBronze"},{"floor":14,"key":"Poison Potion"},{"floor":16,"key":"BloodPotion"},{"floor":22,"key":"Strength Potion"}],"is_trial":false,"path_per_floor":["M","$","M","M","M","R","?","R","T","R","M","M","?","E","R","B",null,"M","?","?","M","M","E"],"character_chosen":"IRONCLAD","items_purchased":["Shrug It Off"],"campfire_rested":0,"item_purchase_floors":[2],"current_hp_per_floor":[80,80,76,73,79,79,79,79,79,79,80,80,80,74,74,70,80,62,40,40,37,40,0],"gold":227,"neow_bonus":"RANDOM_COMMON_RELIC","is_prod":false,"is_daily":false,"chose_seed":false,"campfire_upgraded":4,"win_rate":0,"timestamp":1551831847,"path_taken":["M","$","?","M","M","R","?","R","T","R","?","M","?","E","R","BOSS","M","?","?","?","M","E"],"build_version":"2019-01-23","purchased_purges":0,"victory":false,"max_hp_per_floor":[80,80,80,80,80,80,80,80,80,80,80,80,80,80,80,80,80,80,40,40,40,40,40],"card_choices":[{"not_picked":["Twin Strike","Perfected Strike"],"picked":"Clothesline","floor":1},{"not_picked":["Dropkick","Entrench"],"picked":"Infernal Blade","floor":3},{"not_picked":["Seeing Red","Headbutt"],"picked":"Shockwave","floor":4},{"not_picked":["Anger","Havoc"],"picked":"Cleave","floor":5},{"not_picked":["Anger","Wild Strike"],"picked":"Spot Weakness","floor":11},{"not_picked":["Clothesline","Pommel Strike"],"picked":"Flame Barrier","floor":12},{"not_picked":["Berserk","Searing Blow"],"picked":"Disarm","floor":14},{"not_picked":["Barricade","Fiend Fire"],"picked":"Offering","floor":16},{"not_picked":["Body Slam","Shrug It Off"],"picked":"Reckless Charge","floor":18},{"not_picked":["Clothesline","Intimidate"],"picked":"Rage+1","floor":21},{"not_picked":["Sword Boomerang+1","Shrug It Off"],"picked":"Shockwave+1","floor":22}],"player_experience":989455,"relics_obtained":[{"floor":9,"key":"Singing Bowl"},{"floor":14,"key":"Du-Vu Doll"}],"event_choices":[{"damage_healed":0,"gold_gain":0,"player_choice":"Rummage","damage_taken":0,"relics_obtained":["WarpedTongs"],"max_hp_gain":0,"max_hp_loss":0,"event_name":"Accursed Blacksmith","floor":7,"gold_loss":0,"cards_obtained":["Pain"]},{"cards_removed":["Pain"],"damage_healed":0,"gold_gain":0,"player_choice":"Forget","damage_taken":0,"max_hp_gain":0,"max_hp_loss":0,"event_name":"Living Wall","floor":13,"gold_loss":0},{"damage_healed":0,"gold_gain":0,"player_choice":"Became a Ghost","damage_taken":0,"max_hp_gain":0,"max_hp_loss":40,"event_name":"Ghosts","floor":19,"gold_loss":0,"cards_obtained":["Ghostly","Ghostly","Ghostly","Ghostly","Ghostly"]},{"cards_removed":["Strike_R"],"damage_healed":0,"gold_gain":0,"player_choice":"Upgrade and Remove","damage_taken":0,"max_hp_gain":0,"max_hp_loss":0,"event_name":"Designer","floor":20,"gold_loss":90,"cards_upgraded":["Defend_R"]}],"is_beta":false,"boss_relics":[{"not_picked":["Orrery","Runic Pyramid"],"picked":"Astrolabe"}],"items_purged_floors":[],"is_endless":false,"potions_floor_spawned":[11,12,14,16,22],"killed_by":"Gremlin Leader","ascension_level":0}