{"path_per_floor":["M","?","M","M","M","M","E","R","T","R","M","R","E","?","R","B",null,"M","M","M","$","M","R","$","R","T","E","M","?","R","M","R","B",null,"M","M","?","M","$","R","E","R","T","M","E","R","?","M","R","B"],"character_chosen":"IRONCLAD","items_purchased":["Metallicize","Matryoshka","Inflame","Strawberry"],"gold_per_floor":[113,113,133,152,172,191,251,251,251,251,269,269,300,300,300,405,405,416,428,444,122,138,138,101,101,173,207,217,217,217,235,235,330,330,348,362,362,382,227,227,257,257,257,273,305,305,305,322,322,322],"floor_reached":51,"campfire_rested":2,"playtime":3457,"current_hp_per_floor":[80,72,77,76,73,71,51,51,51,51,67,67,67,60,60,19,65,48,34,35,35,9,33,33,57,57,27,48,48,48,42,42,48,72,61,67,57,52,59,59,57,57,57,87,76,76,76,87,87,60],"items_purged":[],"gold":322,"score":1109,"play_id":"95f01b28-47d0-4ca4-8de7-8c209b377880","local_time":"20180420232613","is_prod":false,"is_daily":false,"chose_seed":false,"is_ascension_mode":true,"campfire_upgraded":10,"timestamp":1524259573,"path_taken":["M","?","M","?","M","M","E","R","T","R","M","R","E","?","R","BOSS","M","?","M","$","M","R","?","R","T","E","M","?","R","M","R","BOSS","M","M","?","M","$","R","E","R","T","M","E","R","?","M","R","BOSS"],"build_version":"2018-04-19","seed_source_timestamp":275372884679637,"purchased_purges":0,"victory":true,"master_deck":["Strike_R+1","Strike_R","Strike_R","Strike_R","Defend_R","Defend_R","Defend_R","Defend_R","Bash+1","AscendersBane","Reaper+1","Twin Strike","Pommel Strike+1","Twin Strike","Pummel+1","Uppercut+1","Armaments+1","Battle Trance","Spot Weakness","Metallicize+1","True Grit+1","Inflame","Impervious","Metallicize+1","Metallicize+1","Corruption+1","Demon Form+1","Anger+1","Sentinel+1","Madness","Madness","Metallicize+1","Flame Barrier+1","Metallicize+1","Impervious","Seeing Red+1"],"max_hp_per_floor":[80,80,80,80,80,80,80,80,80,80,80,80,80,80,80,80,80,80,80,80,80,80,80,80,80,80,80,80,80,80,80,80,80,80,80,80,80,80,87,87,87,87,87,87,87,87,87,87,87,87],"relics":["Burning Blood","Tiny Chest","Whetstone","Ancient Tea Set","Velvet Choker","Matryoshka","Orichalcum","Question Card","Blood Vial","Snecko Eye","Strawberry","Prayer Wheel","Dream Catcher","Gambling Chip","Happy Flower"],"card_choices":[{"not_picked":["Ghostly Armor","Corruption"],"picked":"Twin Strike","floor":1},{"not_picked":["Shrug It Off","True Grit"],"picked":"Pommel Strike","floor":3},{"not_picked":["Warcry","Sentinel"],"picked":"Twin Strike","floor":4},{"not_picked":["Armaments","Thunderclap"],"picked":"Pummel","floor":5},{"not_picked":["Body Slam","Perfected Strike"],"picked":"Uppercut","floor":6},{"not_picked":["Perfected Strike","Barricade"],"picked":"Armaments","floor":7},{"not_picked":["Dual Wield","Fire Breathing"],"picked":"Battle Trance","floor":18},{"not_picked":["Warcry","Cleave"],"picked":"Spot Weakness","floor":19},{"not_picked":["Flex","Shockwave"],"picked":"True Grit","floor":22},{"not_picked":["Sentinel","Body Slam","Rage"],"picked":"Impervious","floor":27},{"not_picked":["Wild Strike","Flex","Warcry"],"picked":"Metallicize","floor":28},{"not_picked":["Headbutt","True Grit","Thunderclap"],"picked":"Corruption","floor":31},{"not_picked":["Impervious","Berserk","Double Tap"],"picked":"Demon Form","floor":33},{"not_picked":["Havoc","Dual Wield","Twin Strike"],"picked":"Anger","floor":35},{"not_picked":["Iron Wave","Pummel","Pommel Strike"],"picked":"Sentinel","floor":36},{"not_picked":["Seeing Red","Shrug It Off","Carnage"],"picked":"Metallicize","floor":41},{"not_picked":["Heavy Blade","Perfected Strike","Clash"],"picked":"Flame Barrier","floor":43},{"not_picked":["Cleave","Clash","Entrench"],"picked":"Metallicize","floor":44},{"not_picked":["Armaments","Havoc","Clothesline"],"picked":"Impervious","floor":45},{"not_picked":["Burning Pact","Dual Wield","Anger"],"picked":"Seeing Red","floor":48}],"player_experience":377170,"potions_floor_usage":[7,7,13,16,22,27,33,33,50,50,50],"damage_taken":[{"damage":4,"enemies":"2 Louse","floor":1,"turns":4},{"damage":1,"enemies":"Cultist","floor":3,"turns":3},{"damage":7,"enemies":"Jaw Worm","floor":4,"turns":3},{"damage":17,"enemies":"Exordium Wildlife","floor":5,"turns":5},{"damage":14,"enemies":"3 Louse","floor":6,"turns":4},{"damage":26,"enemies":"Lagavulin","floor":7,"turns":6},{"damage":10,"enemies":"Gremlin Gang","floor":11,"turns":3},{"damage":6,"enemies":"Gremlin Nob","floor":13,"turns":3},{"damage":47,"enemies":"The Guardian","floor":16,"turns":15},{"damage":23,"enemies":"2 Thieves","floor":18,"turns":4},{"damage":20,"enemies":"Spheric Guardian","floor":19,"turns":5},{"damage":10,"enemies":"Snecko","floor":20,"turns":4},{"damage":37,"enemies":"Snake Plant","floor":22,"turns":7},{"damage":36,"enemies":"Gremlin Leader","floor":27,"turns":7},{"damage":11,"enemies":"Centurion and Healer","floor":28,"turns":6},{"damage":19,"enemies":"Cultist and Chosen","floor":31,"turns":9},{"damage":54,"enemies":"Collector","floor":33,"turns":10},{"damage":19,"enemies":"Orb Walker","floor":35,"turns":6},{"damage":17,"enemies":"3 Shapes","floor":36,"turns":4},{"damage":38,"enemies":"Sphere and 2 Shapes","floor":38,"turns":5},{"damage":10,"enemies":"Nemesis","floor":41,"turns":7},{"damage":4,"enemies":"Maw","floor":44,"turns":6},{"damage":33,"enemies":"2 Orb Walkers","floor":45,"turns":7},{"damage":11,"enemies":"4 Shapes","floor":48,"turns":6},{"damage":33,"enemies":"Awakened One","floor":50,"turns":8}],"event_choices":[{"event_name":"Wheel of Change","player_choice":"Damage","floor":2,"damage_taken":0},{"event_name":"Golden Wing","player_choice":"Card Removal","floor":14,"damage_taken":0},{"event_name":"Duplicator","player_choice":"One dupe","floor":29,"damage_taken":0},{"event_name":"Winding Halls","player_choice":"Embrace Madness","floor":37,"damage_taken":0},{"event_name":"The Lab","player_choice":"Got Potions","floor":47,"damage_taken":0}],"boss_relics":[{"not_picked":["Cursed Key","Orrery"],"picked":"Velvet Choker"},{"not_picked":["Mark of Pain","Runic Cube"],"picked":"Snecko Eye"}],"potions_floor_spawned":[1,5,6,11,16,19,20,28,31,41,45,48],"seed_played":"-4128096955622503452","ascension_level":10,"is_trial":false}