{"gold_per_floor":[109,125,142,67,79,107,122,141,165,165,176,192,205,218,218,315,315,333,351,368,268,283,283,283,301,301,321,354,372,372,383,383,483,483,502,197,197,197,214,214,266,69,69,89,89,108,26,26,26,26],"floor_reached":51,"playtime":1980,"items_purged":["Cleave","Iron Wave","Parasite"],"score":779,"play_id":"c8256435-1e58-473a-8cbf-37729726e5b1","local_time":"20180912033511","daily_mods":["Draft"],"is_ascension_mode":false,"campfire_choices":[{"data":"Perfected Strike","floor":15,"key":"SMITH"},{"data":"Perfected Strike","floor":23,"key":"SMITH"},{"data":"Perfected Strike","floor":30,"key":"SMITH"},{"data":"Perfected Strike","floor":32,"key":"SMITH"},{"data":"Clash","floor":40,"key":"SMITH"},{"data":"Apotheosis","floor":45,"key":"SMITH"},{"floor":49,"key":"REST"}],"neow_cost":"","seed_source_timestamp":451090152899962,"circlet_count":0,"master_deck":["Sword Boomerang","Infernal Blade","Twin Strike","Carnage","Anger","Clash","Sword Boomerang","Perfected Strike+1","Perfected Strike+1","Cleave","Pommel Strike","Rage","Wild Strike","Clash","Perfected Strike+1","Clash+1","Double Tap+1","Perfected Strike+1","Clash","Clash+1","Wild Strike","Pommel Strike+1","Madness","Madness","Wild Strike","Apotheosis+1","Decay"],"relics":["Burning Blood","Art of War","Anchor","Cursed Key","MutagenicStrength","Pocketwatch","The Courier","Velvet Choker","Question Card","Torii","Ornamental Fan"],"potions_floor_usage":[29,31,33,35,46,46,50,50,50],"damage_taken":[{"damage":0,"enemies":"Jaw Worm","floor":1,"turns":2},{"damage":0,"enemies":"Small Slimes","floor":2,"turns":2},{"damage":0,"enemies":"Cultist","floor":3,"turns":2},{"damage":0,"enemies":"Lots of Slimes","floor":5,"turns":1},{"damage":25,"enemies":"Lagavulin","floor":6,"turns":4},{"damage":5,"enemies":"3 Louse","floor":7,"turns":2},{"damage":9,"enemies":"2 Fungi Beasts","floor":8,"turns":2},{"damage":3,"enemies":"Red Slaver","floor":11,"turns":2},{"damage":0,"enemies":"Exordium Thugs","floor":12,"turns":2},{"damage":0,"enemies":"Lots of Slimes","floor":13,"turns":2},{"damage":0,"enemies":"3 Louse","floor":14,"turns":2},{"damage":0,"enemies":"Slime Boss","floor":16,"turns":3},{"damage":0,"enemies":"2 Thieves","floor":18,"turns":2},{"damage":0,"enemies":"Shell Parasite","floor":19,"turns":2},{"damage":6,"enemies":"Shelled Parasite and Fungi","floor":20,"turns":2},{"damage":0,"enemies":"Snake Plant","floor":22,"turns":2},{"damage":0,"enemies":"Sentry and Sphere","floor":25,"turns":2},{"damage":12,"enemies":"3 Cultists","floor":27,"turns":3},{"damage":25,"enemies":"Slavers","floor":28,"turns":3},{"damage":0,"enemies":"Chosen and Byrds","floor":29,"turns":2},{"damage":0,"enemies":"Cultist and Chosen","floor":31,"turns":2},{"damage":21,"enemies":"Collector","floor":33,"turns":6},{"damage":7,"enemies":"3 Darklings","floor":35,"turns":3},{"damage":18,"enemies":"3 Shapes","floor":39,"turns":2},{"damage":15,"enemies":"Mysterious Sphere","floor":41,"turns":3},{"damage":2,"enemies":"Transient","floor":44,"turns":5},{"damage":0,"enemies":"Sphere and 2 Shapes","floor":46,"turns":2},{"damage":74,"enemies":"Time Eater","floor":50,"turns":6}],"seed_played":"-4401684072345037631","potions_obtained":[{"floor":5,"key":"Ancient Potion"},{"floor":6,"key":"LiquidBronze"},{"floor":7,"key":"GamblersBrew"},{"floor":8,"key":"Poison Potion"},{"floor":11,"key":"SteroidPotion"},{"floor":18,"key":"AttackPotion"},{"floor":33,"key":"Ancient Potion"},{"floor":35,"key":"Dexterity Potion"},{"floor":39,"key":"FearPotion"},{"floor":41,"key":"Fire Potion"}],"is_trial":true,"path_per_floor":["M","M","M","$","M","E","M","M","T","?","M","M","M","M","R","B",null,"M","M","M","$","M","R","?","M","T","M","E","M","R","M","R","B",null,"M","$","?","?","M","R","?","$","T","M","R","M","$","?","R","B"],"character_chosen":"IRONCLAD","items_purchased":["Question Card","Apotheosis","Fire Potion","Block Potion","AttackPotion"],"campfire_rested":1,"item_purchase_floors":[36,42,42,47,47],"current_hp_per_floor":[80,80,80,80,80,61,62,59,59,59,62,68,74,80,80,80,80,80,80,80,80,80,80,80,80,80,74,55,61,61,67,67,52,80,79,77,77,67,55,55,46,46,46,50,50,56,56,56,77,9],"gold":26,"neow_bonus":"","is_prod":false,"is_daily":false,"chose_seed":false,"campfire_upgraded":6,"win_rate":0,"timestamp":1536737711,"path_taken":["M","M","M","$","M","E","M","M","T","?","M","M","M","M","R","BOSS","M","M","?","$","M","R","?","M","T","M","E","M","R","M","R","BOSS","M","$","?","?","M","R","?","$","T","M","R","?","?","?","R","BOSS"],"build_version":"2018-09-06","purchased_purges":3,"victory":true,"max_hp_per_floor":[80,80,80,80,80,80,80,80,80,80,80,80,80,80,80,80,80,80,80,80,80,80,80,80,80,80,80,80,80,80,80,80,80,80,80,77,77,77,77,77,77,77,77,77,77,77,77,77,77,77],"card_choices":[{"not_picked":["Cleave","Body Slam"],"picked":"Sword Boomerang","floor":0},{"not_picked":["Ghostly Armor","Evolve"],"picked":"Cleave","floor":0},{"not_picked":["Iron Wave","Havoc"],"picked":"Infernal Blade","floor":0},{"not_picked":["Metallicize","Reckless Charge"],"picked":"Twin Strike","floor":0},{"not_picked":["Armaments","Clothesline"],"picked":"Carnage","floor":0},{"not_picked":["Warcry","Fire Breathing"],"picked":"Anger","floor":0},{"not_picked":["Second Wind","Cleave"],"picked":"Clash","floor":0},{"not_picked":["Iron Wave","Searing Blow"],"picked":"Cleave","floor":0},{"not_picked":["Iron Wave","Clothesline"],"picked":"Sword Boomerang","floor":0},{"not_picked":["Armaments","Havoc"],"picked":"Perfected Strike","floor":0},{"not_picked":["Entrench","Rampage"],"picked":"Perfected Strike","floor":0},{"not_picked":["Reckless Charge","Corruption"],"picked":"Cleave","floor":0},{"not_picked":["Sentinel","Iron Wave"],"picked":"Pommel Strike","floor":0},{"not_picked":["Dropkick","Second Wind"],"picked":"Iron Wave","floor":0},{"not_picked":["Sword Boomerang","Rampage"],"picked":"Rage","floor":0},{"not_picked":["Searing Blow","Heavy Blade","Warcry"],"picked":"SKIP","floor":1},{"not_picked":["Pummel","Sword Boomerang","Iron Wave"],"picked":"SKIP","floor":2},{"not_picked":["Clothesline","Combust","Inflame"],"picked":"SKIP","floor":3},{"not_picked":["Armaments","Infernal Blade","Bloodletting"],"picked":"SKIP","floor":5},{"not_picked":["Ghostly Armor","Sever Soul"],"picked":"Wild Strike","floor":6},{"not_picked":["Rampage","Rage","Havoc"],"picked":"SKIP","floor":7},{"not_picked":["Searing Blow","Thunderclap","Havoc"],"picked":"SKIP","floor":8},{"not_picked":["Clothesline","Intimidate","Reckless Charge"],"picked":"SKIP","floor":11},{"not_picked":["Exhume","Ghostly Armor"],"picked":"Clash","floor":12},{"not_picked":["Twin Strike","Sword Boomerang"],"picked":"Perfected Strike","floor":13},{"not_picked":["Sword Boomerang","Fire Breathing"],"picked":"Clash","floor":14},{"not_picked":["Juggernaut","Immolate"],"picked":"Double Tap","floor":16},{"not_picked":["Body Slam","Cleave+1","Headbutt"],"picked":"SKIP","floor":18},{"not_picked":["Bloodletting","Shrug It Off+1"],"picked":"Perfected Strike","floor":19},{"not_picked":["Cleave+1","Havoc","Sword Boomerang"],"picked":"SKIP","floor":20},{"not_picked":["Carnage","Sword Boomerang"],"picked":"Clash","floor":22},{"not_picked":["Reckless Charge","Metallicize","Havoc+1"],"picked":"SKIP","floor":25},{"not_picked":["Twin Strike+1","Combust"],"picked":"Clash+1","floor":27},{"not_picked":["Barricade","True Grit","Thunderclap+1"],"picked":"SKIP","floor":28},{"not_picked":["Rage","Pommel Strike"],"picked":"Wild Strike","floor":29},{"not_picked":["Rampage","Havoc","Heavy Blade"],"picked":"SKIP","floor":31},{"not_picked":["Seeing Red","Cleave"],"picked":"Pommel Strike+1","floor":35},{"not_picked":["Body Slam+1","Carnage+1","Headbutt","Reckless Charge+1"],"picked":"SKIP","floor":39},{"not_picked":["Evolve","Flame Barrier","True Grit"],"picked":"Wild Strike","floor":41},{"not_picked":["Havoc","Whirlwind","Heavy Blade","Pummel"],"picked":"SKIP","floor":44},{"not_picked":["Heavy Blade+1","Entrench+1","Flame Barrier+1","Inflame+1"],"picked":"SKIP","floor":46}],"player_experience":119822,"relics_obtained":[{"floor":6,"key":"Art of War"},{"floor":9,"key":"Anchor"},{"floor":26,"key":"Pocketwatch"},{"floor":28,"key":"The Courier"},{"floor":41,"key":"Torii"},{"floor":43,"key":"Ornamental Fan"}],"event_choices":[{"event_name":"Living Wall","player_choice":"Forget","floor":10,"damage_taken":0},{"event_name":"Drug Dealer","player_choice":"Inject Mutagens","floor":24,"damage_taken":0},{"event_name":"Upgrade Shrine","player_choice":"Upgraded","floor":37,"damage_taken":0},{"event_name":"Winding Halls","player_choice":"Embrace Madness","floor":38,"damage_taken":0},{"event_name":"Mysterious Sphere","player_choice":"Fight","floor":41,"damage_taken":0},{"event_name":"SensoryStone","player_choice":"Memory 1","floor":48,"damage_taken":0}],"is_beta":false,"boss_relics":[{"not_picked":["Runic Dome","Pandora\u0027s Box"],"picked":"Cursed Key"},{"not_picked":["Eternal Feather","Lizard Tail"],"picked":"Velvet Choker"}],"items_purged_floors":[4,21,36],"is_endless":false,"potions_floor_spawned":[5,6,7,8,11,14,18,22,33,35,39,41],"ascension_level":0}