{"gold_per_floor":[111,121,121,121,136,165,184,184,184,214,251,188,88,103,103,199,199,210,228,228,51,70,70,96,96,122,139,139,139,139,174,174,276,276,294,144,144,160,123,123,140,156,156,156,173,173,173,188,188,188],"floor_reached":51,"playtime":1824,"items_purged":["Defend_G","Strike_G","Bane","Dagger Spray"],"score":847,"play_id":"cadaccd6-db74-4304-881d-d3cebfa17d60","local_time":"20181019205149","is_ascension_mode":false,"campfire_choices":[{"data":"A Thousand Cuts","floor":8,"key":"SMITH"},{"data":"Glass Knife","floor":15,"key":"SMITH"},{"data":"Tactician","floor":23,"key":"SMITH"},{"data":"Acrobatics","floor":29,"key":"SMITH"},{"data":"Reflex","floor":32,"key":"SMITH"},{"data":"Expertise","floor":40,"key":"SMITH"},{"data":"Well Laid Plans","floor":44,"key":"SMITH"},{"data":"Quick Slash","floor":46,"key":"SMITH"},{"data":"Dagger Throw","floor":49,"key":"SMITH"}],"neow_cost":"TEN_PERCENT_HP_LOSS","seed_source_timestamp":169730633526067,"circlet_count":0,"master_deck":["Survivor","Neutralize","Backflip+1","Reflex+1","Flying Knee+1","Well Laid Plans+1","Dagger Throw+1","Glass Knife+1","Tactician+1","Grand Finale+1","Calculated Gamble+1","Quick Slash+1","Acrobatics+1","Expertise+1","Adrenaline+1","Madness+1","Madness+1","Concentrate+1","Escape Plan+1"],"relics":["Ring of the Snake","War Paint","MawBank","Pear","Pandora\u0027s Box","Whetstone","Blood Vial","Toxic Egg 2","Coffee Dripper","The Specimen","Tough Bandages"],"potions_floor_usage":[6,16],"damage_taken":[{"damage":0,"enemies":"Jaw Worm","floor":1,"turns":7},{"damage":0,"enemies":"2 Louse","floor":2,"turns":3},{"damage":3,"enemies":"Small Slimes","floor":5,"turns":4},{"damage":5,"enemies":"3 Sentries","floor":6,"turns":10},{"damage":1,"enemies":"Looter","floor":7,"turns":4},{"damage":0,"enemies":"Large Slime","floor":10,"turns":5},{"damage":5,"enemies":"Lagavulin","floor":11,"turns":6},{"damage":3,"enemies":"Exordium Wildlife","floor":14,"turns":4},{"damage":4,"enemies":"Hexaghost","floor":16,"turns":8},{"damage":0,"enemies":"Spheric Guardian","floor":18,"turns":2},{"damage":17,"enemies":"2 Thieves","floor":19,"turns":2},{"damage":15,"enemies":"Snake Plant","floor":22,"turns":2},{"damage":12,"enemies":"Gremlin Leader","floor":24,"turns":3},{"damage":0,"enemies":"Centurion and Healer","floor":27,"turns":1},{"damage":0,"enemies":"Slavers","floor":31,"turns":1},{"damage":0,"enemies":"Automaton","floor":33,"turns":3},{"damage":0,"enemies":"3 Shapes","floor":35,"turns":1},{"damage":0,"enemies":"3 Darklings","floor":38,"turns":1},{"damage":8,"enemies":"Jaw Worm Horde","floor":41,"turns":2},{"damage":0,"enemies":"4 Shapes","floor":42,"turns":1},{"damage":0,"enemies":"3 Darklings","floor":45,"turns":1},{"damage":0,"enemies":"Mind Bloom Boss Battle","floor":47,"turns":1},{"damage":0,"enemies":"Sphere and 2 Shapes","floor":48,"turns":1},{"damage":0,"enemies":"Donu and Deca","floor":50,"turns":1}],"seed_played":"7079037788557476341","potions_obtained":[{"floor":5,"key":"EssenceOfSteel"},{"floor":7,"key":"SpeedPotion"},{"floor":10,"key":"LiquidBronze"},{"floor":11,"key":"GamblersBrew"},{"floor":19,"key":"AttackPotion"}],"is_trial":false,"path_per_floor":["M","M","?","?","M","E","M","R","T","M","E","$","$","M","R","B",null,"M","M","?","$","M","R","E","?","T","M","?","R","$","E","R","B",null,"M","$","?","M","$","R","M","M","T","R","M","R","?","M","R","B"],"character_chosen":"THE_SILENT","items_purchased":["Acrobatics","Concentrate+1"],"campfire_rested":0,"item_purchase_floors":[21,39],"current_hp_per_floor":[63,63,56,61,58,53,52,52,52,52,57,57,57,54,54,50,78,78,61,61,61,46,46,34,34,34,36,78,78,78,78,78,78,78,78,78,68,70,70,70,64,66,66,66,68,68,70,72,72,74],"gold":188,"neow_bonus":"TRANSFORM_TWO_CARDS","is_prod":false,"is_daily":false,"chose_seed":false,"campfire_upgraded":9,"win_rate":0,"timestamp":1539949909,"path_taken":["M","M","?","?","M","E","M","R","T","M","E","?","$","M","R","BOSS","M","M","?","$","?","R","E","?","T","?","?","R","$","E","R","BOSS","M","$","?","M","$","R","M","M","T","R","M","R","?","M","R","BOSS"],"build_version":"2018-10-18","purchased_purges":4,"victory":true,"max_hp_per_floor":[63,63,63,68,68,68,68,68,68,68,78,78,78,78,78,78,78,78,78,78,78,78,78,78,78,78,78,78,78,78,78,78,78,78,78,78,78,78,78,78,78,78,78,78,78,78,78,78,78,78],"card_choices":[{"not_picked":["Dodge and Roll","Flechettes","Eviscerate"],"picked":"SKIP","floor":1},{"not_picked":["Slice","Outmaneuver"],"picked":"Reflex","floor":2},{"not_picked":["Poisoned Stab","Bouncing Flask"],"picked":"Flying Knee","floor":5},{"not_picked":["Setup","Endless Agony","PiercingWail"],"picked":"SKIP","floor":6},{"not_picked":["Deadly Poison","Cloak And Dagger"],"picked":"Well Laid Plans","floor":7},{"not_picked":["Tactician","Well Laid Plans"],"picked":"Dagger Throw","floor":10},{"not_picked":["Dodge and Roll","PiercingWail"],"picked":"Glass Knife","floor":11},{"not_picked":["Poisoned Stab","Crippling Poison"],"picked":"Tactician","floor":14},{"not_picked":["Die Die Die","Corpse Explosion"],"picked":"Grand Finale","floor":16},{"not_picked":["Slice+1","Outmaneuver","Poisoned Stab"],"picked":"SKIP","floor":18},{"not_picked":["Noxious Fumes+1","Catalyst","Slice+1"],"picked":"SKIP","floor":19},{"not_picked":["Acrobatics","Outmaneuver","Quick Slash+1"],"picked":"SKIP","floor":22},{"not_picked":["Blur+1","Concentrate","Noxious Fumes"],"picked":"SKIP","floor":24},{"not_picked":["Finisher+1","Sucker Punch","Underhanded Strike"],"picked":"SKIP","floor":27},{"not_picked":["Dash","Backflip","Footwork"],"picked":"SKIP","floor":31},{"not_picked":["Tools of the Trade","Malaise+1"],"picked":"Adrenaline+1","floor":33},{"not_picked":["Heel Hook","Cloak And Dagger+1","PiercingWail+1"],"picked":"SKIP","floor":35},{"not_picked":["Tactician+1","Quick Slash","Crippling Poison+1"],"picked":"SKIP","floor":38},{"not_picked":["Infinite Blades","Poisoned Stab+1","Flechettes+1"],"picked":"SKIP","floor":41},{"not_picked":["Sucker Punch+1","Expertise+1","Bane"],"picked":"SKIP","floor":42},{"not_picked":["Flying Knee+1","Choke","Quick Slash+1"],"picked":"SKIP","floor":45},{"not_picked":["Well Laid Plans","Deflect+1"],"picked":"Escape Plan+1","floor":48}],"player_experience":715197,"relics_obtained":[{"floor":6,"key":"War Paint"},{"floor":9,"key":"MawBank"},{"floor":11,"key":"Pear"},{"floor":24,"key":"Whetstone"},{"floor":26,"key":"Blood Vial"},{"floor":31,"key":"Toxic Egg 2"},{"floor":43,"key":"The Specimen"},{"floor":47,"key":"Tough Bandages"}],"event_choices":[{"cards_removed":["Strike_G"],"damage_healed":0,"gold_gain":0,"player_choice":"Card Removal","damage_taken":7,"max_hp_gain":0,"max_hp_loss":0,"event_name":"Golden Wing","floor":3,"gold_loss":0},{"damage_healed":0,"gold_gain":0,"player_choice":"Donut","damage_taken":0,"max_hp_gain":5,"max_hp_loss":0,"event_name":"Big Fish","floor":4,"gold_loss":0},{"damage_healed":0,"gold_gain":0,"player_choice":"Forge","damage_taken":0,"max_hp_gain":0,"max_hp_loss":0,"event_name":"Accursed Blacksmith","floor":20,"gold_loss":0,"cards_upgraded":["Calculated Gamble"]},{"damage_healed":0,"gold_gain":0,"cards_transformed":["Bouncing Flask","A Thousand Cuts"],"player_choice":"Became Test Subject","damage_taken":0,"max_hp_gain":0,"max_hp_loss":0,"event_name":"Drug Dealer","floor":25,"gold_loss":0,"cards_obtained":["Accuracy","Expertise"]},{"cards_removed":["Accuracy"],"damage_healed":42,"gold_gain":0,"player_choice":"Offered Uncommon","damage_taken":0,"max_hp_gain":0,"max_hp_loss":0,"event_name":"Bonfire Elementals","floor":28,"gold_loss":0},{"damage_healed":0,"gold_gain":0,"player_choice":"Embrace Madness","damage_taken":10,"max_hp_gain":0,"max_hp_loss":0,"event_name":"Winding Halls","floor":37,"gold_loss":0,"cards_obtained":["Madness","Madness"]},{"damage_healed":0,"gold_gain":0,"player_choice":"Fight","damage_taken":0,"max_hp_gain":0,"max_hp_loss":0,"event_name":"MindBloom","floor":47,"gold_loss":0}],"is_beta":false,"boss_relics":[{"not_picked":["Ring of the Serpent","Cursed Key"],"picked":"Pandora\u0027s Box"},{"not_picked":["Astrolabe","Runic Pyramid"],"picked":"Coffee Dripper"}],"items_purged_floors":[12,13,21,36],"is_endless":false,"potions_floor_spawned":[5,7,10,11,14,19,31,42,45,47],"ascension_level":0}