{"gold_per_floor":[119,131,131,131,131,131,163,163,163,176,237,162,178,142,142,246,246,263,277,277,277,202,202,214,214,238,238,255,281,281,298,298,402,402,416,416,429,251,251,251,251,274,274,1,20,20,33,46,46,46],"floor_reached":50,"playtime":3971,"items_purged":["Strike_R","Shame","Doubt"],"score":463,"play_id":"cf56369b-481c-410a-b426-ca877e53eeb5","local_time":"20190103162758","is_ascension_mode":false,"campfire_choices":[{"data":"Shrug It Off","floor":6,"key":"SMITH"},{"floor":8,"key":"REST"},{"data":"Demon Form","floor":15,"key":"SMITH"},{"data":"Fire Breathing","floor":23,"key":"SMITH"},{"floor":25,"key":"REST"},{"data":"Demon Form","floor":27,"key":"SMITH"},{"floor":30,"key":"REST"},{"data":"Flame Barrier","floor":32,"key":"SMITH"},{"data":"Fire Breathing","floor":40,"key":"SMITH"},{"data":"Searing Blow","floor":46,"key":"SMITH"},{"floor":49,"key":"REST"}],"neow_cost":"","seed_source_timestamp":1562530862037199,"circlet_count":0,"master_deck":["Strike_R","Strike_R","Strike_R","Strike_R","Defend_R","Defend_R","Defend_R","Defend_R","Clash","Shrug It Off+1","Thunderclap","Combust","Fire Breathing+1","Demon Form+1","Dropkick","Demon Form+1","Cleave","Searing Blow+1","Flame Barrier+1","Seeing Red+1","Juggernaut","Normality","Injury","Perfected Strike+1","Dark Shackles","Pommel Strike+1","Fire Breathing+1","Armaments+1","Entrench+1"],"relics":["Burning Blood","Question Card","Pear","Bag of Marbles","Meat on the Bone","Velvet Choker","MutagenicStrength","Matryoshka","Red Skull","PreservedInsect","Red Mask","Calling Bell","Oddly Smooth Stone","Sundial","FossilizedHelix","Strawberry","Bronze Scales","Unceasing Top","Lantern"],"potions_floor_usage":[16,16,33,33,45],"damage_taken":[{"damage":15,"enemies":"Jaw Worm","floor":1,"turns":4},{"damage":2,"enemies":"2 Louse","floor":2,"turns":2},{"damage":40,"enemies":"3 Sentries","floor":7,"turns":12},{"damage":0,"enemies":"Small Slimes","floor":10,"turns":3},{"damage":7,"enemies":"Looter","floor":13,"turns":3},{"damage":39,"enemies":"The Guardian","floor":16,"turns":7},{"damage":26,"enemies":"3 Byrds","floor":18,"turns":5},{"damage":10,"enemies":"Chosen","floor":19,"turns":4},{"damage":48,"enemies":"Sentry and Sphere","floor":24,"turns":7},{"damage":17,"enemies":"Snecko","floor":28,"turns":4},{"damage":8,"enemies":"Masked Bandits","floor":29,"turns":3},{"damage":0,"enemies":"3 Cultists","floor":31,"turns":4},{"damage":26,"enemies":"Champ","floor":33,"turns":8},{"damage":7,"enemies":"Orb Walker","floor":35,"turns":4},{"damage":43,"enemies":"3 Darklings","floor":37,"turns":7},{"damage":22,"enemies":"Writhing Mass","floor":45,"turns":6},{"damage":39,"enemies":"Sphere and 2 Shapes","floor":47,"turns":5},{"damage":18,"enemies":"Jaw Worm Horde","floor":48,"turns":5},{"damage":89,"enemies":"Awakened One","floor":50,"turns":7}],"seed_played":"1059659335531901288","potions_obtained":[{"floor":1,"key":"SpeedPotion"},{"floor":13,"key":"Strength Potion"},{"floor":18,"key":"LiquidBronze"},{"floor":28,"key":"EssenceOfSteel"},{"floor":35,"key":"Weak Potion"},{"floor":45,"key":"Energy Potion"}],"is_trial":false,"path_per_floor":["M","M","?","T","?","R","E","R","T","M","?","$","M","$","R","B",null,"M","M","?","?","$","R","M","R","T","R","M","?","R","M","R","B",null,"M","?","M","$","?","R","?","T","T","$","M","R","M","M","R","B"],"character_chosen":"IRONCLAD","items_purchased":["Fire Breathing","Dropkick","Fire Breathing","Lantern"],"campfire_rested":4,"item_purchase_floors":[12,14,38,44],"current_hp_per_floor":[71,75,72,82,82,82,48,75,75,81,81,81,80,80,80,59,90,70,66,66,66,66,66,36,63,63,63,52,62,89,90,90,70,90,89,89,52,52,52,52,90,97,97,97,81,81,60,60,89,0],"gold":46,"neow_bonus":"","is_prod":false,"is_daily":false,"chose_seed":false,"campfire_upgraded":7,"win_rate":0.0,"timestamp":1546550878,"path_taken":["M","M","?","?","?","R","E","R","T","M","?","?","M","$","R","BOSS","M","M","?","?","$","R","M","R","T","R","M","?","R","M","R","BOSS","M","?","M","$","?","R","?","?","T","$","?","R","M","M","R","BOSS"],"build_version":"2018-12-20","purchased_purges":3,"victory":false,"max_hp_per_floor":[80,80,80,90,90,90,90,90,90,90,90,90,90,90,90,90,90,90,90,90,90,90,90,90,90,90,90,90,90,90,90,90,90,90,90,90,90,90,90,90,90,97,97,97,97,97,97,97,97,97],"card_choices":[{"not_picked":["Pommel Strike","Second Wind"],"picked":"Clash","floor":1},{"not_picked":["Pommel Strike","Rage"],"picked":"Shrug It Off","floor":2},{"not_picked":["Seeing Red","Bludgeon","Sword Boomerang"],"picked":"Thunderclap","floor":7},{"not_picked":["Twin Strike","Disarm","Reckless Charge"],"picked":"Combust","floor":10},{"not_picked":["Cleave","Carnage","Body Slam"],"picked":"Demon Form","floor":13},{"not_picked":["Berserk","Double Tap","Feed"],"picked":"Demon Form","floor":16},{"not_picked":["Combust+1","Flex","Warcry"],"picked":"Cleave","floor":18},{"not_picked":["Clash","Burning Pact","Body Slam"],"picked":"Searing Blow","floor":19},{"not_picked":["Power Through","Rupture","Iron Wave"],"picked":"Flame Barrier","floor":24},{"not_picked":["Clash","Perfected Strike+1","Searing Blow+1","Uppercut"],"picked":"SKIP","floor":28},{"not_picked":["Inflame","Perfected Strike","Whirlwind+1"],"picked":"Seeing Red+1","floor":31},{"not_picked":["Reaper","Fiend Fire","Offering"],"picked":"Juggernaut","floor":33},{"not_picked":["Sword Boomerang","Whirlwind+1","Thunderclap"],"picked":"Perfected Strike+1","floor":35},{"not_picked":["Dramatic Entrance","Discovery","Trip"],"picked":"Dark Shackles","floor":36},{"not_picked":["Seeing Red","Body Slam","Sword Boomerang"],"picked":"Pommel Strike+1","floor":37},{"not_picked":["Thunderclap+1","Flex+1","Double Tap","Iron Wave"],"picked":"SKIP","floor":45},{"not_picked":["Warcry+1","Reckless Charge+1","Headbutt+1"],"picked":"Armaments+1","floor":47},{"not_picked":["Headbutt","Clash","Thunderclap+1"],"picked":"Entrench+1","floor":48}],"player_experience":0,"relics_obtained":[{"floor":4,"key":"Pear"},{"floor":7,"key":"Bag of Marbles"},{"floor":9,"key":"Meat on the Bone"},{"floor":26,"key":"Red Skull"},{"floor":26,"key":"PreservedInsect"},{"floor":29,"key":"Red Mask"},{"floor":34,"key":"Oddly Smooth Stone"},{"floor":34,"key":"Sundial"},{"floor":34,"key":"FossilizedHelix"},{"floor":42,"key":"Strawberry"},{"floor":42,"key":"Bronze Scales"},{"floor":43,"key":"Unceasing Top"}],"event_choices":[{"damage_healed":0,"gold_gain":0,"player_choice":"Success","damage_taken":3,"relics_obtained":["Question Card"],"max_hp_gain":0,"max_hp_loss":0,"event_name":"Scrap Ooze","floor":3,"gold_loss":0},{"damage_healed":0,"gold_gain":0,"player_choice":"Ignored","damage_taken":0,"max_hp_gain":0,"max_hp_loss":0,"event_name":"Liars Game","floor":5,"gold_loss":0},{"damage_healed":0,"gold_gain":61,"player_choice":"Gained Gold","damage_taken":0,"max_hp_gain":0,"max_hp_loss":0,"event_name":"Golden Wing","floor":11,"gold_loss":0},{"damage_healed":0,"gold_gain":0,"player_choice":"Inject Mutagens","damage_taken":0,"relics_obtained":["MutagenicStrength"],"max_hp_gain":0,"max_hp_loss":0,"event_name":"Drug Dealer","floor":20,"gold_loss":0},{"damage_healed":0,"gold_gain":0,"player_choice":"Opened","damage_taken":0,"relics_obtained":["Matryoshka"],"max_hp_gain":0,"max_hp_loss":0,"event_name":"The Mausoleum","floor":21,"gold_loss":0},{"damage_healed":0,"gold_gain":0,"player_choice":"Fought Bandits","damage_taken":0,"max_hp_gain":0,"max_hp_loss":0,"event_name":"Masked Bandits","floor":29,"gold_loss":0},{"damage_healed":0,"gold_gain":0,"player_choice":"Memory 1","damage_taken":0,"max_hp_gain":0,"max_hp_loss":0,"event_name":"SensoryStone","floor":36,"gold_loss":0},{"cards_removed":["Bash"],"damage_healed":0,"gold_gain":0,"player_choice":"Removed Attack","damage_taken":0,"max_hp_gain":0,"max_hp_loss":0,"event_name":"Falling","floor":39,"gold_loss":0},{"damage_healed":38,"gold_gain":0,"player_choice":"Heal","damage_taken":0,"max_hp_gain":0,"max_hp_loss":0,"event_name":"MindBloom","floor":41,"gold_loss":0,"cards_obtained":["Doubt"]}],"is_beta":false,"boss_relics":[{"not_picked":["Cursed Key","Runic Pyramid"],"picked":"Velvet Choker"},{"not_picked":["Snecko Eye","Tiny House"],"picked":"Calling Bell"}],"items_purged_floors":[22,38,44],"is_endless":false,"potions_floor_spawned":[1,13,18,28,35,45],"killed_by":"Awakened One","ascension_level":0}