{"gold_per_floor":[110,35,52,70,84,102,126,126,207,4,23,50,125,158,158,158],"floor_reached":16,"playtime":656,"items_purged":["Decay"],"score":137,"play_id":"091a27c2-f048-4f30-b7b5-cab41effc1f8","local_time":"20180912023257","is_ascension_mode":false,"campfire_choices":[{"data":"Perfected Strike","floor":8,"key":"SMITH"},{"floor":15,"key":"REST"}],"neow_cost":"CURSE","seed_source_timestamp":449994897231419,"circlet_count":0,"master_deck":["Strike_R","Strike_R","Strike_R","Strike_R","Strike_R","Defend_R","Defend_R","Defend_R","Defend_R","Bash","Perfected Strike+1","Twin Strike","Offering","Apotheosis","Pommel Strike"],"relics":["Burning Blood","Odd Mushroom","Gremlin Horn","Champion Belt","Strawberry"],"potions_floor_usage":[7,11,12,12,14],"damage_taken":[{"damage":12,"enemies":"Cultist","floor":1,"turns":4},{"damage":6,"enemies":"Jaw Worm","floor":3,"turns":4},{"damage":6,"enemies":"2 Louse","floor":4,"turns":2},{"damage":9,"enemies":"Blue Slaver","floor":5,"turns":3},{"damage":14,"enemies":"2 Fungi Beasts","floor":6,"turns":4},{"damage":29,"enemies":"The Mushroom Lair","floor":7,"turns":5},{"damage":12,"enemies":"Exordium Thugs","floor":11,"turns":3},{"damage":17,"enemies":"3 Sentries","floor":12,"turns":5},{"damage":24,"enemies":"Lagavulin","floor":14,"turns":3},{"damage":44,"enemies":"The Guardian","floor":16,"turns":11}],"seed_played":"-2262004395836457090","potions_obtained":[{"floor":1,"key":"SkillPotion"},{"floor":5,"key":"Energy Potion"},{"floor":6,"key":"AttackPotion"},{"floor":7,"key":"Explosive Potion"},{"floor":12,"key":"LiquidBronze"}],"is_trial":false,"path_per_floor":["M","$","M","M","M","M","?","R","T","$","M","E","?","E","R"],"character_chosen":"IRONCLAD","items_purchased":["Apotheosis"],"campfire_rested":1,"item_purchase_floors":[10],"current_hp_per_floor":[90,90,90,90,87,79,56,56,56,56,50,39,28,17,47,3],"gold":158,"neow_bonus":"TWENTY_PERCENT_HP_BONUS","is_prod":false,"is_daily":false,"chose_seed":false,"campfire_upgraded":1,"win_rate":0,"timestamp":1536733977,"path_taken":["M","$","M","M","M","M","?","R","T","$","M","E","?","E","R","BOSS"],"build_version":"2018-09-06","purchased_purges":1,"victory":false,"max_hp_per_floor":[96,96,96,96,96,96,96,96,96,96,96,96,96,103,103,103],"card_choices":[{"not_picked":["Thunderclap","Iron Wave","Disarm"],"picked":"SKIP","floor":1},{"not_picked":["Clash","Evolve"],"picked":"Perfected Strike","floor":3},{"not_picked":["Body Slam","Dropkick","Iron Wave"],"picked":"SKIP","floor":4},{"not_picked":["Body Slam","Sentinel","Anger"],"picked":"SKIP","floor":5},{"not_picked":["Cleave","Entrench"],"picked":"Twin Strike","floor":6},{"not_picked":["Shrug It Off","Rage"],"picked":"Offering","floor":7},{"not_picked":["Body Slam","Intimidate","Rampage"],"picked":"SKIP","floor":11},{"not_picked":["Hemokinesis","Shrug It Off"],"picked":"Pommel Strike","floor":12},{"not_picked":["Clothesline","Rampage","Fire Breathing"],"picked":"SKIP","floor":14}],"player_experience":117510,"relics_obtained":[{"floor":7,"key":"Odd Mushroom"},{"floor":9,"key":"Gremlin Horn"},{"floor":12,"key":"Champion Belt"},{"floor":14,"key":"Strawberry"}],"event_choices":[{"event_name":"Mushrooms","player_choice":"Fought Mushrooms","floor":7,"damage_taken":0},{"event_name":"World of Goop","player_choice":"Gather Gold","floor":13,"damage_taken":0}],"is_beta":false,"boss_relics":[],"items_purged_floors":[2],"is_endless":false,"potions_floor_spawned":[1,5,6,7,12],"killed_by":"The Guardian","ascension_level":0}