{"path_per_floor":["M","M","M","M","M","E","R","?","T","E","M","M","E","M","R","B",null,"M","?","M","?","?","R","$","R","T","M","M","E","R","M","R","B",null,"M","?","$","?","M","R","M","$","T","$","E","M","R","E","R","B"],"character_chosen":"DEFECT","items_purchased":["Go for the Eyes","Singing Bowl","Toxic Egg 2","Secret Weapon","Impulse"],"gold_per_floor":[114,131,145,160,176,208,208,208,255,283,299,311,340,358,358,453,453,472,472,485,485,485,485,281,281,308,322,337,370,370,380,380,482,482,494,494,494,547,561,561,574,112,112,64,94,110,110,136,136,136],"floor_reached":51,"campfire_rested":1,"playtime":4549,"current_hp_per_floor":[80,79,76,76,61,51,51,51,51,39,34,29,13,13,37,27,82,82,82,62,62,62,62,62,62,62,62,62,67,67,67,67,23,84,84,84,84,82,81,81,80,80,80,80,82,82,82,72,72,87],"items_purged":[],"gold":136,"score":724,"play_id":"abc4fde6-203b-42a3-8a9b-dce3640052c6","local_time":"20180506172310","is_prod":false,"is_daily":false,"chose_seed":false,"is_ascension_mode":false,"campfire_upgraded":8,"timestamp":1525620190,"path_taken":["M","M","M","M","M","E","R","?","T","E","M","M","E","M","R","BOSS","M","?","?","?","?","R","$","R","T","M","M","E","R","M","R","BOSS","M","?","?","?","M","R","M","$","T","$","E","M","R","E","R","BOSS"],"build_version":"2018-05-03","seed_source_timestamp":25975423948840,"purchased_purges":1,"victory":true,"master_deck":["Zap+1","Dualcast+1","Leap","Rebound","Gash+1","Rip and Tear","BootSequence","Hologram+1","Seek","FTL","Scrape+1","Fusion+1","Streamline+1","Melter","White Noise+1","Scrape","FTL","Glacier","Coolheaded","Skim+1","Seek","Go for the Eyes","Auto Shields+1","Chill+1","Go for the Eyes","Prime+1","Beam Cell+1","Undo+1","Chaos+1","Secret Weapon+1","Impulse+1","Hologram+1","Hologram+1"],"max_hp_per_floor":[82,82,82,82,82,82,82,82,82,82,82,82,82,82,82,82,82,82,82,82,82,82,82,82,82,82,82,82,84,84,84,84,84,84,84,84,84,84,84,84,86,86,86,86,88,88,88,88,88,88],"relics":["Cracked Core","DataDisk","Omamori","Darkstone Periapt","Happy Flower","Pandora\u0027s Box","Singing Bowl","Pen Nib","Du-Vu Doll","Inserter","Dead Branch","Toxic Egg 2","Pantograph","Symbiotic Virus","Bag of Preparation"],"card_choices":[{"not_picked":["Aggregate","Melter"],"picked":"Leap","floor":1},{"not_picked":["Capacitor","Double Energy"],"picked":"Rebound","floor":2},{"not_picked":["Turbo","Sweeping Beam"],"picked":"Gash","floor":3},{"not_picked":["Skim","Beam Cell"],"picked":"Rip and Tear","floor":4},{"not_picked":["Hologram","Turbo"],"picked":"BootSequence","floor":5},{"not_picked":["Streamline","Skim"],"picked":"Hologram","floor":6},{"not_picked":["Rebound","Reinforced Body"],"picked":"Seek","floor":10},{"not_picked":["Impulse","Turbo"],"picked":"FTL","floor":11},{"not_picked":["Glacier","Axe Kick"],"picked":"Scrape","floor":14},{"not_picked":["Echo Form","Thunder Strike"],"picked":"Fusion","floor":16},{"not_picked":["Stack","Conserve Battery"],"picked":"Skim","floor":20},{"not_picked":["Stack","Double Energy"],"picked":"Auto Shields","floor":27},{"not_picked":["Capacitor","Leap"],"picked":"Chill","floor":28},{"not_picked":["Impulse","Nova"],"picked":"Go for the Eyes","floor":31},{"not_picked":["Rainbow","Seek"],"picked":"Prime","floor":33},{"not_picked":["Heatsinks","Sweeping Beam"],"picked":"Beam Cell","floor":35},{"not_picked":["Reinforced Body","Recycle"],"picked":"Undo","floor":38},{"not_picked":["Rip and Tear","Storm"],"picked":"Chaos","floor":39},{"not_picked":["Cold Snap","Sunder"],"picked":"Hologram","floor":46},{"not_picked":["Sweeping Beam","Seek"],"picked":"Hologram","floor":48}],"player_experience":521344,"potions_floor_usage":[6,10,12,16,16,29,33,50],"damage_taken":[{"damage":2,"enemies":"Small Slimes","floor":1,"turns":3},{"damage":1,"enemies":"Cultist","floor":2,"turns":3},{"damage":3,"enemies":"Jaw Worm","floor":3,"turns":4},{"damage":0,"enemies":"Large Slime","floor":4,"turns":5},{"damage":15,"enemies":"Lots of Slimes","floor":5,"turns":4},{"damage":16,"enemies":"Gremlin Nob","floor":6,"turns":3},{"damage":12,"enemies":"Lagavulin","floor":10,"turns":5},{"damage":5,"enemies":"Looter","floor":11,"turns":3},{"damage":5,"enemies":"Exordium Thugs","floor":12,"turns":3},{"damage":16,"enemies":"3 Sentries","floor":13,"turns":5},{"damage":0,"enemies":"Blue Slaver","floor":14,"turns":2},{"damage":10,"enemies":"The Guardian","floor":16,"turns":9},{"damage":0,"enemies":"Spheric Guardian","floor":18,"turns":1},{"damage":20,"enemies":"2 Thieves","floor":20,"turns":3},{"damage":0,"enemies":"Snake Plant","floor":27,"turns":3},{"damage":0,"enemies":"Cultist and Chosen","floor":28,"turns":8},{"damage":4,"enemies":"Book of Stabbing","floor":29,"turns":6},{"damage":0,"enemies":"Centurion and Healer","floor":31,"turns":4},{"damage":44,"enemies":"Automaton","floor":33,"turns":9},{"damage":0,"enemies":"Orb Walker","floor":35,"turns":2},{"damage":2,"enemies":"Mysterious Sphere","floor":38,"turns":6},{"damage":1,"enemies":"3 Shapes","floor":39,"turns":4},{"damage":3,"enemies":"Spire Growth","floor":41,"turns":4},{"damage":6,"enemies":"Nemesis","floor":45,"turns":7},{"damage":0,"enemies":"Maw","floor":46,"turns":5},{"damage":10,"enemies":"Giant Head","floor":48,"turns":10},{"damage":17,"enemies":"Awakened One","floor":50,"turns":10}],"event_choices":[{"event_name":"Accursed Blacksmith","player_choice":"Forge","floor":8,"damage_taken":0},{"event_name":"Ghosts","player_choice":"Ignored","floor":19,"damage_taken":0},{"event_name":"Duplicator","player_choice":"One dupe","floor":21,"damage_taken":0},{"event_name":"Drug Dealer","player_choice":"Ignored","floor":22,"damage_taken":0},{"event_name":"Wheel of Change","player_choice":"Card Removal","floor":36,"damage_taken":0},{"event_name":"Mysterious Sphere","player_choice":"Fight","floor":38,"damage_taken":0}],"boss_relics":[{"not_picked":["Calling Bell","Eternal Feather"],"picked":"Pandora\u0027s Box"},{"not_picked":["Philosopher\u0027s Stone","Black Star"],"picked":"Inserter"}],"potions_floor_spawned":[3,4,6,11,13,14,27,28,31,41,46],"seed_played":"-245365684887544820","ascension_level":0,"is_trial":false}