{"gold_per_floor":[110,130,141,67,85,85,116,291,315,345,378,378,394,319,319,418,418,429,429],"floor_reached":19,"playtime":1066,"items_purged":["Doubt"],"score":212,"play_id":"2ccd310f-89e4-4e4f-ba6e-470ac966d640","local_time":"20190306120231","is_ascension_mode":true,"campfire_choices":[{"data":"Rip and Tear","floor":6,"key":"SMITH"},{"data":"Hologram","floor":12,"key":"SMITH"},{"data":"Leap","floor":15,"key":"SMITH"}],"neow_cost":"NONE","seed_source_timestamp":2783938784045,"circlet_count":0,"master_deck":["Strike_B","Strike_B","Strike_B","Strike_B","Defend_B","Defend_B","Defend_B","Defend_B","Zap","Dualcast","White Noise","Leap+1","Loop","Capacitor","Rip and Tear+1","Glacier","Hologram+1","Ball Lightning","Biased Cognition","Leap+1"],"relics":["Cracked Core","NeowsBlessing","Lantern","Boot","Orichalcum","Eternal Feather"],"potions_floor_usage":[5,11,16,18],"damage_taken":[{"damage":0,"enemies":"Cultist","floor":1,"turns":1},{"damage":0,"enemies":"2 Louse","floor":2,"turns":1},{"damage":0,"enemies":"Jaw Worm","floor":3,"turns":1},{"damage":8,"enemies":"Blue Slaver","floor":5,"turns":4},{"damage":12,"enemies":"Lagavulin","floor":7,"turns":5},{"damage":27,"enemies":"Gremlin Nob","floor":11,"turns":4},{"damage":0,"enemies":"2 Fungi Beasts","floor":13,"turns":4},{"damage":24,"enemies":"The Guardian","floor":16,"turns":14},{"damage":13,"enemies":"Chosen","floor":18,"turns":5}],"seed_played":"-7870125434091556881","potions_obtained":[{"floor":2,"key":"PowerPotion"},{"floor":3,"key":"Strength Potion"},{"floor":7,"key":"Fire Potion"},{"floor":16,"key":"FocusPotion"}],"is_trial":false,"path_per_floor":["M","M","M","$","M","R","E","?","T","?","E","R","M","$","R","B",null,"M","?"],"character_chosen":"DEFECT","items_purchased":["Capacitor"],"campfire_rested":0,"item_purchase_floors":[4],"current_hp_per_floor":[75,75,75,75,67,67,55,55,55,55,28,28,28,28,28,4,75,62,62],"gold":429,"neow_bonus":"THREE_ENEMY_KILL","is_prod":false,"is_daily":false,"chose_seed":false,"campfire_upgraded":3,"win_rate":0,"timestamp":1551902551,"path_taken":["M","?","M","$","?","R","E","?","T","?","E","R","M","$","R","BOSS","M","?"],"build_version":"2019-01-23","purchased_purges":1,"victory":false,"max_hp_per_floor":[75,75,75,75,75,75,75,75,75,75,75,75,75,75,75,75,75,75,75],"card_choices":[{"not_picked":["Stack","Hello World"],"picked":"White Noise","floor":1},{"not_picked":["Go for the Eyes","Streamline"],"picked":"Leap","floor":2},{"not_picked":["Rebound","Streamline"],"picked":"Loop","floor":3},{"not_picked":["Turbo","Gash"],"picked":"Rip and Tear","floor":5},{"not_picked":["Leap","Double Energy"],"picked":"Glacier","floor":7},{"not_picked":["Hello World","Genetic Algorithm"],"picked":"Hologram","floor":11},{"not_picked":["Conserve Battery","Coolheaded"],"picked":"Ball Lightning","floor":13},{"not_picked":["All For One","Meteor Strike"],"picked":"Biased Cognition","floor":16},{"not_picked":["Ball Lightning","Reinforced Body+1"],"picked":"Leap+1","floor":18}],"player_experience":300730,"relics_obtained":[{"floor":7,"key":"Lantern"},{"floor":9,"key":"Boot"},{"floor":11,"key":"Orichalcum"}],"event_choices":[{"damage_healed":0,"gold_gain":175,"player_choice":"AGREE","damage_taken":0,"max_hp_gain":0,"max_hp_loss":0,"event_name":"Liars Game","floor":8,"gold_loss":0,"cards_obtained":["Doubt"]},{"damage_healed":0,"gold_gain":30,"player_choice":"Searched \u00272\u0027 times","damage_taken":0,"max_hp_gain":0,"max_hp_loss":0,"event_name":"Dead Adventurer","floor":10,"gold_loss":0}],"is_beta":false,"boss_relics":[{"not_picked":["Sozu","Nuclear Battery"],"picked":"Eternal Feather"}],"items_purged_floors":[14],"is_endless":false,"potions_floor_spawned":[2,3,7,16],"ascension_level":4}