{"gold_per_floor":[110,125,6,6,56,84,102,102,129,129,149,167,167,16,16,95,95,75,75,88,104,19,19,19],"floor_reached":24,"playtime":968,"items_purged":["Defend_G"],"score":442,"play_id":"2656bcc1-640b-4204-8ef6-eb583dc8998e","local_time":"20190304210607","is_ascension_mode":true,"campfire_choices":[{"floor":10.0,"key":"REST"},{"data":"Footwork","floor":15.0,"key":"SMITH"},{"floor":23.0,"key":"REST"}],"neow_cost":"NONE","seed_source_timestamp":254236812770014,"circlet_count":0,"master_deck":["AscendersBane","Defend_G","Defend_G+1","Defend_G","Defend_G","Strike_G","Strike_G","Strike_G","Strike_G","Survivor","Neutralize+1","Footwork+1","Sucker Punch","Blur","Terror","After Image","Dodge and Roll+1","Predator","Backstab","Footwork"],"special_seed":0,"relics":["Ring of the Snake","NeowsBlessing","Blood Vial","Oddly Smooth Stone","Sozu"],"potions_floor_usage":[24],"damage_taken":[{"damage":0.0,"enemies":"Small Slimes","floor":1.0,"turns":1.0},{"damage":0.0,"enemies":"Cultist","floor":2.0,"turns":1.0},{"damage":0.0,"enemies":"Gremlin Nob","floor":6.0,"turns":1.0},{"damage":4.0,"enemies":"Jaw Worm","floor":7.0,"turns":6.0},{"damage":0.0,"enemies":"2 Fungi Beasts","floor":11.0,"turns":4.0},{"damage":2.0,"enemies":"Large Slime","floor":12.0,"turns":11.0},{"damage":21.0,"enemies":"The Guardian","floor":16.0,"turns":19.0},{"damage":8.0,"enemies":"2 Thieves","floor":18.0,"turns":4.0},{"damage":0.0,"enemies":"Spheric Guardian","floor":20.0,"turns":7.0},{"damage":21.0,"enemies":"Shelled Parasite and Fungi","floor":21.0,"turns":7.0},{"damage":58,"enemies":"Gremlin Leader","floor":24,"turns":7}],"seed_played":"-329410704100202728","potions_obtained":[{"floor":1.0,"key":"PowerPotion"},{"floor":2.0,"key":"FearPotion"},{"floor":6.0,"key":"EntropicBrew"}],"is_trial":false,"path_per_floor":["M","M","$","?","?","E","M","?","T","R","M","M","?","$","R","B",null,"M","?","M","M","$","R","E"],"character_chosen":"THE_SILENT","items_purchased":["Footwork","Blur","Terror","Footwork"],"campfire_rested":2,"item_purchase_floors":[3,14,14,22],"current_hp_per_floor":[59,59,59,52,46,46,44,24,24,43,45,45,45,45,45,26,56,50,50,52,33,33,52,0],"gold":19,"neow_bonus":"THREE_ENEMY_KILL","is_prod":false,"is_daily":false,"chose_seed":false,"campfire_upgraded":1,"win_rate":0,"timestamp":1551762367,"path_taken":["M","M","$","?","?","E","?","?","T","R","M","M","?","?","R","BOSS","M","?","M","M","$","R","E"],"build_version":"2019-01-23","purchased_purges":1,"victory":false,"max_hp_per_floor":[66,66,66,66,66,66,66,66,66,66,66,66,66,66,66,66,66,66,66,66,66,66,66,66],"card_choices":[{"not_picked":["Masterful Stab","Flying Knee","Quick Slash"],"picked":"SKIP","floor":1.0},{"not_picked":["Quick Slash","Underhanded Strike","All Out Attack"],"picked":"SKIP","floor":2.0},{"not_picked":["Flying Knee","Dodge and Roll"],"picked":"Sucker Punch","floor":6.0},{"not_picked":["Caltrops","Bane","Eviscerate"],"picked":"SKIP","floor":7.0},{"not_picked":["Bane","Poisoned Stab","Distraction"],"picked":"SKIP","floor":11.0},{"not_picked":["Setup","Quick Slash","Sucker Punch"],"picked":"SKIP","floor":12.0},{"not_picked":["Glass Knife","Doppelganger"],"picked":"After Image","floor":16.0},{"not_picked":["Terror","Accuracy"],"picked":"Dodge and Roll+1","floor":18.0},{"not_picked":["Riddle With Holes","Choke","Dagger Throw"],"picked":"SKIP","floor":20.0},{"not_picked":["Tactician","Cloak And Dagger"],"picked":"Backstab","floor":21.0}],"player_experience":737005,"relics_obtained":[{"floor":6.0,"key":"Blood Vial"},{"floor":9.0,"key":"Oddly Smooth Stone"}],"event_choices":[{"cards_removed":["Strike_G"],"damage_healed":0.0,"max_hp_gain":0.0,"max_hp_loss":0.0,"gold_gain":0.0,"event_name":"Golden Wing","player_choice":"Card Removal","floor":4.0,"gold_loss":0.0,"damage_taken":7.0},{"damage_healed":0.0,"max_hp_gain":0.0,"max_hp_loss":0.0,"gold_gain":50.0,"event_name":"FaceTrader","player_choice":"Touch","floor":5.0,"gold_loss":0.0,"damage_taken":6.0},{"damage_healed":0.0,"max_hp_gain":0.0,"max_hp_loss":0.0,"gold_gain":0.0,"event_name":"Shining Light","player_choice":"Entered Light","floor":8.0,"gold_loss":0.0,"damage_taken":20.0,"cards_upgraded":["Defend_G","Neutralize"]},{"damage_healed":0.0,"max_hp_gain":0.0,"max_hp_loss":0.0,"gold_gain":0.0,"event_name":"Liars Game","player_choice":"Ignored","floor":13.0,"gold_loss":0.0,"damage_taken":0.0},{"damage_healed":0.0,"max_hp_gain":0.0,"max_hp_loss":0.0,"gold_gain":0.0,"event_name":"The Library","player_choice":"Read","floor":19.0,"gold_loss":0.0,"damage_taken":0.0,"cards_obtained":["Predator"]}],"is_beta":false,"boss_relics":[{"not_picked":["HoveringKite","Calling Bell"],"picked":"Sozu"}],"items_purged_floors":[3],"is_endless":false,"potions_floor_spawned":[1,2,6,21],"killed_by":"Gremlin Leader","ascension_level":20}