{"gold_per_floor":[116,126,144,144,156,156,156,32,57,88,88,108,108,125,125,225,225,243,254,274,374,59,76,87,117,192,192,225,225,225,242,242,242],"floor_reached":33,"playtime":2585,"items_purged":["Strike_R"],"score":498,"play_id":"5349394c-2354-461b-9023-718d2c9672ed","local_time":"20190205025114","is_ascension_mode":true,"campfire_choices":[{"data":"Searing Blow","floor":6.0,"key":"SMITH"},{"data":"Searing Blow+1","floor":11.0,"key":"SMITH"},{"data":"Searing Blow+2","floor":13.0,"key":"SMITH"},{"data":"Searing Blow+3","floor":15.0,"key":"SMITH"},{"floor":27,"key":"REST"},{"data":"Searing Blow+4","floor":29,"key":"SMITH"},{"data":"Seeing Red","floor":32,"key":"SMITH"}],"neow_cost":"PERCENT_DAMAGE","seed_source_timestamp":188140898444523,"circlet_count":0,"master_deck":["AscendersBane","Strike_R","Strike_R","Defend_R+1","Defend_R","Defend_R","Defend_R+1","Bash","Searing Blow+5","Iron Wave","Battle Trance","Pommel Strike","Shrug It Off","Metallicize","Feed","Headbutt","Flame Barrier","Barricade","Warcry+1","True Grit","Seeing Red+1","Shockwave+1","Disarm+1","Blood for Blood"],"special_seed":0,"relics":["Burning Blood","Bird Faced Urn","FaceOfCleric","Omamori","Anchor","Empty Cage","StoneCalendar","Question Card","Gremlin Horn","Smiling Mask","Bottled Lightning","Meat on the Bone"],"potions_floor_usage":[21,31,33],"damage_taken":[{"damage":14.0,"enemies":"Small Slimes","floor":1.0,"turns":4.0},{"damage":9.0,"enemies":"Jaw Worm","floor":2.0,"turns":5.0},{"damage":1.0,"enemies":"Cultist","floor":3.0,"turns":4.0},{"damage":17.0,"enemies":"Large Slime","floor":5.0,"turns":8.0},{"damage":5.0,"enemies":"Lagavulin","floor":10.0,"turns":10.0},{"damage":6.0,"enemies":"Exordium Wildlife","floor":12.0,"turns":6.0},{"damage":0.0,"enemies":"Blue Slaver","floor":14.0,"turns":3.0},{"damage":37.0,"enemies":"Slime Boss","floor":16.0,"turns":10.0},{"damage":6.0,"enemies":"Shell Parasite","floor":18.0,"turns":6.0},{"damage":38.0,"enemies":"2 Thieves","floor":19.0,"turns":5.0},{"damage":5.0,"enemies":"Centurion and Healer","floor":20.0,"turns":11.0},{"damage":13,"enemies":"Colosseum Slavers","floor":21,"turns":7},{"damage":41,"enemies":"Colosseum Nobs","floor":21,"turns":9},{"damage":7,"enemies":"Shelled Parasite and Fungi","floor":23,"turns":7},{"damage":10,"enemies":"Snake Plant","floor":24,"turns":7},{"damage":26,"enemies":"Gremlin Leader","floor":25,"turns":10},{"damage":24,"enemies":"Book of Stabbing","floor":28,"turns":10},{"damage":2,"enemies":"Centurion and Healer","floor":31,"turns":7},{"damage":40,"enemies":"Automaton","floor":33,"turns":6}],"seed_played":"1377923251532087303","potions_obtained":[{"floor":1.0,"key":"Ancient Potion"},{"floor":3.0,"key":"Dexterity Potion"},{"floor":10.0,"key":"LiquidBronze"},{"floor":12.0,"key":"BloodPotion"},{"floor":19.0,"key":"Block Potion"},{"floor":28,"key":"Energy Potion"},{"floor":31,"key":"Weak Potion"}],"is_trial":false,"path_per_floor":["M","M","M","?","M","R","?","$","T","E","R","M","R","M","R","B",null,"M","M","M","?","$","M","M","E","T","R","E","R","?","M","R","B"],"character_chosen":"IRONCLAD","items_purchased":["Shrug It Off","Metallicize","Gremlin Horn"],"campfire_rested":1,"item_purchase_floors":[8,8,22],"current_hp_per_floor":[43,40,45,29,18,18,18,18,18,22,22,28,28,43,43,15,69,72,44,53,23,23,25,26,11,11,43,30,30,8,32,32,0],"gold":242,"neow_bonus":"ONE_RARE_RELIC","is_prod":false,"is_daily":false,"chose_seed":false,"campfire_upgraded":6,"win_rate":0,"timestamp":1549353074,"path_taken":["M","M","M","?","M","R","?","$","T","E","R","?","R","M","R","BOSS","M","M","M","?","$","M","M","E","T","R","E","R","?","M","R","BOSS"],"build_version":"2019-01-23","purchased_purges":1,"victory":false,"max_hp_per_floor":[80,80,80,80,80,80,80,80,80,81,81,85,85,86,86,87,87,88,92,96,104,104,105,106,107,107,107,108,108,113,117,117,117],"card_choices":[{"not_picked":["Iron Wave","Whirlwind"],"picked":"Searing Blow","floor":1.0},{"not_picked":["Rupture","Warcry"],"picked":"Iron Wave","floor":2.0},{"not_picked":["Perfected Strike","Evolve"],"picked":"Battle Trance","floor":3.0},{"not_picked":["Anger","Berserk"],"picked":"Pommel Strike","floor":5.0},{"not_picked":["Fire Breathing","Heavy Blade"],"picked":"Feed","floor":10.0},{"not_picked":["Perfected Strike","Sword Boomerang"],"picked":"Headbutt","floor":12.0},{"not_picked":["Evolve","Dropkick"],"picked":"Flame Barrier","floor":14.0},{"not_picked":["Feed","Bludgeon"],"picked":"Barricade","floor":16.0},{"not_picked":["Anger","Battle Trance+1","Cleave"],"picked":"SKIP","floor":18.0},{"not_picked":["Flame Barrier","Rupture"],"picked":"Warcry+1","floor":19.0},{"not_picked":["Inflame","Heavy Blade"],"picked":"True Grit","floor":20.0},{"not_picked":["Bloodletting","Hemokinesis","Infernal Blade"],"picked":"Seeing Red","floor":23},{"not_picked":["Shrug It Off","Feel No Pain","Spot Weakness"],"picked":"Shockwave+1","floor":24},{"not_picked":["Body Slam","Havoc","Carnage"],"picked":"Disarm+1","floor":25},{"not_picked":["Intimidate","Power Through","Wild Strike+1"],"picked":"Blood for Blood","floor":28},{"not_picked":["Warcry","Rupture+1","Whirlwind","Havoc"],"picked":"SKIP","floor":31}],"player_experience":351189,"relics_obtained":[{"floor":9.0,"key":"Omamori"},{"floor":10.0,"key":"Anchor"},{"floor":21,"key":"StoneCalendar"},{"floor":21,"key":"Question Card"},{"floor":25,"key":"Smiling Mask"},{"floor":26,"key":"Bottled Lightning"},{"floor":28,"key":"Meat on the Bone"}],"event_choices":[{"damage_healed":0.0,"max_hp_gain":0.0,"max_hp_loss":0.0,"gold_gain":0.0,"event_name":"Shining Light","player_choice":"Entered Light","floor":4.0,"gold_loss":0.0,"damage_taken":16.0,"cards_upgraded":["Defend_R","Defend_R"]},{"damage_healed":0.0,"max_hp_gain":0.0,"max_hp_loss":0.0,"gold_gain":0.0,"event_name":"FaceTrader","player_choice":"Trade","floor":7.0,"gold_loss":0.0,"damage_taken":0.0,"relics_obtained":["FaceOfCleric"]},{"damage_healed":0,"gold_gain":0,"player_choice":"Fight","damage_taken":0,"max_hp_gain":0,"max_hp_loss":0,"event_name":"Colosseum","floor":21,"gold_loss":0},{"damage_healed":0,"gold_gain":0,"player_choice":"Fought Nobs","damage_taken":0,"max_hp_gain":0,"max_hp_loss":0,"event_name":"Colosseum","floor":21,"gold_loss":0},{"damage_healed":0,"gold_gain":0,"player_choice":"Shed Blood","damage_taken":27,"max_hp_gain":5,"max_hp_loss":0,"event_name":"Forgotten Altar","floor":30,"gold_loss":0}],"is_beta":false,"boss_relics":[{"not_picked":["Astrolabe","Fusion Hammer"],"picked":"Empty Cage"}],"items_purged_floors":[22],"is_endless":false,"potions_floor_spawned":[1,3,10,12,19,21,28,31],"killed_by":"Automaton","ascension_level":11}