{"gold_per_floor":[114,264,276,0,18,44,44,59,82,82,111,129,204,219,219,298,298,298,298,53,53,71,71,98,118,118,145,145,145,165,41,41,115,115,132,148,158,158,45,79,79,25,25,54,67,100,100,112,112,112],"floor_reached":51,"playtime":3035,"items_purged":["Doubt"],"score":1405,"play_id":"89b6c5be-5bcf-44a5-9e34-bb12c45d64fb","local_time":"20180808234057","is_ascension_mode":true,"campfire_choices":[{"data":"Zap","floor":7,"key":"SMITH"},{"floor":10,"key":"REST"},{"floor":15,"key":"REST"},{"floor":23,"key":"REST"},{"floor":29,"key":"REST"},{"floor":32,"key":"REST"},{"floor":41,"key":"REST"},{"floor":47,"key":"REST"},{"floor":49,"key":"REST"}],"neow_cost":"","seed_source_timestamp":2436234098416080,"circlet_count":0,"master_deck":["Strike_B+1","Strike_B+1","Strike_B+1","Defend_B+1","Defend_B+1","Defend_B+1","Defend_B+1","Zap+1","Dualcast","AscendersBane","Rebound","Genetic Algorithm","Ball Lightning","Cold Snap","Barrage","Reboot","Self Repair","Genetic Algorithm","Thunder Strike","Coolheaded","Defragment","Leap+1","Stack","Defragment","Go for the Eyes","Compile Driver","Glacier","Cold Snap","Machine Learning","Coolheaded","Cold Snap+1","Fission","Cold Snap+1","Machine Learning","Consume","Capacitor","Glacier","Conserve Battery+1","Ball Lightning","Barrage+1","Defragment","Seek"],"relics":["Cracked Core","Bag of Marbles","Vajra","Centennial Puzzle","Fusion Hammer","Runic Capacitor","Mango","Bottled Lightning","Bronze Scales","Nloth\u0027s Gift","Orrery","Blood Vial","Singing Bowl","Blue Candle","Letter Opener"],"potions_floor_usage":[14,18,24,27,45,50],"damage_taken":[{"damage":12,"enemies":"Jaw Worm","floor":1,"turns":3},{"damage":0,"enemies":"Small Slimes","floor":3,"turns":3},{"damage":0,"enemies":"Cultist","floor":5,"turns":3},{"damage":16,"enemies":"Gremlin Nob","floor":6,"turns":3},{"damage":7,"enemies":"2 Fungi Beasts","floor":8,"turns":3},{"damage":13,"enemies":"Lagavulin","floor":11,"turns":6},{"damage":4,"enemies":"Blue Slaver","floor":12,"turns":4},{"damage":7,"enemies":"Exordium Wildlife","floor":14,"turns":4},{"damage":19,"enemies":"Slime Boss","floor":16,"turns":10},{"damage":0,"enemies":"2 Thieves","floor":18,"turns":1},{"damage":8,"enemies":"Chosen","floor":22,"turns":5},{"damage":27,"enemies":"Slavers","floor":24,"turns":5},{"damage":24,"enemies":"Snake Plant","floor":25,"turns":5},{"damage":15,"enemies":"Book of Stabbing","floor":27,"turns":7},{"damage":0,"enemies":"Centurion and Healer","floor":30,"turns":5},{"damage":26,"enemies":"Automaton","floor":33,"turns":11},{"damage":0,"enemies":"Orb Walker","floor":35,"turns":5},{"damage":0,"enemies":"Flame Bruiser 1 Orb","floor":36,"turns":11},{"damage":24,"enemies":"3 Darklings","floor":37,"turns":7},{"damage":34,"enemies":"2 Orb Walkers","floor":40,"turns":8},{"damage":17,"enemies":"Nemesis","floor":44,"turns":11},{"damage":41,"enemies":"Flame Bruiser 2 Orb","floor":45,"turns":8},{"damage":0,"enemies":"Giant Head","floor":46,"turns":11},{"damage":7,"enemies":"Sphere and 2 Shapes","floor":48,"turns":5},{"damage":15,"enemies":"Awakened One","floor":50,"turns":15}],"seed_played":"-1827568326087449185","potions_obtained":[{"floor":3,"key":"Swift Potion"},{"floor":12,"key":"Weak Potion"},{"floor":14,"key":"SmokeBomb"},{"floor":22,"key":"LiquidBronze"},{"floor":24,"key":"Swift Potion"},{"floor":25,"key":"Dexterity Potion"},{"floor":40,"key":"EssenceOfSteel"},{"floor":44,"key":"FocusPotion"},{"floor":46,"key":"GamblersBrew"}],"is_trial":false,"path_per_floor":["M","?","M","$","M","E","R","M","T","R","E","M","?","M","R","B",null,"M","?","$","?","M","R","E","M","T","E","?","R","M","$","R","B",null,"M","M","M","?","$","E","R","$","T","E","M","E","R","M","R","B"],"character_chosen":"DEFECT","items_purchased":["Ball Lightning","Bag of Marbles","Runic Capacitor","Coolheaded","Glacier","Cold Snap","Capacitor","Glacier","Ball Lightning"],"campfire_rested":8,"item_purchase_floors":[4,4,20,20,31,31,39,39,42],"current_hp_per_floor":[52,52,52,52,52,36,36,29,29,50,37,40,29,29,50,31,61,61,61,61,61,60,71,65,48,48,40,40,65,72,72,85,59,79,79,85,68,68,68,41,66,66,66,58,26,37,63,58,84,71],"gold":112,"neow_bonus":"","is_prod":false,"is_daily":false,"chose_seed":false,"campfire_upgraded":1,"win_rate":0,"timestamp":1533764457,"path_taken":["M","?","?","$","M","E","R","M","T","R","E","M","?","M","R","BOSS","M","?","$","?","M","R","E","M","T","E","?","R","M","?","R","BOSS","M","M","M","?","$","E","R","?","T","E","M","E","R","M","R","BOSS"],"build_version":"2018-08-02","purchased_purges":1,"victory":true,"max_hp_per_floor":[71,71,71,71,71,71,71,71,71,71,71,71,71,71,71,71,71,71,71,71,71,71,71,85,85,85,85,85,85,85,85,85,85,85,85,85,85,85,85,85,85,85,85,85,85,87,87,87,87,87],"card_choices":[{"not_picked":["Stack","Redo"],"picked":"Rebound","floor":1},{"not_picked":["Gash","Rebound"],"picked":"Genetic Algorithm","floor":3},{"not_picked":["Stack","Beam Cell"],"picked":"Cold Snap","floor":5},{"not_picked":["Reinforced Body","Go for the Eyes"],"picked":"Barrage","floor":6},{"not_picked":["Darkness","Leap"],"picked":"Reboot","floor":8},{"not_picked":["Gash","Steam Power"],"picked":"Self Repair","floor":11},{"not_picked":["Hello World","Turbo","Go for the Eyes"],"picked":"SKIP","floor":12},{"not_picked":["Rip and Tear","Chill"],"picked":"Genetic Algorithm","floor":14},{"not_picked":["Buffer","Meteor Strike"],"picked":"Thunder Strike","floor":16},{"not_picked":["Rebound+1","Streamline+1"],"picked":"Leap+1","floor":22},{"not_picked":["All For One","Coolheaded"],"picked":"Stack","floor":24},{"not_picked":["Hello World","Hologram"],"picked":"Defragment","floor":25},{"not_picked":["Skim","Sweeping Beam+1"],"picked":"Go for the Eyes","floor":27},{"not_picked":["Leap","Go for the Eyes+1"],"picked":"Compile Driver","floor":30},{"not_picked":["Seek","Amplify"],"picked":"Machine Learning","floor":33},{"not_picked":["Thunder Strike","Gash"],"picked":"Coolheaded","floor":34},{"not_picked":["Beam Cell","Leap"],"picked":"Cold Snap+1","floor":34},{"not_picked":["Barrage","Streamline"],"picked":"Fission","floor":34},{"not_picked":["Sweeping Beam","Force Field"],"picked":"Cold Snap+1","floor":34},{"not_picked":["Undo","Redo+1","Beam Cell"],"picked":"SKIP","floor":35},{"not_picked":["Compile Driver","Turbo"],"picked":"Machine Learning","floor":36},{"not_picked":["Turbo","Go for the Eyes"],"picked":"Consume","floor":37},{"not_picked":["Rebound","Meteor Strike"],"picked":"Conserve Battery+1","floor":40},{"not_picked":["Fission","Hologram+1"],"picked":"Barrage+1","floor":44},{"not_picked":["Stack","Leap"],"picked":"Defragment","floor":45},{"not_picked":["Sweeping Beam","Chill","Skim+1"],"picked":"Singing Bowl","floor":46},{"not_picked":["Coolheaded+1","Thunder Strike"],"picked":"Seek","floor":48}],"player_experience":934039,"relics_obtained":[{"floor":6,"key":"Vajra"},{"floor":9,"key":"Centennial Puzzle"},{"floor":11,"key":"Juzu Bracelet"},{"floor":24,"key":"Mango"},{"floor":26,"key":"Bottled Lightning"},{"floor":27,"key":"Bronze Scales"},{"floor":40,"key":"Blood Vial"},{"floor":43,"key":"Singing Bowl"},{"floor":44,"key":"Blue Candle"},{"floor":46,"key":"Letter Opener"}],"event_choices":[{"event_name":"Liars Game","player_choice":"agreed","floor":2,"damage_taken":0},{"event_name":"World of Goop","player_choice":"Gather Gold","floor":13,"damage_taken":0},{"event_name":"Back to Basics","player_choice":"Simplicity","floor":19,"damage_taken":0},{"event_name":"The Library","player_choice":"Read","floor":21,"damage_taken":0},{"event_name":"N\u0027loth","player_choice":"Traded a Juzu Bracelet","floor":28,"damage_taken":0},{"event_name":"Falling","player_choice":"Removed Attack","floor":38,"damage_taken":0}],"is_beta":false,"boss_relics":[{"not_picked":["Calling Bell","Black Star"],"picked":"Fusion Hammer"},{"not_picked":["Empty Cage","Snecko Eye"],"picked":"Orrery"}],"items_purged_floors":[4],"is_endless":false,"potions_floor_spawned":[3,12,14,22,24,25,40,44,46,48],"ascension_level":15}