{"gold_per_floor":[110,110,110,110,110,110,123,123,123,154,167,200,216,231,231,333,333,350,220,220,231,248,248,298,317,342,352,365,382,398,398],"floor_reached":31,"playtime":1192,"items_purged":["Strike_R"],"score":276,"play_id":"b195193d-8c24-4635-9c39-aa2a6bedefcc","local_time":"20190308143335","is_ascension_mode":false,"campfire_choices":[{"data":"Defend_R","floor":6.0,"key":"SMITH"},{"data":"Iron Wave","floor":8.0,"key":"SMITH"},{"data":"Body Slam","floor":15.0,"key":"SMITH"},{"floor":23.0,"key":"REST"}],"neow_cost":"NONE","seed_source_timestamp":2051420272151967,"circlet_count":0,"master_deck":["Strike_R","Strike_R","Defend_R+1","Defend_R+1","Defend_R","Defend_R+1","Bash","Rampage+1","Iron Wave+1","Armaments","Shockwave","Body Slam+1","Infernal Blade","Rampage","Rampage+1","Battle Trance","Ghostly Armor+1"],"special_seed":0,"relics":["Burning Blood","NeowsBlessing","Question Card","Smiling Mask","War Paint","Sozu","Orichalcum"],"potions_floor_usage":[],"damage_taken":[{"damage":0.0,"enemies":"Small Slimes","floor":1.0,"turns":1.0},{"damage":0.0,"enemies":"2 Louse","floor":7.0,"turns":1.0},{"damage":0.0,"enemies":"3 Sentries","floor":10.0,"turns":2.0},{"damage":6.0,"enemies":"Cultist","floor":11.0,"turns":3.0},{"damage":6.0,"enemies":"Gremlin Nob","floor":12.0,"turns":3.0},{"damage":0.0,"enemies":"Blue Slaver","floor":13.0,"turns":4.0},{"damage":0.0,"enemies":"Red Slaver","floor":14.0,"turns":4.0},{"damage":50.0,"enemies":"Slime Boss","floor":16.0,"turns":15.0},{"damage":18.0,"enemies":"Spheric Guardian","floor":18.0,"turns":6.0},{"damage":0.0,"enemies":"3 Byrds","floor":21.0,"turns":6.0},{"damage":40.0,"enemies":"Sentry and Sphere","floor":22.0,"turns":6.0},{"damage":13.0,"enemies":"Centurion and Healer","floor":25.0,"turns":6.0},{"damage":18.0,"enemies":"Snake Plant","floor":27.0,"turns":3.0},{"damage":8.0,"enemies":"Chosen and Byrds","floor":28.0,"turns":6.0},{"damage":8.0,"enemies":"Shelled Parasite and Fungi","floor":29.0,"turns":6.0},{"damage":16,"enemies":"Cultist and Chosen","floor":30,"turns":7},{"damage":0,"enemies":"Centurion and Healer","floor":31,"turns":1}],"seed_played":"7176039414369982042","potions_obtained":[{"floor":10.0,"key":"EntropicBrew"},{"floor":11.0,"key":"Poison Potion"},{"floor":12.0,"key":"SteroidPotion"}],"is_trial":false,"path_per_floor":["M","?","?","?","?","R","M","R","T","E","M","E","M","M","R","B",null,"M","$","?","M","M","R","?","M","T","M","M","M","M","M"],"character_chosen":"IRONCLAD","items_purchased":["Rampage"],"campfire_rested":1,"item_purchase_floors":[19],"current_hp_per_floor":[80,85,78,78,78,78,84,84,84,85,85,85,85,85,85,41,85,73,73,73,79,45,70,70,63,63,51,49,47,37,37],"gold":398,"neow_bonus":"THREE_ENEMY_KILL","is_prod":false,"is_daily":false,"chose_seed":false,"campfire_upgraded":3,"win_rate":0,"timestamp":1552073615,"path_taken":["M","?","?","?","?","R","?","R","T","E","M","E","M","M","R","BOSS","M","$","?","M","?","R","?","M","T","M","M","M","?","M"],"build_version":"2019-01-23","purchased_purges":1,"victory":false,"max_hp_per_floor":[80,85,85,85,85,85,85,85,85,85,85,85,85,85,85,85,85,85,85,85,85,85,85,85,85,85,85,85,85,85,85],"card_choices":[{"not_picked":["Perfected Strike","Twin Strike"],"picked":"Rampage","floor":1.0},{"not_picked":["Twin Strike","Carnage"],"picked":"Iron Wave","floor":7.0},{"not_picked":["Pummel","Hemokinesis","Twin Strike"],"picked":"Armaments","floor":10.0},{"not_picked":["Spot Weakness","Clash","Twin Strike","Evolve"],"picked":"SKIP","floor":11.0},{"not_picked":["Headbutt","Heavy Blade","True Grit"],"picked":"Shockwave","floor":12.0},{"not_picked":["Limit Break","Ghostly Armor","Clothesline"],"picked":"Body Slam","floor":13.0},{"not_picked":["Sword Boomerang","Clothesline","True Grit"],"picked":"Infernal Blade","floor":14.0},{"not_picked":["True Grit","Searing Blow","Blood for Blood"],"picked":"Rampage","floor":18.0},{"not_picked":["Flex","Combust","Anger","Twin Strike+1"],"picked":"SKIP","floor":21.0},{"not_picked":["Dual Wield","Headbutt","Bloodletting","Flex"],"picked":"SKIP","floor":22.0},{"not_picked":["Clash","Heavy Blade+1","Iron Wave+1"],"picked":"Battle Trance","floor":25.0},{"not_picked":["Feed","Intimidate","Body Slam","Fire Breathing"],"picked":"SKIP","floor":27.0},{"not_picked":["Clothesline","Seeing Red","Blood for Blood"],"picked":"Ghostly Armor+1","floor":28.0},{"not_picked":["Clothesline+1","Shockwave","Iron Wave","Second Wind"],"picked":"SKIP","floor":29.0},{"not_picked":["Combust","Pummel","Warcry+1","Dropkick+1"],"picked":"SKIP","floor":30}],"player_experience":521957,"relics_obtained":[{"floor":9.0,"key":"Question Card"},{"floor":10.0,"key":"Smiling Mask"},{"floor":12.0,"key":"War Paint"},{"floor":26.0,"key":"Orichalcum"}],"event_choices":[{"damage_healed":0.0,"max_hp_gain":5.0,"max_hp_loss":0.0,"gold_gain":0.0,"event_name":"Big Fish","player_choice":"Donut","floor":2.0,"gold_loss":0.0,"damage_taken":0.0},{"cards_removed":["Strike_R"],"damage_healed":0.0,"max_hp_gain":0.0,"max_hp_loss":0.0,"gold_gain":0.0,"event_name":"Golden Wing","player_choice":"Card Removal","floor":3.0,"gold_loss":0.0,"damage_taken":7.0},{"damage_healed":0.0,"max_hp_gain":0.0,"max_hp_loss":0.0,"gold_gain":0.0,"event_name":"Living Wall","player_choice":"Grow","floor":4.0,"gold_loss":0.0,"damage_taken":0.0,"cards_upgraded":["Rampage"]},{"cards_removed":["Strike_R"],"damage_healed":0.0,"max_hp_gain":0.0,"max_hp_loss":0.0,"gold_gain":0.0,"event_name":"Bonfire Elementals","player_choice":"Offered Basic","floor":5.0,"gold_loss":0.0,"damage_taken":0.0},{"damage_healed":0.0,"max_hp_gain":0.0,"max_hp_loss":0.0,"gold_gain":0.0,"event_name":"Upgrade Shrine","player_choice":"Upgraded","floor":20.0,"gold_loss":0.0,"damage_taken":0.0,"cards_upgraded":["Rampage"]},{"damage_healed":0.0,"max_hp_gain":0.0,"max_hp_loss":0.0,"gold_gain":100.0,"event_name":"The Joust","player_choice":"Bet on Murderer","floor":24.0,"gold_loss":50.0,"damage_taken":0.0}],"is_beta":false,"boss_relics":[{"not_picked":["Coffee Dripper","Runic Dome"],"picked":"Sozu"}],"items_purged_floors":[19],"is_endless":false,"potions_floor_spawned":[10,11,12,18,25,27,29],"killed_by":"Centurion and Healer","ascension_level":0}