{"gold_per_floor":[112,37,112,86,86,86,118,118,166,166,181,215,229,229,229,229],"floor_reached":16,"playtime":794,"items_purged":["Regret"],"score":106,"play_id":"23c574f8-790d-4534-8280-551beb6ad24e","local_time":"20180816133841","is_ascension_mode":false,"campfire_choices":[{"data":"1","floor":6,"key":"LIFT"},{"data":"Dualcast","floor":8,"key":"SMITH"},{"data":"2","floor":10,"key":"LIFT"},{"floor":15,"key":"REST"}],"neow_cost":"CURSE","seed_source_timestamp":36930319114273,"circlet_count":0,"master_deck":["Strike_B","Strike_B","Strike_B","Defend_B","Defend_B","Defend_B","Defend_B","Zap","Dualcast+1","Steam","Beam Cell","Steam","Go for the Eyes"],"relics":["Cracked Core","Girya","Lantern","Happy Flower","Du-Vu Doll"],"potions_floor_usage":[],"damage_taken":[{"damage":0,"enemies":"2 Louse","floor":1,"turns":2},{"damage":18,"enemies":"Gremlin Nob","floor":7,"turns":4},{"damage":0,"enemies":"Cultist","floor":11,"turns":2},{"damage":19,"enemies":"3 Sentries","floor":12,"turns":9},{"damage":1,"enemies":"Jaw Worm","floor":13,"turns":2},{"damage":43,"enemies":"Hexaghost","floor":16,"turns":11}],"seed_played":"-5222244319976721511","potions_obtained":[{"floor":7,"key":"SteroidPotion"},{"floor":12,"key":"GamblersBrew"}],"is_trial":false,"path_per_floor":["M","$","?","$","?","R","E","R","T","R","M","E","M","?","R"],"character_chosen":"DEFECT","items_purchased":["Beam Cell"],"campfire_rested":1,"item_purchase_floors":[4],"current_hp_per_floor":[75,75,64,64,57,57,39,39,39,39,39,20,19,19,41,0],"gold":229,"neow_bonus":"ONE_RARE_RELIC","is_prod":false,"is_daily":false,"chose_seed":false,"campfire_upgraded":1,"win_rate":0,"timestamp":1534441121,"path_taken":["M","$","?","$","?","R","E","R","T","R","M","E","?","?","R","BOSS"],"build_version":"2018-08-09","purchased_purges":1,"victory":false,"max_hp_per_floor":[75,75,75,75,75,75,75,75,75,75,75,75,75,75,75,75],"card_choices":[{"not_picked":["Fusion","Leap"],"picked":"Steam","floor":1},{"not_picked":["Leap","Undo"],"picked":"Steam","floor":7},{"not_picked":["Coolheaded","Loop","Leap"],"picked":"SKIP","floor":11},{"not_picked":["Leap","Fission","Chaos"],"picked":"SKIP","floor":12},{"not_picked":["Leap","Ball Lightning"],"picked":"Go for the Eyes","floor":13}],"player_experience":45044,"relics_obtained":[{"floor":7,"key":"Lantern"},{"floor":9,"key":"Happy Flower"},{"floor":12,"key":"Du-Vu Doll"}],"event_choices":[{"event_name":"World of Goop","player_choice":"Gather Gold","floor":3,"damage_taken":0},{"event_name":"Golden Wing","player_choice":"Card Removal","floor":5,"damage_taken":0},{"event_name":"Golden Idol","player_choice":"Ignored","floor":14,"damage_taken":0}],"is_beta":false,"boss_relics":[],"items_purged_floors":[2],"is_endless":false,"potions_floor_spawned":[7,12],"killed_by":"Hexaghost","ascension_level":0}