{"gold_per_floor":[117,267,342,12,12,345,345,376,376,376,395,410,421,453,453,530,530,541,541,42,42,42,69,69,98,98,115,129,129,139,157,157,234,234,251,262,277,293,94,94],"floor_reached":40,"playtime":2337,"items_purged":["Doubt"],"score":874,"play_id":"b30afe32-cccb-4fca-8c5f-bbcbfc22f3a4","local_time":"20180815222935","is_ascension_mode":true,"campfire_choices":[{"floor":7,"key":"REST"},{"floor":10,"key":"REST"},{"data":"Hologram","floor":15,"key":"SMITH"},{"floor":24,"key":"REST"},{"floor":29,"key":"REST"},{"floor":32,"key":"REST"}],"neow_cost":"NONE","seed_source_timestamp":3037457741429094,"circlet_count":0,"master_deck":["Strike_B","Defend_B","Defend_B","Defend_B","Defend_B","Zap+1","Dualcast","AscendersBane","Conserve Battery","Gash","Coolheaded","Gash","Compile Driver","Cold Snap","Machine Learning","Hologram+1","Core Surge","Compile Driver","Streamline","Go for the Eyes+1","Clumsy","Loop","Defragment","Rainbow","Leap","Force Field","Conserve Battery","Glacier"],"relics":["Cracked Core","Singing Bowl","Old Coin","DataDisk","Mummified Hand","Shuriken","Cursed Key","Symbiotic Virus","Lee\u0027s Waffle","Blue Candle","Question Card","Regal Pillow","Empty Cage"],"potions_floor_usage":[8,8,16,23,23,37,40,40],"damage_taken":[{"damage":2,"enemies":"2 Louse","floor":1,"turns":2},{"damage":31,"enemies":"Lagavulin","floor":6,"turns":8},{"damage":6,"enemies":"Gremlin Nob","floor":8,"turns":3},{"damage":0,"enemies":"Small Slimes","floor":11,"turns":3},{"damage":2,"enemies":"Jaw Worm","floor":12,"turns":3},{"damage":11,"enemies":"Exordium Wildlife","floor":13,"turns":5},{"damage":0,"enemies":"Lagavulin","floor":14,"turns":7},{"damage":26,"enemies":"Slime Boss","floor":16,"turns":10},{"damage":16,"enemies":"2 Thieves","floor":18,"turns":4},{"damage":25,"enemies":"Book of Stabbing","floor":23,"turns":5},{"damage":31,"enemies":"Slavers","floor":25,"turns":6},{"damage":10,"enemies":"Shell Parasite","floor":27,"turns":3},{"damage":3,"enemies":"Centurion and Healer","floor":28,"turns":5},{"damage":10,"enemies":"3 Cultists","floor":30,"turns":5},{"damage":23,"enemies":"Snake Plant","floor":31,"turns":4},{"damage":17,"enemies":"Collector","floor":33,"turns":10},{"damage":9,"enemies":"3 Shapes","floor":35,"turns":4},{"damage":24,"enemies":"Flame Bruiser 1 Orb","floor":36,"turns":6},{"damage":2,"enemies":"Sphere and 2 Shapes","floor":37,"turns":5},{"damage":34,"enemies":"3 Darklings","floor":38,"turns":7},{"damage":31,"enemies":"Nemesis","floor":40,"turns":2}],"seed_played":"1487779154776228760","potions_obtained":[{"floor":1,"key":"SteroidPotion"},{"floor":6,"key":"AttackPotion"},{"floor":13,"key":"Weak Potion"},{"floor":16,"key":"Weak Potion"},{"floor":25,"key":"SpeedPotion"},{"floor":28,"key":"Fire Potion"},{"floor":33,"key":"GamblersBrew"},{"floor":35,"key":"FocusPotion"}],"is_trial":false,"path_per_floor":["M","?","?","$","$","E","R","E","T","R","M","M","M","E","R","B",null,"M","?","$","?","?","E","R","E","T","M","M","R","M","M","R","B",null,"M","M","M","M","$"],"character_chosen":"DEFECT","items_purchased":["Singing Bowl","Gash","Coolheaded","Symbiotic Virus","Lee\u0027s Waffle","AttackPotion","Glacier","Dexterity Potion"],"campfire_rested":5,"item_purchase_floors":[4,4,4,20,20,20,39,39],"current_hp_per_floor":[62,62,51,51,51,20,41,37,37,58,58,56,45,45,45,19,60,44,44,80,57,57,32,57,28,28,20,17,58,48,27,69,52,81,72,50,48,14,14,0],"gold":94,"neow_bonus":"UPGRADE_CARD","is_prod":false,"is_daily":false,"chose_seed":false,"campfire_upgraded":1,"win_rate":0,"timestamp":1534364975,"path_taken":["M","?","?","?","$","E","R","E","T","R","?","M","M","E","R","BOSS","M","?","$","?","?","E","R","E","T","?","M","R","M","M","R","BOSS","M","M","M","M","$","E"],"build_version":"2018-08-09","purchased_purges":1,"victory":false,"max_hp_per_floor":[71,71,71,71,71,71,71,73,73,73,73,73,73,73,73,73,73,73,73,80,85,85,85,85,87,87,89,89,89,89,91,91,91,91,91,93,93,93,93,93],"card_choices":[{"not_picked":["Skim","Lockon"],"picked":"Conserve Battery","floor":1},{"not_picked":["Leap","Darkness"],"picked":"Gash","floor":6},{"not_picked":["Steam","Streamline","Darkness"],"picked":"Singing Bowl","floor":8},{"not_picked":["Gash","Redo"],"picked":"Compile Driver","floor":11},{"not_picked":["Streamline","Rebound"],"picked":"Cold Snap","floor":12},{"not_picked":["Beam Cell","Tempest"],"picked":"Machine Learning","floor":13},{"not_picked":["Static Discharge","Reinforced Body"],"picked":"Hologram","floor":14},{"not_picked":["Machine Learning","Biased Cognition"],"picked":"Core Surge","floor":16},{"not_picked":["Streamline","Steam"],"picked":"Compile Driver","floor":18},{"not_picked":["Beam Cell","Aggregate"],"picked":"Go for the Eyes+1","floor":23},{"not_picked":["Doom and Gloom","Fusion","Steam"],"picked":"Singing Bowl","floor":25},{"not_picked":["Double Energy","Stack","Beam Cell","Gash"],"picked":"Singing Bowl","floor":27},{"not_picked":["Rebound+1","Fusion","Sweeping Beam+1"],"picked":"Loop","floor":28},{"not_picked":["Steam","Leap","Sunder"],"picked":"Defragment","floor":30},{"not_picked":["Scrape","Barrage","Rebound","Self Repair"],"picked":"Singing Bowl","floor":31},{"not_picked":["Buffer","Hyperbeam","Meteor Strike"],"picked":"Rainbow","floor":33},{"not_picked":["Cold Snap","Streamline","Ball Lightning"],"picked":"Leap","floor":35},{"not_picked":["Rebound+1","Steam Power","Leap","Go for the Eyes"],"picked":"Singing Bowl","floor":36},{"not_picked":["Electrodynamics","Lockon+1","Streamline+1"],"picked":"Force Field","floor":37},{"not_picked":["Doom and Gloom+1","Compile Driver","Coolheaded"],"picked":"Conserve Battery","floor":38}],"player_experience":961516,"relics_obtained":[{"floor":6,"key":"Old Coin"},{"floor":8,"key":"DataDisk"},{"floor":9,"key":"Mummified Hand"},{"floor":14,"key":"Shuriken"},{"floor":23,"key":"Blue Candle"},{"floor":25,"key":"Question Card"},{"floor":26,"key":"Regal Pillow"}],"event_choices":[{"event_name":"Liars Game","player_choice":"agreed","floor":2,"damage_taken":0},{"event_name":"World of Goop","player_choice":"Gather Gold","floor":3,"damage_taken":0},{"event_name":"Transmorgrifier","player_choice":"Transform","floor":19,"damage_taken":0},{"event_name":"Forgotten Altar","player_choice":"Shed Blood","floor":21,"damage_taken":0},{"event_name":"Addict","player_choice":"Ignored","floor":22,"damage_taken":0}],"is_beta":false,"boss_relics":[{"not_picked":["Astrolabe","Ectoplasm"],"picked":"Cursed Key"},{"not_picked":["Philosopher\u0027s Stone","Velvet Choker"],"picked":"Empty Cage"}],"items_purged_floors":[39],"is_endless":false,"potions_floor_spawned":[1,6,13,16,25,28,31,33,35],"killed_by":"Nemesis","ascension_level":15}