{"gold_per_floor":[216,291,305,318,330,330,350,350,350,223,223,223,175,193,193,293,293,304,244,257,275,275,275,310,175,175,175,185,185,199,149,149,149],"floor_reached":33,"playtime":867,"items_purged":["Strike_R","Decay","Strike_R"],"score":282,"play_id":"2a8f3de0-3784-445d-b553-53c07c205cb7","local_time":"20181218051838","is_ascension_mode":false,"campfire_choices":[{"data":"Clash","floor":6.0,"key":"SMITH"},{"data":"Thunderclap","floor":8.0,"key":"SMITH"},{"data":"Anger","floor":11.0,"key":"SMITH"},{"data":"Anger","floor":15.0,"key":"SMITH"},{"floor":23,"key":"REST"},{"floor":27,"key":"REST"},{"floor":29,"key":"REST"},{"floor":32,"key":"REST"}],"neow_cost":"NONE","seed_source_timestamp":0,"circlet_count":0,"master_deck":["Defend_R","Defend_R","Defend_R","Defend_R","Bash","Iron Wave","Clash+1","Anger","Thunderclap+1","Anger+1","Anger+1","Flex","Clash","Anger+1","Rage","Clash+1"],"special_seed":0,"relics":["Burning Blood","Bag of Marbles","Smiling Mask","Empty Cage","Molten Egg 2","Meat on the Bone"],"potions_floor_usage":[24,24],"damage_taken":[{"damage":5.0,"enemies":"2 Louse","floor":1.0,"turns":3.0},{"damage":3.0,"enemies":"Jaw Worm","floor":3.0,"turns":4.0},{"damage":1.0,"enemies":"Cultist","floor":4.0,"turns":3.0},{"damage":10.0,"enemies":"Looter","floor":5.0,"turns":3.0},{"damage":6.0,"enemies":"Exordium Thugs","floor":7.0,"turns":4.0},{"damage":0.0,"enemies":"2 Fungi Beasts","floor":14.0,"turns":1.0},{"damage":55.0,"enemies":"Hexaghost","floor":16.0,"turns":8.0},{"damage":17,"enemies":"Shell Parasite","floor":18,"turns":4},{"damage":10,"enemies":"Chosen","floor":20,"turns":2},{"damage":16,"enemies":"Centurion and Healer","floor":21,"turns":5},{"damage":76,"enemies":"Book of Stabbing","floor":24,"turns":7},{"damage":28,"enemies":"Snecko","floor":28,"turns":5},{"damage":23,"enemies":"Shelled Parasite and Fungi","floor":30,"turns":4},{"damage":71,"enemies":"Collector","floor":33,"turns":7}],"seed_played":"6427192802993125878","potions_obtained":[{"floor":3.0,"key":"SkillPotion"},{"floor":5.0,"key":"EssenceOfSteel"},{"floor":21,"key":"SpeedPotion"}],"is_trial":false,"path_per_floor":["M","?","M","M","M","R","M","R","T","$","R","?","$","M","R","B",null,"M","?","M","M","?","R","E","$","T","R","M","R","M","$","R","B"],"character_chosen":"IRONCLAD","items_purchased":["Anger","Anger","Anger+1","Rage"],"campfire_rested":4,"item_purchase_floors":[10,13,25,25],"current_hp_per_floor":[80,69,72,77,73,73,73,73,73,73,73,70,70,76,76,27,80,69,69,65,55,55,79,9,9,9,33,23,47,42,42,66,0],"gold":149,"neow_bonus":"HUNDRED_GOLD","is_prod":false,"is_daily":false,"chose_seed":false,"campfire_upgraded":4,"win_rate":0,"timestamp":1545128318,"path_taken":["M","?","M","M","M","R","M","R","T","$","R","?","$","?","R","BOSS","M","?","M","?","?","R","E","$","T","R","M","R","M","$","R","BOSS"],"build_version":"2018-12-13","purchased_purges":3,"victory":false,"max_hp_per_floor":[80,80,80,80,80,80,80,80,80,80,80,80,80,80,80,80,80,80,80,80,80,80,80,80,80,80,80,80,80,80,80,80,80],"card_choices":[{"not_picked":["Sentinel","Searing Blow"],"picked":"Iron Wave","floor":1.0},{"not_picked":["Armaments","True Grit"],"picked":"Clash","floor":3.0},{"not_picked":["Armaments","Body Slam","Pommel Strike"],"picked":"SKIP","floor":4.0},{"not_picked":["Evolve","Sword Boomerang"],"picked":"Anger","floor":5.0},{"not_picked":["Immolate","Clash"],"picked":"Thunderclap","floor":7.0},{"not_picked":["Shrug It Off","Bloodletting","Body Slam"],"picked":"SKIP","floor":14.0},{"not_picked":["Intimidate","True Grit"],"picked":"Flex","floor":18},{"not_picked":["Heavy Blade+1","Warcry"],"picked":"Clash","floor":20},{"not_picked":["Shrug It Off","Heavy Blade","Fire Breathing+1"],"picked":"SKIP","floor":21},{"not_picked":["Armaments+1","Corruption","Intimidate+1"],"picked":"SKIP","floor":24},{"not_picked":["Corruption","Second Wind+1","Armaments"],"picked":"SKIP","floor":28},{"not_picked":["Feel No Pain","Dropkick+1"],"picked":"Clash+1","floor":30}],"player_experience":320832,"relics_obtained":[{"floor":9.0,"key":"Bag of Marbles"},{"floor":24,"key":"Molten Egg 2"},{"floor":26,"key":"Meat on the Bone"}],"event_choices":[{"damage_healed":0.0,"max_hp_gain":0.0,"max_hp_loss":0.0,"gold_gain":75.0,"event_name":"World of Goop","player_choice":"Gather Gold","floor":2.0,"gold_loss":0.0,"damage_taken":11.0},{"damage_healed":0.0,"max_hp_gain":0.0,"max_hp_loss":0.0,"gold_gain":0.0,"event_name":"Scrap Ooze","player_choice":"Success","floor":12.0,"gold_loss":0.0,"damage_taken":3.0,"relics_obtained":["Smiling Mask"]},{"cards_removed":["Strike_R"],"damage_healed":0,"gold_gain":0,"player_choice":"Single Remove","damage_taken":0,"max_hp_gain":0,"max_hp_loss":0,"event_name":"Designer","floor":19,"gold_loss":60},{"damage_healed":0,"gold_gain":0,"player_choice":"Smashed Altar","damage_taken":0,"max_hp_gain":0,"max_hp_loss":0,"event_name":"Forgotten Altar","floor":22,"gold_loss":0,"cards_obtained":["Decay"]}],"is_beta":false,"boss_relics":[{"not_picked":["Snecko Eye","Eternal Feather"],"picked":"Empty Cage"}],"items_purged_floors":[10,25,31],"is_endless":false,"potions_floor_spawned":[3,5,21],"killed_by":"Collector","ascension_level":0}