{"gold_per_floor":[117,129,129,129,143,168,182,182,182,182,182,182],"floor_reached":12,"playtime":476,"items_purged":[],"score":78,"play_id":"21a0ac31-8b60-48ef-b33d-7df6b19783c8","local_time":"20190305235109","is_ascension_mode":false,"campfire_choices":[{"floor":8,"key":"REST"}],"neow_cost":"NONE","seed_source_timestamp":14272182292232,"circlet_count":0,"master_deck":["Strike_R","Strike_R","Strike_R","Strike_R","Defend_R","Defend_R","Defend_R","Defend_R","Bash","Thunderclap","Flex","Regret","Feel No Pain","Warcry","Thunderclap"],"relics":["Burning Blood","Sundial","Lantern","Kunai"],"potions_floor_usage":[],"damage_taken":[{"damage":5,"enemies":"2 Louse","floor":1,"turns":3},{"damage":1,"enemies":"Jaw Worm","floor":2,"turns":3},{"damage":7,"enemies":"Small Slimes","floor":5,"turns":4},{"damage":73,"enemies":"Gremlin Nob","floor":6,"turns":6},{"damage":11,"enemies":"Looter","floor":7,"turns":4},{"damage":34,"enemies":"Lagavulin","floor":12,"turns":5}],"seed_played":"6386506826346439754","potions_obtained":[{"floor":1,"key":"Dexterity Potion"},{"floor":5,"key":"Strength Potion"},{"floor":6,"key":"Ancient Potion"}],"is_trial":false,"path_per_floor":["M","M","?","?","M","E","M","R","T","?","T","E"],"character_chosen":"IRONCLAD","items_purchased":[],"campfire_rested":1,"item_purchase_floors":[],"current_hp_per_floor":[88,88,81,81,80,13,8,34,34,34,34,0],"gold":182,"neow_bonus":"TEN_PERCENT_HP_BONUS","is_prod":false,"is_daily":false,"chose_seed":false,"campfire_upgraded":0,"win_rate":0,"timestamp":1551797469,"path_taken":["M","M","?","?","M","E","M","R","T","?","?","E"],"build_version":"2019-01-23","purchased_purges":0,"victory":false,"max_hp_per_floor":[88,88,88,88,88,88,88,88,88,88,88,88],"card_choices":[{"not_picked":["Anger","Rupture"],"picked":"Thunderclap","floor":1},{"not_picked":["Havoc","Rage"],"picked":"Flex","floor":2},{"not_picked":["Sentinel","Wild Strike"],"picked":"Feel No Pain","floor":5},{"not_picked":["Searing Blow","Perfected Strike"],"picked":"Warcry","floor":6},{"not_picked":["Flame Barrier","Metallicize"],"picked":"Thunderclap","floor":7}],"player_experience":103668,"relics_obtained":[{"floor":6,"key":"Lantern"},{"floor":9,"key":"Kunai"}],"event_choices":[{"cards_removed":["Strike_R"],"damage_healed":0,"gold_gain":0,"player_choice":"Card Removal","damage_taken":7,"max_hp_gain":0,"max_hp_loss":0,"event_name":"Golden Wing","floor":3,"gold_loss":0},{"damage_healed":0,"gold_gain":0,"player_choice":"Box","damage_taken":0,"relics_obtained":["Sundial"],"max_hp_gain":0,"max_hp_loss":0,"event_name":"Big Fish","floor":4,"gold_loss":0,"cards_obtained":["Regret"]},{"damage_healed":0,"gold_gain":0,"player_choice":"Ignored","damage_taken":0,"max_hp_gain":0,"max_hp_loss":0,"event_name":"Liars Game","floor":10,"gold_loss":0}],"is_beta":false,"boss_relics":[],"items_purged_floors":[],"is_endless":false,"potions_floor_spawned":[1,5,6],"killed_by":"Lagavulin","ascension_level":0}