{"gold_per_floor":[114,133,58,58,72,116,116,160,160,110,110,110,129,148,148,267,267,283,198,212,85,104,104,129,129,429,465,465,484,500,500,500,630,630,653,676,689,702,497,497,3,3,3,16,31,31,0,20,20,20,20,20,20,60,60],"floor_reached":55,"playtime":5683,"items_purged":["Strike_G","Defend_G","Strike_G","Strike_G"],"score":879,"play_id":"e7ed2e57-89ec-4a10-809f-edf6bfd460cf","local_time":"20190305211043","is_ascension_mode":true,"campfire_choices":[{"floor":7.0,"key":"REST"},{"floor":12.0,"key":"REST"},{"data":"Neutralize","floor":15.0,"key":"SMITH"},{"data":"Concentrate","floor":23.0,"key":"SMITH"},{"data":"Phantasmal Killer","floor":28.0,"key":"SMITH"},{"data":"Glass Knife","floor":32.0,"key":"SMITH"},{"data":"Endless Agony","floor":40.0,"key":"SMITH"},{"data":"A Thousand Cuts","floor":42.0,"key":"SMITH"},{"floor":49.0,"key":"RECALL"},{"data":"Tools of the Trade","floor":52.0,"key":"SMITH"}],"neow_cost":"NONE","seed_source_timestamp":0,"circlet_count":0,"master_deck":["Defend_G","Defend_G","Defend_G","Survivor","Neutralize+1","Slice","Flying Knee","Tools of the Trade+1","Phantasmal Killer+1","Concentrate+1","PiercingWail","Dash","Heel Hook","Glass Knife+1","Terror+1","Cloak And Dagger","Prepared","Underhanded Strike+1","All Out Attack","Neutralize+1","Unload","Well Laid Plans+1","Endless Agony+1","Footwork","Concentrate","A Thousand Cuts+1","Calculated Gamble+1","Outmaneuver+1","Apotheosis"],"special_seed":0,"relics":["Ring of the Snake","Golden Idol","Kunai","Incense Burner","Thread and Needle","Coffee Dripper","Mummified Hand","Old Coin","Unceasing Top","Sozu","Lantern","Red Mask","Pen Nib"],"potions_floor_usage":[55,55],"damage_taken":[{"damage":8.0,"enemies":"Jaw Worm","floor":1.0,"turns":5.0},{"damage":3.0,"enemies":"2 Louse","floor":2.0,"turns":3.0},{"damage":0.0,"enemies":"Cultist","floor":5.0,"turns":4.0},{"damage":39.0,"enemies":"3 Sentries","floor":6.0,"turns":18.0},{"damage":19.0,"enemies":"Lagavulin","floor":8.0,"turns":9.0},{"damage":8.0,"enemies":"Gremlin Gang","floor":13.0,"turns":7.0},{"damage":0.0,"enemies":"Exordium Thugs","floor":14.0,"turns":6.0},{"damage":23.0,"enemies":"Hexaghost","floor":16.0,"turns":18.0},{"damage":0.0,"enemies":"Chosen","floor":18.0,"turns":6.0},{"damage":0.0,"enemies":"Shell Parasite","floor":20.0,"turns":5.0},{"damage":4.0,"enemies":"Centurion and Healer","floor":22.0,"turns":8.0},{"damage":2.0,"enemies":"3 Cultists","floor":24.0,"turns":5.0},{"damage":21.0,"enemies":"Book of Stabbing","floor":27.0,"turns":6.0},{"damage":15.0,"enemies":"Snake Plant","floor":29.0,"turns":2.0},{"damage":0.0,"enemies":"Centurion and Healer","floor":30.0,"turns":3.0},{"damage":0.0,"enemies":"Collector","floor":33.0,"turns":4.0},{"damage":2.0,"enemies":"3 Darklings","floor":35.0,"turns":3.0},{"damage":0.0,"enemies":"Orb Walker","floor":36.0,"turns":2.0},{"damage":10.0,"enemies":"Maw","floor":37.0,"turns":5.0},{"damage":33.0,"enemies":"4 Shapes","floor":38.0,"turns":3.0},{"damage":0.0,"enemies":"Transient","floor":44.0,"turns":5.0},{"damage":4.0,"enemies":"Sphere and 2 Shapes","floor":45.0,"turns":2.0},{"damage":0.0,"enemies":"Spire Growth","floor":48.0,"turns":3.0},{"damage":0.0,"enemies":"Donu and Deca","floor":50.0,"turns":4.0},{"damage":12.0,"enemies":"Shield and Spear","floor":54.0,"turns":4.0},{"damage":65,"enemies":"The Heart","floor":55,"turns":5}],"seed_played":"-4014304702735446228","potions_obtained":[{"floor":2.0,"key":"Weak Potion"},{"floor":5.0,"key":"Dexterity Potion"},{"floor":14.0,"key":"PowerPotion"},{"floor":16.0,"key":"Energy Potion"},{"floor":20.0,"key":"PowerPotion"},{"floor":27.0,"key":"Strength Potion"},{"floor":30.0,"key":"EntropicBrew"},{"floor":33.0,"key":"Strength Potion"}],"is_trial":false,"path_per_floor":["M","M","$","?","M","E","R","E","T","?","?","R","M","M","R","B",null,"M","?","M","$","M","R","M","?","T","E","R","M","M","?","R","B",null,"M","M","M","M","$","R","$","R","T","M","M","?","?","M","R","B",null,"R","$","E","B"],"character_chosen":"THE_SILENT","items_purchased":["Prepared","Footwork","Concentrate","A Thousand Cuts","Lantern"],"campfire_rested":2,"item_purchase_floors":[21,39,41,41,41],"current_hp_per_floor":[69,66,66,47,47,8,31,12,12,12,12,35,27,27,27,4,77,77,77,77,77,73,73,71,71,71,50,50,35,35,35,35,35,77,75,75,65,32,32,32,32,32,32,32,28,28,28,28,28,28,77,77,77,65,0],"gold":60,"neow_bonus":"TEN_PERCENT_HP_BONUS","is_prod":false,"is_daily":false,"chose_seed":false,"campfire_upgraded":7,"win_rate":0,"timestamp":1551849043,"path_taken":["M","M","$","?","M","E","R","E","T","?","?","R","?","?","R","BOSS","M","?","M","$","M","R","M","?","T","E","R","?","?","?","R","BOSS","M","M","?","M","$","R","$","R","T","M","M","?","?","M","R","BOSS","R","$","E","BOSS"],"build_version":"2019-01-23","purchased_purges":4,"victory":false,"max_hp_per_floor":[77,77,77,77,77,77,77,77,77,77,77,77,77,77,77,77,77,77,77,77,77,77,77,77,77,77,77,77,77,77,77,77,77,77,77,77,77,77,77,77,77,77,77,77,77,77,77,77,77,77,77,77,77,77,77],"card_choices":[{"not_picked":["Cloak And Dagger","Outmaneuver"],"picked":"Slice","floor":1.0},{"not_picked":["Underhanded Strike","Prepared"],"picked":"Flying Knee","floor":2.0},{"not_picked":["Leg Sweep","Setup"],"picked":"Tools of the Trade","floor":5.0},{"not_picked":["Acrobatics","Deflect"],"picked":"Phantasmal Killer","floor":6.0},{"not_picked":["Catalyst","Cloak And Dagger"],"picked":"Concentrate","floor":8.0},{"not_picked":["Masterful Stab","Deadly Poison"],"picked":"Dash","floor":13.0},{"not_picked":["Flying Knee","Endless Agony"],"picked":"Heel Hook","floor":14.0},{"not_picked":["Bullet Time","After Image"],"picked":"Glass Knife","floor":16.0},{"not_picked":["Outmaneuver","Poisoned Stab"],"picked":"Terror+1","floor":18.0},{"not_picked":["Choke","Masterful Stab"],"picked":"Cloak And Dagger","floor":20.0},{"not_picked":["Riddle With Holes","Bane"],"picked":"Underhanded Strike+1","floor":22.0},{"not_picked":["Masterful Stab","Riddle With Holes"],"picked":"All Out Attack","floor":24.0},{"not_picked":["Bullet Time","Choke","Skewer+1"],"picked":"SKIP","floor":27.0},{"not_picked":["Flying Knee","Prepared","Skewer"],"picked":"SKIP","floor":29.0},{"not_picked":["Blade Dance","Doppelganger","Poisoned Stab"],"picked":"SKIP","floor":30.0},{"not_picked":["Glass Knife","Bullet Time"],"picked":"Unload","floor":33.0},{"not_picked":["Blade Dance+1","Acrobatics"],"picked":"Well Laid Plans+1","floor":35.0},{"not_picked":["Cloak And Dagger+1","Backflip+1"],"picked":"Endless Agony","floor":36.0},{"not_picked":["Dagger Throw+1","Poisoned Stab","Bane+1"],"picked":"SKIP","floor":37.0},{"not_picked":["Cloak And Dagger+1","Poisoned Stab+1","Bane+1"],"picked":"SKIP","floor":38.0},{"not_picked":["Prepared+1","Deadly Poison"],"picked":"Calculated Gamble+1","floor":44.0},{"not_picked":["PiercingWail","Escape Plan"],"picked":"Outmaneuver+1","floor":45.0},{"not_picked":["Flash of Steel","Mayhem"],"picked":"Apotheosis","floor":46.0},{"not_picked":["Prepared","Flying Knee+1","Dash+1"],"picked":"SKIP","floor":48.0},{"not_picked":["Accuracy","Dash+1","Distraction"],"picked":"SKIP","floor":54.0}],"player_experience":201925,"relics_obtained":[{"floor":6.0,"key":"Kunai"},{"floor":8.0,"key":"Incense Burner"},{"floor":9.0,"key":"Thread and Needle"},{"floor":26.0,"key":"Old Coin"},{"floor":27.0,"key":"Unceasing Top"},{"floor":54.0,"key":"Pen Nib"}],"event_choices":[{"damage_healed":0.0,"max_hp_gain":0.0,"max_hp_loss":0.0,"gold_gain":0.0,"event_name":"Golden Idol","player_choice":"Take Damage","floor":4.0,"gold_loss":0.0,"damage_taken":19.0,"relics_obtained":["Golden Idol"]},{"cards_removed":["Strike_G"],"damage_healed":0.0,"max_hp_gain":0.0,"max_hp_loss":0.0,"gold_gain":0.0,"event_name":"The Cleric","player_choice":"Card Removal","floor":10.0,"gold_loss":50.0,"damage_taken":0.0},{"damage_healed":0.0,"max_hp_gain":0.0,"max_hp_loss":0.0,"gold_gain":0.0,"cards_transformed":["Defend_G"],"event_name":"Transmorgrifier","player_choice":"Transformed","floor":11.0,"gold_loss":0.0,"damage_taken":0.0,"cards_obtained":["PiercingWail"]},{"damage_healed":0.0,"max_hp_gain":0.0,"max_hp_loss":0.0,"gold_gain":0.0,"event_name":"Addict","player_choice":"Obtained Relic","floor":19.0,"gold_loss":85.0,"damage_taken":0.0,"relics_obtained":["Mummified Hand"]},{"cards_removed":["Strike_G"],"damage_healed":0.0,"max_hp_gain":0.0,"max_hp_loss":0.0,"gold_gain":0.0,"event_name":"Purifier","player_choice":"Purged","floor":25.0,"gold_loss":0.0,"damage_taken":0.0},{"damage_healed":0.0,"max_hp_gain":0.0,"max_hp_loss":0.0,"gold_gain":0.0,"event_name":"Duplicator","player_choice":"Copied","floor":31.0,"gold_loss":0.0,"damage_taken":0.0,"cards_obtained":["Neutralize"]},{"damage_healed":0.0,"max_hp_gain":0.0,"max_hp_loss":0.0,"gold_gain":0.0,"event_name":"SensoryStone","player_choice":"Memory 1","floor":46.0,"gold_loss":0.0,"damage_taken":0.0},{"damage_healed":0.0,"max_hp_gain":0.0,"max_hp_loss":0.0,"gold_gain":0.0,"event_name":"Tomb of Lord Red Mask","player_choice":"Paid","floor":47.0,"gold_loss":31.0,"damage_taken":0.0,"relics_obtained":["Red Mask"]}],"is_beta":false,"boss_relics":[{"not_picked":["Eternal Feather","Snecko Eye"],"picked":"Coffee Dripper"},{"not_picked":["Fusion Hammer","WristBlade"],"picked":"Sozu"}],"items_purged_floors":[3,21,39,41],"is_endless":false,"potions_floor_spawned":[2,5,14,16,20,27,30,33,35,37,45],"killed_by":"The Heart","ascension_level":2}