{"path_per_floor":["M","M","M","M","$","R","E","?","T","?","R","M","R","M","R","B",null,"M","M","M","M","$","E","R","?","T","R","M","R"],"character_chosen":"IRONCLAD","items_purchased":["Pommel Strike"],"gold_per_floor":[12,24,35,53,53,53,85,55,55,155,155,171,171,182,182,284,284,304,319,336,348,220,250,250,250,273,273,284,284,284],"floor_reached":30,"campfire_rested":0,"playtime":1273,"current_hp_per_floor":[80,80,80,80,80,80,80,80,80,80,94,93,93,94,94,65,94,88,94,93,94,94,56,56,40,40,40,38,38,0],"items_purged":["Defend_R"],"gold":284,"score":252,"play_id":"f098ff9a-fa36-4108-a0e6-414a1462fb3f","local_time":"20180414154204","is_prod":false,"is_daily":false,"chose_seed":false,"is_ascension_mode":false,"campfire_upgraded":1,"timestamp":1523713324,"path_taken":["M","M","M","M","$","R","E","?","T","?","R","?","R","M","R","BOSS","M","M","M","M","$","E","R","?","T","R","?","R","E"],"build_version":"2018-04-12","seed_source_timestamp":200756253364641,"purchased_purges":1,"victory":false,"master_deck":["Strike_R","Strike_R","Strike_R","Strike_R","Strike_R","Defend_R","Defend_R","Defend_R","Bash+1","Sword Boomerang","Spot Weakness","Shrug It Off","Perfected Strike","Impervious","Headbutt","Burning Pact","Pommel Strike","Pommel Strike","Flex+1"],"max_hp_per_floor":[80,80,80,80,80,80,80,80,80,80,94,94,94,94,94,94,94,94,94,94,94,94,94,94,94,94,94,94,94,94],"relics":["Burning Blood","Calipers","Question Card","Shovel","Mango","Pen Nib","Bag of Marbles","Cursed Key","Toolbox","Omamori","Nilry\u0027s Codex","Regal Pillow","Orichalcum","Art of War"],"card_choices":[{"not_picked":["Intimidate","Flex"],"picked":"Sword Boomerang","floor":1},{"not_picked":["Metallicize","True Grit"],"picked":"Spot Weakness","floor":2},{"not_picked":["Flex","Heavy Blade"],"picked":"Shrug It Off","floor":3},{"not_picked":["Uppercut","Clash"],"picked":"Perfected Strike","floor":4},{"not_picked":["Barricade","Juggernaut","Fiend Fire"],"picked":"Impervious","floor":16},{"not_picked":["Reckless Charge","Cleave","Anger"],"picked":"Headbutt","floor":18},{"not_picked":["Hemokinesis","Iron Wave","Blood for Blood"],"picked":"Burning Pact","floor":19},{"not_picked":["Seeing Red","Hemokinesis","Headbutt"],"picked":"Pommel Strike","floor":20},{"not_picked":["Thunderclap","Clash","Warcry"],"picked":"Flex","floor":28}],"player_experience":273521,"potions_floor_usage":[7,14,16,23],"damage_taken":[{"damage":3,"enemies":"2 Louse","floor":1,"turns":3},{"damage":1,"enemies":"Cultist","floor":2,"turns":3},{"damage":1,"enemies":"Jaw Worm","floor":3,"turns":3},{"damage":4,"enemies":"Gremlin Gang","floor":4,"turns":4},{"damage":3,"enemies":"3 Sentries","floor":7,"turns":4},{"damage":7,"enemies":"3 Louse","floor":12,"turns":4},{"damage":5,"enemies":"Exordium Thugs","floor":14,"turns":4},{"damage":35,"enemies":"The Guardian","floor":16,"turns":12},{"damage":12,"enemies":"Chosen","floor":18,"turns":4},{"damage":0,"enemies":"Spheric Guardian","floor":19,"turns":3},{"damage":7,"enemies":"Centurion and Healer","floor":20,"turns":6},{"damage":5,"enemies":"Snecko","floor":21,"turns":3},{"damage":44,"enemies":"Slavers","floor":23,"turns":5},{"damage":8,"enemies":"Snake Plant","floor":28,"turns":3},{"damage":43,"enemies":"Gremlin Leader","floor":30,"turns":4}],"event_choices":[{"event_name":"The Woman in Blue","player_choice":"Bought 2 Potions","floor":8,"damage_taken":0},{"event_name":"Golden Shrine","player_choice":"Pray","floor":10,"damage_taken":0},{"event_name":"Cursed Tome","player_choice":"Obtained Book","floor":25,"damage_taken":0}],"boss_relics":[{"not_picked":["Runic Pyramid","Pandora\u0027s Box"],"picked":"Cursed Key"}],"potions_floor_spawned":[3,7,12,16,21,23,28],"seed_played":"4541991088798987616","killed_by":"Gremlin Leader","ascension_level":0,"is_trial":false}