{"gold_per_floor":[365,380,16,16,16,16,50,68,68,103,121,121,146,166,166,265,265,277,192,192,24,42,77,77,89,145,157,167,185,19,119,119,119],"floor_reached":33,"playtime":2767,"items_purged":["Writhe"],"score":369,"play_id":"24e78e1b-e9c7-45fa-997d-3767b64ae76e","local_time":"20181108213313","is_ascension_mode":true,"campfire_choices":[{"data":"Metallicize","floor":6,"key":"SMITH"},{"data":"Metallicize","floor":15,"key":"SMITH"},{"data":"Barricade","floor":32,"key":"SMITH"}],"neow_cost":"CURSE","seed_source_timestamp":15857097737597,"circlet_count":0,"master_deck":["Strike_R","Strike_R","Strike_R","Strike_R","Strike_R","Defend_R","Defend_R","Defend_R+1","Defend_R","Bash","Pommel Strike","Metallicize+1","Spot Weakness","Metallicize+1","Shrug It Off","Metallicize","Burning Pact","Shrug It Off","Seeing Red","Barricade+1","Armaments+1","Impervious","Power Through","Evolve+1","Body Slam+1","Second Wind","Metallicize+1"],"relics":["Burning Blood","Bronze Scales","Darkstone Periapt","Blood Vial","Matryoshka","The Courier","Mark of Pain","Dead Branch","Enchiridion","Happy Flower","War Paint","Gremlin Horn","Regal Pillow","Tiny Chest","Lee\u0027s Waffle","FossilizedHelix","Mummified Hand"],"potions_floor_usage":[23,27,27,27,27,28,28,31],"damage_taken":[{"damage":2,"enemies":"2 Louse","floor":1,"turns":3},{"damage":4,"enemies":"Small Slimes","floor":2,"turns":4},{"damage":16,"enemies":"3 Sentries","floor":7,"turns":8},{"damage":0,"enemies":"Cultist","floor":8,"turns":4},{"damage":36,"enemies":"Gremlin Nob","floor":10,"turns":5},{"damage":4,"enemies":"Looter","floor":11,"turns":4},{"damage":12,"enemies":"3 Sentries","floor":13,"turns":11},{"damage":0,"enemies":"Exordium Wildlife","floor":14,"turns":4},{"damage":37,"enemies":"The Guardian","floor":16,"turns":14},{"damage":16,"enemies":"Chosen","floor":18,"turns":9},{"damage":5,"enemies":"Shell Parasite","floor":22,"turns":3},{"damage":53,"enemies":"Slavers","floor":23,"turns":8},{"damage":4,"enemies":"Cultist and Chosen","floor":25,"turns":6},{"damage":7,"enemies":"Centurion and Healer","floor":27,"turns":8},{"damage":18,"enemies":"Sentry and Sphere","floor":28,"turns":6},{"damage":0,"enemies":"Cultist and Chosen","floor":29,"turns":5},{"damage":17,"enemies":"Colosseum Slavers","floor":31,"turns":6},{"damage":38,"enemies":"Colosseum Nobs","floor":31,"turns":4},{"damage":50,"enemies":"Automaton","floor":33,"turns":14}],"seed_played":"1243661382354838484","potions_obtained":[{"floor":7,"key":"Poison Potion"},{"floor":12,"key":"EntropicBrew"},{"floor":12,"key":"Strength Potion"},{"floor":12,"key":"Swift Potion"},{"floor":27,"key":"GamblersBrew"},{"floor":28,"key":"Dexterity Potion"},{"floor":29,"key":"Poison Potion"}],"is_trial":false,"path_per_floor":["M","M","$","?","$","R","E","M","T","E","M","?","E","M","R","B",null,"M","?","?","$","M","E","T","M","T","M","M","M","$","?","R","B"],"character_chosen":"IRONCLAD","items_purchased":["Spot Weakness","Metallicize","Bronze Scales","Impervious","Power Through","Lee\u0027s Waffle"],"campfire_rested":0,"item_purchase_floors":[3,3,3,21,21,30],"current_hp_per_floor":[80,80,80,80,80,80,70,76,76,48,52,52,48,56,56,27,80,70,70,54,54,57,12,12,16,16,17,7,15,87,46,46,0],"gold":119,"neow_bonus":"TWO_FIFTY_GOLD","is_prod":false,"is_daily":false,"chose_seed":false,"campfire_upgraded":3,"win_rate":0,"timestamp":1541741593,"path_taken":["M","M","$","?","$","R","E","M","T","E","M","?","E","?","R","BOSS","M","?","?","?","?","E","?","M","T","M","M","M","$","?","R","BOSS"],"build_version":"2018-11-08","purchased_purges":1,"victory":false,"max_hp_per_floor":[80,80,80,80,80,80,80,80,80,80,80,80,80,80,80,80,80,80,80,80,80,80,80,80,80,80,80,80,80,87,87,87,87],"card_choices":[{"not_picked":["Uppercut","Sword Boomerang"],"picked":"Pommel Strike","floor":1},{"not_picked":["Pommel Strike","Flex"],"picked":"Metallicize","floor":2},{"not_picked":["Wild Strike","Twin Strike"],"picked":"Shrug It Off","floor":7},{"not_picked":["Thunderclap","Clothesline","Wild Strike"],"picked":"SKIP","floor":8},{"not_picked":["Wild Strike","Armaments"],"picked":"Metallicize","floor":10},{"not_picked":["Berserk","Warcry"],"picked":"Burning Pact","floor":11},{"not_picked":["Perfected Strike","Headbutt"],"picked":"Shrug It Off","floor":13},{"not_picked":["Iron Wave","Rupture"],"picked":"Seeing Red","floor":14},{"not_picked":["Brutality","Exhume"],"picked":"Barricade","floor":16},{"not_picked":["Seeing Red+1","Warcry"],"picked":"Armaments","floor":18},{"not_picked":["Sever Soul","Cleave"],"picked":"Evolve+1","floor":22},{"not_picked":["Perfected Strike+1","Combust","Headbutt"],"picked":"SKIP","floor":23},{"not_picked":["Shrug It Off","Bloodletting","Headbutt"],"picked":"SKIP","floor":25},{"not_picked":["Sword Boomerang+1","Clothesline","Clash+1"],"picked":"SKIP","floor":27},{"not_picked":["True Grit","Pummel+1"],"picked":"Body Slam+1","floor":28},{"not_picked":["Dual Wield","Thunderclap"],"picked":"Second Wind","floor":29},{"not_picked":["Havoc+1","Clothesline"],"picked":"Metallicize+1","floor":31}],"player_experience":373454,"relics_obtained":[{"floor":7,"key":"Darkstone Periapt"},{"floor":9,"key":"Blood Vial"},{"floor":10,"key":"Matryoshka"},{"floor":13,"key":"The Courier"},{"floor":20,"key":"Enchiridion"},{"floor":23,"key":"Happy Flower"},{"floor":24,"key":"War Paint"},{"floor":24,"key":"Gremlin Horn"},{"floor":26,"key":"Regal Pillow"},{"floor":26,"key":"Tiny Chest"},{"floor":31,"key":"FossilizedHelix"},{"floor":31,"key":"Mummified Hand"}],"event_choices":[{"damage_healed":0,"gold_gain":0,"player_choice":"Leave","damage_taken":0,"max_hp_gain":0,"max_hp_loss":0,"event_name":"The Cleric","floor":4,"gold_loss":0},{"damage_healed":0,"gold_gain":0,"player_choice":"Got Potions","damage_taken":0,"max_hp_gain":0,"max_hp_loss":0,"event_name":"Lab","floor":12,"gold_loss":0},{"damage_healed":0,"gold_gain":0,"player_choice":"Obtained Relic","damage_taken":0,"relics_obtained":["Dead Branch"],"max_hp_gain":0,"max_hp_loss":0,"event_name":"Addict","floor":19,"gold_loss":85},{"damage_healed":0,"gold_gain":0,"player_choice":"Obtained Book","damage_taken":16,"max_hp_gain":0,"max_hp_loss":0,"event_name":"Cursed Tome","floor":20,"gold_loss":0},{"damage_healed":0,"gold_gain":0,"player_choice":"Fight","damage_taken":0,"max_hp_gain":0,"max_hp_loss":0,"event_name":"Colosseum","floor":31,"gold_loss":0},{"damage_healed":0,"gold_gain":0,"player_choice":"Fought Nobs","damage_taken":0,"max_hp_gain":0,"max_hp_loss":0,"event_name":"Colosseum","floor":31,"gold_loss":0}],"is_beta":false,"boss_relics":[{"not_picked":["Eternal Feather","Ectoplasm"],"picked":"Mark of Pain"}],"items_purged_floors":[3],"is_endless":false,"potions_floor_spawned":[7,13,14,27,28,29,31],"killed_by":"Automaton","ascension_level":4}