{"gold_per_floor":[118,136,151,164,179,179,254,272,298,314,333,333,360,370,370,471,471,487,487,412,430,430],"floor_reached":22,"playtime":987,"items_purged":[],"score":192,"play_id":"64da92ae-c6f0-4f09-93bd-2f20b0d77521","local_time":"20190303105001","is_ascension_mode":false,"campfire_choices":[{"data":"Streamline","floor":6,"key":"SMITH"},{"data":"Streamline","floor":12,"key":"SMITH"},{"floor":15,"key":"REST"}],"neow_cost":"NONE","seed_source_timestamp":57450629490239,"circlet_count":0,"master_deck":["Defend_B+1","Defend_B","Defend_B","Defend_B","Zap","Dualcast+1","Streamline+1","Ball Lightning","Glacier","Cold Snap","Streamline+1","Rainbow","Hello World","Glacier","Redo","Doom and Gloom","Seek","Electrodynamics+1","Capacitor+1","Echo Form+1","Cold Snap","Cold Snap"],"relics":["Cracked Core","War Paint","PreservedInsect","Juzu Bracelet","Astrolabe","Enchiridion"],"potions_floor_usage":[16,16],"damage_taken":[{"damage":0,"enemies":"Cultist","floor":1,"turns":3},{"damage":0,"enemies":"Jaw Worm","floor":2,"turns":2},{"damage":0,"enemies":"Small Slimes","floor":3,"turns":2},{"damage":8,"enemies":"Exordium Wildlife","floor":4,"turns":3},{"damage":10,"enemies":"Looter","floor":5,"turns":2},{"damage":0,"enemies":"Large Slime","floor":8,"turns":4},{"damage":7,"enemies":"2 Fungi Beasts","floor":10,"turns":2},{"damage":0,"enemies":"Exordium Wildlife","floor":11,"turns":2},{"damage":16,"enemies":"Lagavulin","floor":13,"turns":3},{"damage":1,"enemies":"Large Slime","floor":14,"turns":5},{"damage":12,"enemies":"Hexaghost","floor":16,"turns":9},{"damage":32,"enemies":"2 Thieves","floor":18,"turns":3},{"damage":18,"enemies":"Spheric Guardian","floor":21,"turns":4}],"seed_played":"-6926844223993260687","potions_obtained":[{"floor":2,"key":"LiquidBronze"},{"floor":8,"key":"FocusPotion"},{"floor":11,"key":"SpeedPotion"},{"floor":16,"key":"Strength Potion"},{"floor":18,"key":"SkillPotion"}],"is_trial":false,"path_per_floor":["M","M","M","M","M","R","?","M","T","M","M","R","E","M","R","B",null,"M","?","?","M","?"],"character_chosen":"DEFECT","items_purchased":[],"campfire_rested":1,"item_purchase_floors":[],"current_hp_per_floor":[75,75,75,67,57,57,50,50,50,43,43,43,27,26,48,36,75,43,27,27,9,0],"gold":430,"neow_bonus":"RANDOM_COMMON_RELIC","is_prod":false,"is_daily":false,"chose_seed":false,"campfire_upgraded":2,"win_rate":0.0,"timestamp":1551577801,"path_taken":["M","?","M","M","M","R","?","M","T","M","?","R","E","M","R","BOSS","M","?","?","M","?"],"build_version":"2019-01-23","purchased_purges":0,"victory":false,"max_hp_per_floor":[75,75,75,75,75,75,75,75,75,75,75,75,75,75,75,75,75,75,75,75,75,80],"card_choices":[{"not_picked":["Sweeping Beam","Steam"],"picked":"Streamline","floor":1},{"not_picked":["Redo","Conserve Battery"],"picked":"Ball Lightning","floor":2},{"not_picked":["Auto Shields","Genetic Algorithm"],"picked":"Glacier","floor":3},{"not_picked":["Rip and Tear","Reinforced Body"],"picked":"Cold Snap","floor":4},{"not_picked":["BootSequence","Beam Cell"],"picked":"Streamline","floor":5},{"not_picked":["Beam Cell","Ball Lightning"],"picked":"Rainbow","floor":8},{"not_picked":["Heatsinks","Aggregate"],"picked":"Hello World","floor":10},{"not_picked":["FTL","Skim"],"picked":"Glacier","floor":11},{"not_picked":["Auto Shields","Storm"],"picked":"Redo","floor":13},{"not_picked":["Go for the Eyes","Ball Lightning"],"picked":"Doom and Gloom","floor":14},{"not_picked":["Amplify","Fission"],"picked":"Seek","floor":16},{"not_picked":["Steam","Redo"],"picked":"Cold Snap","floor":18},{"not_picked":["Stack","Leap"],"picked":"Cold Snap","floor":21}],"player_experience":20727,"relics_obtained":[{"floor":9,"key":"PreservedInsect"},{"floor":13,"key":"Juzu Bracelet"},{"floor":19,"key":"Enchiridion"}],"event_choices":[{"damage_healed":0,"gold_gain":75,"player_choice":"Touch","damage_taken":7,"max_hp_gain":0,"max_hp_loss":0,"event_name":"FaceTrader","floor":7,"gold_loss":0},{"damage_healed":0,"gold_gain":0,"player_choice":"Obtained Book","damage_taken":16,"max_hp_gain":0,"max_hp_loss":0,"event_name":"Cursed Tome","floor":19,"gold_loss":0},{"cards_removed":["Strike_B"],"damage_healed":0,"gold_gain":0,"player_choice":"Gave Gold","damage_taken":0,"max_hp_gain":0,"max_hp_loss":0,"event_name":"Beggar","floor":20,"gold_loss":75}],"is_beta":false,"boss_relics":[{"not_picked":["Tiny House","Cursed Key"],"picked":"Astrolabe"}],"items_purged_floors":[],"is_endless":false,"potions_floor_spawned":[2,8,11,16,18],"ascension_level":0}