{"gold_per_floor":[112,131,147,27,38,73,73,101,101,113,129,129,129,139,139,239,239,250,250,230,243,261,289,289],"floor_reached":24,"playtime":7024,"items_purged":["Strike_R"],"score":232,"play_id":"2cf26eb4-7192-4ae1-8c96-f2066bcbb44e","local_time":"20190222141531","is_ascension_mode":false,"campfire_choices":[{"data":"Armaments","floor":7,"key":"SMITH"},{"data":"Feel No Pain","floor":12,"key":"SMITH"},{"data":"True Grit","floor":15,"key":"SMITH"}],"neow_cost":"NONE","seed_source_timestamp":102218905676728,"circlet_count":0,"master_deck":["Strike_R","Strike_R","Strike_R","Strike_R","Defend_R+1","Defend_R","Defend_R","Defend_R","Cleave","Armaments+1","Feel No Pain+1","Flex","Shrug It Off","Warcry+1","Corruption","Pommel Strike","Shrug It Off","Disarm","Strike_R","True Grit+1","Barricade","Headbutt","Spot Weakness+1"],"relics":["Burning Blood","Anchor","War Paint","Dodecahedron","White Beast Statue","Self Forming Clay"],"potions_floor_usage":[5,6,8,16,22,22,22,23],"damage_taken":[{"damage":1,"enemies":"Cultist","floor":1,"turns":3},{"damage":0,"enemies":"Small Slimes","floor":2,"turns":3},{"damage":6,"enemies":"2 Louse","floor":3,"turns":2},{"damage":0,"enemies":"Looter","floor":5,"turns":4},{"damage":23,"enemies":"Gremlin Nob","floor":6,"turns":5},{"damage":7,"enemies":"3 Sentries","floor":8,"turns":6},{"damage":0,"enemies":"Blue Slaver","floor":10,"turns":4},{"damage":7,"enemies":"Exordium Wildlife","floor":11,"turns":4},{"damage":1,"enemies":"3 Louse","floor":14,"turns":2},{"damage":12,"enemies":"The Guardian","floor":16,"turns":11},{"damage":0,"enemies":"Chosen","floor":18,"turns":9},{"damage":12,"enemies":"2 Thieves","floor":20,"turns":5},{"damage":19,"enemies":"Snake Plant","floor":21,"turns":9},{"damage":25,"enemies":"Centurion and Healer","floor":22,"turns":6},{"damage":34,"enemies":"Gremlin Leader","floor":23,"turns":11},{"damage":18,"enemies":"Sentry and Sphere","floor":24,"turns":7}],"seed_played":"-4859528755346970508","potions_obtained":[{"floor":2,"key":"BloodPotion"},{"floor":3,"key":"SpeedPotion"},{"floor":5,"key":"PowerPotion"},{"floor":14,"key":"Swift Potion"},{"floor":18,"key":"Fire Potion"},{"floor":20,"key":"Swift Potion"},{"floor":21,"key":"Energy Potion"},{"floor":22,"key":"Dexterity Potion"},{"floor":23,"key":"Poison Potion"}],"is_trial":false,"path_per_floor":["M","M","M","$","M","E","R","E","T","M","M","R","?","M","R","B",null,"M","$","M","M","M","E","M"],"character_chosen":"IRONCLAD","items_purchased":["Shrug It Off"],"campfire_rested":0,"item_purchase_floors":[4],"current_hp_per_floor":[80,80,80,80,80,63,63,70,70,76,75,75,75,80,80,74,80,80,80,74,61,42,14,0],"gold":289,"neow_bonus":"THREE_CARDS","is_prod":false,"is_daily":false,"chose_seed":false,"campfire_upgraded":3,"win_rate":0,"timestamp":1550844931,"path_taken":["M","M","?","$","M","E","R","E","T","M","M","R","?","M","R","BOSS","M","$","M","M","M","E","M"],"build_version":"2019-01-23","purchased_purges":1,"victory":false,"max_hp_per_floor":[80,80,80,80,80,80,80,80,80,80,80,80,80,80,80,80,80,80,80,80,80,80,80,80],"card_choices":[{"not_picked":["Warcry","Clash"],"picked":"Cleave","floor":0},{"not_picked":["Headbutt","Heavy Blade"],"picked":"Armaments","floor":1},{"not_picked":["Thunderclap","Clash"],"picked":"Feel No Pain","floor":2},{"not_picked":["Dual Wield","Thunderclap"],"picked":"Flex","floor":3},{"not_picked":["Cleave","Clash"],"picked":"Warcry","floor":5},{"not_picked":["Fire Breathing","Carnage"],"picked":"Corruption","floor":6},{"not_picked":["Fire Breathing","Twin Strike"],"picked":"Pommel Strike","floor":8},{"not_picked":["Pommel Strike","Dual Wield"],"picked":"Shrug It Off","floor":10},{"not_picked":["Searing Blow","Corruption"],"picked":"Disarm","floor":11},{"not_picked":["Armaments","Wild Strike"],"picked":"True Grit","floor":14},{"not_picked":["Feed","Juggernaut"],"picked":"Barricade","floor":16},{"not_picked":["Uppercut","True Grit+1"],"picked":"Headbutt","floor":18},{"not_picked":["Perfected Strike","Sever Soul","Power Through"],"picked":"SKIP","floor":20},{"not_picked":["True Grit","Anger"],"picked":"Spot Weakness+1","floor":21},{"not_picked":["Rupture+1","Clash","Corruption"],"picked":"SKIP","floor":22},{"not_picked":["Uppercut","Perfected Strike","Wild Strike"],"picked":"SKIP","floor":23}],"player_experience":425335,"relics_obtained":[{"floor":6,"key":"Anchor"},{"floor":8,"key":"War Paint"},{"floor":9,"key":"Dodecahedron"},{"floor":23,"key":"Self Forming Clay"}],"event_choices":[{"cards_removed":["Bash"],"damage_healed":0,"gold_gain":0,"player_choice":"Took Card","damage_taken":0,"max_hp_gain":0,"max_hp_loss":0,"event_name":"NoteForYourself","floor":13,"gold_loss":0,"cards_obtained":["Strike_R"]}],"is_beta":false,"boss_relics":[{"not_picked":["Cursed Key","Runic Pyramid"],"picked":"White Beast Statue"}],"items_purged_floors":[4],"is_endless":false,"potions_floor_spawned":[2,3,5,14,18,20,21,22,23],"killed_by":"Sentry and Sphere","ascension_level":0}