{"gold_per_floor":[110,125,4,15,15,15,15,58,109,109,123,141,160,196,196,322,322,337,153,173,173,173,214,214,235,235,28,61,85,85,123,123,253,253,276,297,124,124,142,142,173,173,196,210,243,243,274,288,288,288,288,288,6,40,40],"floor_reached":55,"playtime":4056,"items_purged":["Strike_G","Defend_G"],"score":1113,"play_id":"952d09e8-7a58-407b-ad29-bc55aa310521","local_time":"20190129191535","is_ascension_mode":true,"campfire_choices":[{"data":"Footwork","floor":6.0,"key":"SMITH"},{"data":"Noxious Fumes","floor":10.0,"key":"SMITH"},{"data":"Neutralize","floor":15.0,"key":"SMITH"},{"floor":30.0,"key":"RECALL"},{"data":"Bite","floor":32.0,"key":"PURGE"},{"data":"Defend_G","floor":40.0,"key":"PURGE"},{"data":"Defend_G","floor":42.0,"key":"PURGE"},{"data":"Swift Strike","floor":46.0,"key":"PURGE"},{"data":"Heel Hook","floor":49.0,"key":"PURGE"},{"data":"Bite","floor":52.0,"key":"PURGE"}],"neow_cost":"NONE","seed_source_timestamp":482281858868125,"circlet_count":0,"master_deck":["Defend_G+1","Defend_G+1","Survivor","Neutralize+1","Unload","Cloak And Dagger","Infinite Blades","Footwork+1","Cloak And Dagger","Dagger Throw","Noxious Fumes+1","Reflex","Deflect","PiercingWail","Accuracy","Adrenaline","Sucker Punch+1","Noxious Fumes","Escape Plan","Bite","Bite","Bite","Footwork","Blade Dance+1","PiercingWail+1","Distraction+1","A Thousand Cuts","Dodge and Roll+1","Cloak And Dagger+1","Escape Plan","Jack Of All Trades","Master of Strategy","Escape Plan+1","Backflip+1","Expertise+1","Infinite Blades+1","Adrenaline","Backflip+1"],"special_seed":0,"relics":["Ring of the Snake","Golden Idol","Bag of Preparation","Bag of Marbles","Fusion Hammer","Enchiridion","Ninja Scroll","Letter Opener","Bottled Tornado","TwistedFunnel","Dodecahedron","Peace Pipe","Eternal Feather","The Courier","Anchor","Lantern","Orichalcum","Toy Ornithopter","Centennial Puzzle"],"potions_floor_usage":[55],"damage_taken":[{"damage":2.0,"enemies":"2 Louse","floor":1.0,"turns":2.0},{"damage":0.0,"enemies":"Jaw Worm","floor":2.0,"turns":3.0},{"damage":0.0,"enemies":"Cultist","floor":4.0,"turns":4.0},{"damage":25.0,"enemies":"Gremlin Nob","floor":8.0,"turns":6.0},{"damage":0.0,"enemies":"Looter","floor":11.0,"turns":4.0},{"damage":5.0,"enemies":"Blue Slaver","floor":12.0,"turns":4.0},{"damage":5.0,"enemies":"3 Louse","floor":13.0,"turns":4.0},{"damage":0.0,"enemies":"3 Sentries","floor":14.0,"turns":7.0},{"damage":0.0,"enemies":"The Guardian","floor":16.0,"turns":11.0},{"damage":0.0,"enemies":"2 Thieves","floor":18.0,"turns":5.0},{"damage":0.0,"enemies":"Shell Parasite","floor":20.0,"turns":5.0},{"damage":11.0,"enemies":"Book of Stabbing","floor":23.0,"turns":7.0},{"damage":6.0,"enemies":"Shelled Parasite and Fungi","floor":25.0,"turns":5.0},{"damage":3.0,"enemies":"Slavers","floor":28.0,"turns":4.0},{"damage":12.0,"enemies":"Snake Plant","floor":29.0,"turns":5.0},{"damage":3.0,"enemies":"Gremlin Leader","floor":31.0,"turns":7.0},{"damage":14.0,"enemies":"Champ","floor":33.0,"turns":13.0},{"damage":0.0,"enemies":"3 Shapes","floor":35.0,"turns":2.0},{"damage":0.0,"enemies":"Orb Walker","floor":36.0,"turns":3.0},{"damage":14.0,"enemies":"Writhing Mass","floor":39.0,"turns":8.0},{"damage":25.0,"enemies":"Reptomancer","floor":41.0,"turns":6.0},{"damage":0.0,"enemies":"Maw","floor":44.0,"turns":6.0},{"damage":24.0,"enemies":"Nemesis","floor":45.0,"turns":7.0},{"damage":22.0,"enemies":"Giant Head","floor":47.0,"turns":7.0},{"damage":0.0,"enemies":"Jaw Worm Horde","floor":48.0,"turns":2.0},{"damage":12.0,"enemies":"Donu and Deca","floor":50.0,"turns":8.0},{"damage":24.0,"enemies":"Shield and Spear","floor":54.0,"turns":5.0},{"damage":48,"enemies":"The Heart","floor":55,"turns":2}],"seed_played":"86712521767471116","potions_obtained":[{"floor":8.0,"key":"Weak Potion"},{"floor":12.0,"key":"Ancient Potion"},{"floor":13.0,"key":"Swift Potion"},{"floor":14.0,"key":"Swift Potion"},{"floor":18.0,"key":"SteroidPotion"},{"floor":20.0,"key":"GhostInAJar"},{"floor":28.0,"key":"Regen Potion"},{"floor":41.0,"key":"Energy Potion"},{"floor":44.0,"key":"Ancient Potion"}],"is_trial":false,"path_per_floor":["M","M","$","M","?","R","?","E","T","R","M","M","M","E","R","B",null,"M","$","M","?","?","E","T","M","T","$","E","M","R","E","R","B",null,"M","M","$","?","M","R","E","R","T","M","E","R","E","M","R","B",null,"R","$","E","B"],"character_chosen":"THE_SILENT","items_purchased":["Footwork","Cloak And Dagger","Noxious Fumes","Escape Plan","TwistedFunnel","Escape Plan","GhostInAJar","LiquidBronze","Toy Ornithopter"],"campfire_rested":0,"item_purchase_floors":[3,3,19,19,27,37,53,53,53],"current_hp_per_floor":[68,68,68,68,65,65,52,27,27,27,27,22,17,17,17,17,53,53,53,53,37,37,34,34,36,36,36,43,33,33,42,42,37,43,45,45,45,35,41,45,27,45,45,45,29,45,23,25,45,41,44,45,45,27,0],"gold":40,"neow_bonus":"ONE_RANDOM_RARE_CARD","is_prod":false,"is_daily":false,"chose_seed":false,"campfire_upgraded":3,"win_rate":0,"timestamp":1548807335,"path_taken":["M","M","$","M","?","R","?","E","T","R","M","M","M","E","R","BOSS","M","$","M","?","?","E","?","M","T","?","E","M","R","E","R","BOSS","M","M","$","?","M","R","E","R","T","M","E","R","E","M","R","BOSS","R","$","E","BOSS"],"build_version":"2019-01-23","purchased_purges":2,"victory":false,"max_hp_per_floor":[70,70,70,70,65,65,65,65,65,65,65,65,65,65,65,65,65,65,65,65,65,45,45,45,45,45,45,45,45,45,45,45,45,45,45,45,45,45,45,45,45,45,45,45,45,45,45,45,45,45,45,45,45,45,45],"card_choices":[{"not_picked":["Deflect","Underhanded Strike"],"picked":"Cloak And Dagger","floor":1.0},{"not_picked":["Flying Knee","Underhanded Strike"],"picked":"Infinite Blades","floor":2.0},{"not_picked":["Dodge and Roll","Quick Slash"],"picked":"Dagger Throw","floor":4.0},{"not_picked":["Outmaneuver","Quick Slash"],"picked":"Noxious Fumes","floor":8.0},{"not_picked":["Acrobatics","PiercingWail"],"picked":"Reflex","floor":11.0},{"not_picked":["Dagger Spray","Predator"],"picked":"Deflect","floor":12.0},{"not_picked":["Burst","Deflect"],"picked":"PiercingWail","floor":13.0},{"not_picked":["Prepared","Outmaneuver"],"picked":"Accuracy","floor":14.0},{"not_picked":["A Thousand Cuts","Night Terror"],"picked":"Adrenaline","floor":16.0},{"not_picked":["Deflect","Skewer"],"picked":"Sucker Punch+1","floor":18.0},{"not_picked":["Poisoned Stab","Masterful Stab"],"picked":"Heel Hook","floor":20.0},{"not_picked":["Sucker Punch","Predator"],"picked":"Footwork","floor":23.0},{"not_picked":["Prepared","Outmaneuver","Deadly Poison"],"picked":"SKIP","floor":25.0},{"not_picked":["Dagger Spray","All Out Attack"],"picked":"Blade Dance+1","floor":28.0},{"not_picked":["Terror","Sucker Punch"],"picked":"PiercingWail+1","floor":29.0},{"not_picked":["Predator","Infinite Blades"],"picked":"Distraction+1","floor":31.0},{"not_picked":["Doppelganger","Night Terror"],"picked":"A Thousand Cuts","floor":33.0},{"not_picked":["Blade Dance","Underhanded Strike+1"],"picked":"Dodge and Roll+1","floor":35.0},{"not_picked":["Flying Knee+1","Quick Slash+1"],"picked":"Cloak And Dagger+1","floor":36.0},{"not_picked":["HandOfGreed","Mind Blast"],"picked":"Jack Of All Trades","floor":38.0},{"not_picked":["Madness","Mind Blast"],"picked":"Master of Strategy","floor":38.0},{"not_picked":["Thinking Ahead","Blind"],"picked":"Swift Strike","floor":38.0},{"not_picked":["Poisoned Stab","Slice","PiercingWail"],"picked":"SKIP","floor":39.0},{"not_picked":["Acrobatics","Bane+1"],"picked":"Escape Plan+1","floor":41.0},{"not_picked":["Outmaneuver+1","Sucker Punch+1"],"picked":"Backflip+1","floor":44.0},{"not_picked":["Quick Slash","Slice+1"],"picked":"Expertise+1","floor":45.0},{"not_picked":["Heel Hook+1","Quick Slash"],"picked":"Infinite Blades+1","floor":47.0},{"not_picked":["Dodge and Roll+1","Distraction+1"],"picked":"Adrenaline","floor":48.0},{"not_picked":["All Out Attack+1","Underhanded Strike"],"picked":"Backflip+1","floor":54.0}],"player_experience":232880,"relics_obtained":[{"floor":8.0,"key":"Bag of Preparation"},{"floor":14.0,"key":"Bag of Marbles"},{"floor":21.0,"key":"Enchiridion"},{"floor":23.0,"key":"Ninja Scroll"},{"floor":24.0,"key":"Letter Opener"},{"floor":26.0,"key":"Bottled Tornado"},{"floor":28.0,"key":"Dodecahedron"},{"floor":31.0,"key":"Peace Pipe"},{"floor":41.0,"key":"The Courier"},{"floor":43.0,"key":"Anchor"},{"floor":45.0,"key":"Lantern"},{"floor":47.0,"key":"Orichalcum"},{"floor":54.0,"key":"Centennial Puzzle"}],"event_choices":[{"damage_healed":0.0,"max_hp_gain":0.0,"max_hp_loss":5.0,"gold_gain":0.0,"event_name":"Golden Idol","player_choice":"Lose Max HP","floor":5.0,"gold_loss":0.0,"damage_taken":0.0,"relics_obtained":["Golden Idol"]},{"damage_healed":0.0,"max_hp_gain":0.0,"max_hp_loss":0.0,"gold_gain":0.0,"event_name":"Shining Light","player_choice":"Entered Light","floor":7.0,"gold_loss":0.0,"damage_taken":13.0,"cards_upgraded":["Defend_G","Defend_G"]},{"damage_healed":0.0,"max_hp_gain":0.0,"max_hp_loss":0.0,"gold_gain":0.0,"event_name":"Cursed Tome","player_choice":"Obtained Book","floor":21.0,"gold_loss":0.0,"damage_taken":16.0},{"damage_healed":0.0,"max_hp_gain":0.0,"max_hp_loss":20.0,"gold_gain":0.0,"event_name":"Vampires","player_choice":"Became a vampire","floor":22.0,"gold_loss":0.0,"damage_taken":0.0,"cards_obtained":["Bite","Bite","Bite","Bite","Bite"]},{"damage_healed":0.0,"max_hp_gain":0.0,"max_hp_loss":0.0,"gold_gain":0.0,"event_name":"SensoryStone","player_choice":"Memory 3","floor":38.0,"gold_loss":0.0,"damage_taken":10.0}],"is_beta":false,"boss_relics":[{"not_picked":["Pandora\u0027s Box","Calling Bell"],"picked":"Fusion Hammer"},{"not_picked":["Empty Cage","Runic Dome"],"picked":"Eternal Feather"}],"items_purged_floors":[19,37],"is_endless":false,"potions_floor_spawned":[8,12,13,14,18,20,28,29,31,36,41,44],"killed_by":"The Heart","ascension_level":5}