{"path_per_floor":["M","M","M","?","?","E","R","M","T","E","R","M","E","?","R","B",null,"M","M","?","?","?","R","?","$","T"],"character_chosen":"DEFECT","items_purchased":["Steam Power","Bird Faced Urn"],"gold_per_floor":[113,125,139,139,139,167,167,179,179,211,211,227,259,259,259,358,358,369,382,382,382,382,382,382,15,15,15],"floor_reached":27,"campfire_rested":2,"playtime":1489,"item_purchase_floors":[25,25],"current_hp_per_floor":[64,63,48,48,75,61,61,56,56,50,50,43,9,9,31,17,61,57,53,53,37,37,59,45,45,45,0],"items_purged":[],"gold":15,"score":355,"play_id":"90fbcd9d-134a-4ef9-8d14-25aa9a5b7b2c","local_time":"20180602235250","is_prod":false,"is_daily":false,"chose_seed":false,"is_ascension_mode":true,"campfire_upgraded":2,"win_rate":0,"timestamp":1527976370,"campfire_choices":[{"data":"Dualcast","floor":7,"key":"SMITH"},{"data":"Coolheaded","floor":11,"key":"SMITH"},{"floor":15,"key":"REST"},{"floor":23,"key":"REST"}],"path_taken":["M","M","M","?","?","E","R","M","T","E","R","M","E","?","R","BOSS","M","M","?","?","?","R","?","$","T","E"],"build_version":"2018-05-31","seed_source_timestamp":143082344371947,"purchased_purges":0,"victory":false,"master_deck":["Zap+1","Dualcast+1","AscendersBane","All For One","Genetic Algorithm","Turbo","Coolheaded+1","Cold Snap","Reprogram","Darkness","Biased Cognition","Sunder","Seek","Barrage","Steam","Ball Lightning","Conserve Battery","Stack","Coolheaded","Compile Driver","Stack","Go for the Eyes","Hologram","Cold Snap","Fusion+1","Steam Power"],"max_hp_per_floor":[75,75,75,75,75,75,75,75,75,75,75,75,75,75,75,75,75,75,75,75,75,75,75,80,80,80,80],"relics":["Cracked Core","Dream Catcher","Juzu Bracelet","Matryoshka","Pen Nib","Pandora\u0027s Box","Nilry\u0027s Codex","Bird Faced Urn","Art of War","The Courier"],"card_choices":[{"not_picked":["Chill","Barrage"],"picked":"Consume","floor":1},{"not_picked":["Hologram","Ball Lightning"],"picked":"Genetic Algorithm","floor":2},{"not_picked":["Conserve Battery","Beam Cell"],"picked":"Turbo","floor":3},{"not_picked":["Double Energy","Genetic Algorithm"],"picked":"Coolheaded","floor":6},{"not_picked":["Barrage","Rebound"],"picked":"Cold Snap","floor":8},{"not_picked":["Rip and Tear","Barrage"],"picked":"Reprogram","floor":10},{"not_picked":["Doom and Gloom","Compile Driver"],"picked":"Darkness","floor":12},{"not_picked":["Hologram","Rebound"],"picked":"Biased Cognition","floor":13},{"not_picked":["Beam Cell","Streamline"],"picked":"Sunder","floor":15},{"not_picked":["Amplify","Thunder Strike"],"picked":"Seek","floor":16},{"not_picked":["Leap+1","Aggregate"],"picked":"Go for the Eyes","floor":18},{"not_picked":["Doom and Gloom","Streamline"],"picked":"Hologram","floor":19},{"not_picked":["Ball Lightning+1","Darkness"],"picked":"Fusion+1","floor":23}],"player_experience":599744,"potions_floor_usage":[6,10,13,16,27,27],"damage_taken":[{"damage":4,"enemies":"Small Slimes","floor":1,"turns":3},{"damage":1,"enemies":"Cultist","floor":2,"turns":3},{"damage":15,"enemies":"Jaw Worm","floor":3,"turns":4},{"damage":14,"enemies":"Lagavulin","floor":6,"turns":6},{"damage":5,"enemies":"Red Slaver","floor":8,"turns":4},{"damage":6,"enemies":"3 Sentries","floor":10,"turns":6},{"damage":7,"enemies":"Exordium Wildlife","floor":12,"turns":5},{"damage":34,"enemies":"Gremlin Nob","floor":13,"turns":5},{"damage":14,"enemies":"The Guardian","floor":16,"turns":11},{"damage":4,"enemies":"3 Byrds","floor":18,"turns":5},{"damage":4,"enemies":"Chosen","floor":19,"turns":3},{"damage":50,"enemies":"Slavers","floor":27,"turns":5}],"relics_obtained":[{"floor":6,"key":"Dream Catcher"},{"floor":9,"key":"Juzu Bracelet"},{"floor":10,"key":"Matryoshka"},{"floor":13,"key":"Pen Nib"},{"floor":21,"key":"Nilry\u0027s Codex"},{"floor":26,"key":"Art of War"},{"floor":26,"key":"The Courier"}],"event_choices":[{"event_name":"Accursed Blacksmith","player_choice":"Forge","floor":4,"damage_taken":0},{"event_name":"Bonfire Elementals","player_choice":"UNCOMMON","floor":5,"damage_taken":0},{"event_name":"Liars Game","player_choice":"disagreed","floor":14,"damage_taken":0},{"event_name":"Drug Dealer","player_choice":"Ignored","floor":20,"damage_taken":0},{"event_name":"Cursed Tome","player_choice":"Obtained Book","floor":21,"damage_taken":0},{"event_name":"Match and Keep!","player_choice":"1 cards matched","floor":22,"damage_taken":0},{"event_name":"Forgotten Altar","player_choice":"Shed Blood","floor":24,"damage_taken":0}],"boss_relics":[{"not_picked":["Black Star","Runic Dome"],"picked":"Pandora\u0027s Box"}],"items_purged_floors":[],"potions_floor_spawned":[1,2,6,8,13,19],"seed_played":"-7183760573467664266","killed_by":"Slavers","ascension_level":11,"potions_obtained":[{"floor":1,"key":"SpeedPotion"},{"floor":2,"key":"SpeedPotion"},{"floor":6,"key":"Weak Potion"},{"floor":8,"key":"SkillPotion"},{"floor":13,"key":"EssenceOfSteel"},{"floor":19,"key":"FearPotion"}],"is_trial":false}