{"gold_per_floor":[119,294,310,40,55,55,74,74,100,118,118,148,148,180,180,180],"floor_reached":16,"playtime":625,"items_purged":["Doubt"],"score":121,"play_id":"6c1643ec-3667-472b-8799-aed73585a426","local_time":"20180930014025","is_ascension_mode":true,"campfire_choices":[{"data":"Rupture","floor":6,"key":"SMITH"},{"data":"Whirlwind","floor":8,"key":"SMITH"},{"data":"Seeing Red","floor":11,"key":"SMITH"},{"data":"Blood for Blood","floor":15,"key":"SMITH"}],"neow_cost":"NONE","seed_source_timestamp":553875506340483,"circlet_count":0,"master_deck":["Strike_R","Strike_R","Strike_R","Strike_R","Strike_R","Defend_R","Defend_R","Defend_R","Defend_R","Bash","Seeing Red+1","Spot Weakness","Whirlwind+1","Rupture+1","Warcry","Reckless Charge","Power Through","Blood for Blood+1"],"relics":["Burning Blood","Brimstone","Vajra","PreservedInsect","Centennial Puzzle","Matryoshka"],"potions_floor_usage":[12,16],"damage_taken":[{"damage":7,"enemies":"Jaw Worm","floor":1,"turns":4},{"damage":7,"enemies":"2 Louse","floor":3,"turns":3},{"damage":8,"enemies":"Small Slimes","floor":5,"turns":3},{"damage":39,"enemies":"Exordium Thugs","floor":7,"turns":3},{"damage":14,"enemies":"Blue Slaver","floor":10,"turns":2},{"damage":10,"enemies":"Lagavulin","floor":12,"turns":3},{"damage":6,"enemies":"3 Sentries","floor":14,"turns":3},{"damage":30,"enemies":"Hexaghost","floor":16,"turns":2}],"seed_played":"-8516589121710138469","potions_obtained":[{"floor":3,"key":"SteroidPotion"},{"floor":10,"key":"Weak Potion"},{"floor":12,"key":"Ancient Potion"},{"floor":14,"key":"SpeedPotion"}],"is_trial":false,"path_per_floor":["M","?","M","$","M","R","M","R","T","M","R","E","?","E","R"],"character_chosen":"IRONCLAD","items_purchased":["Brimstone"],"campfire_rested":0,"item_purchase_floors":[4],"current_hp_per_floor":[79,79,78,78,76,76,43,43,43,35,35,31,28,28,28,0],"gold":180,"neow_bonus":"THREE_CARDS","is_prod":false,"is_daily":false,"chose_seed":false,"campfire_upgraded":4,"win_rate":0,"timestamp":1538296825,"path_taken":["M","?","M","$","M","R","M","R","T","?","R","E","?","E","R","BOSS"],"build_version":"2018-09-27","purchased_purges":1,"victory":false,"max_hp_per_floor":[80,80,80,80,80,80,80,80,80,80,80,80,80,80,80,80],"card_choices":[{"not_picked":["Hemokinesis","Flex"],"picked":"Seeing Red","floor":0},{"not_picked":["Iron Wave","Warcry"],"picked":"Spot Weakness","floor":1},{"not_picked":["Havoc","Heavy Blade"],"picked":"Whirlwind","floor":3},{"not_picked":["Dual Wield","Bloodletting"],"picked":"Rupture","floor":5},{"not_picked":["Shrug It Off","Havoc"],"picked":"Warcry","floor":7},{"not_picked":["Perfected Strike","Armaments"],"picked":"Reckless Charge","floor":10},{"not_picked":["Second Wind","True Grit"],"picked":"Power Through","floor":12},{"not_picked":["Infernal Blade","Twin Strike"],"picked":"Blood for Blood","floor":14}],"player_experience":200701,"relics_obtained":[{"floor":9,"key":"Vajra"},{"floor":12,"key":"PreservedInsect"},{"floor":14,"key":"Matryoshka"}],"event_choices":[{"event_name":"Liars Game","player_choice":"agreed","floor":2,"damage_taken":0},{"event_name":"Scrap Ooze","player_choice":"success","floor":13,"damage_taken":3}],"is_beta":false,"boss_relics":[],"items_purged_floors":[4],"is_endless":false,"potions_floor_spawned":[3,10,12,14],"killed_by":"Hexaghost","ascension_level":2}