{"gold_per_floor":[116,291,366,366,366,405,426,469,469,469,492,331,362,385,385,511,511,534,534,549,549,474,513,513],"floor_reached":24,"playtime":658,"items_purged":["Doubt"],"score":295,"play_id":"45dd5e02-ac66-4412-86ef-04c89ae6a66a","local_time":"20190223204843","is_ascension_mode":true,"campfire_choices":[{"floor":15,"key":"REST"}],"neow_cost":"NONE","seed_source_timestamp":784088805053157,"circlet_count":0,"master_deck":["Defend_B","Defend_B","Defend_B","Defend_B+1","Zap","Dualcast","Self Repair","Static Discharge+1","Ball Lightning","Creative AI","Loop","Coolheaded","Conserve Battery","Leap","Electrodynamics","Redo","Bite","Bite","Bite","Bite","Bite","Chaos","Rainbow"],"relics":["Cracked Core","NeowsBlessing","Golden Idol","Nunchaku","Ornamental Fan","Symbiotic Virus","PreservedInsect","White Beast Statue","Nilry\u0027s Codex","Prayer Wheel"],"potions_floor_usage":[23,23,23,23,23,24,24],"damage_taken":[{"damage":0,"enemies":"Small Slimes","floor":1,"turns":1},{"damage":0,"enemies":"Gremlin Nob","floor":6,"turns":1},{"damage":0,"enemies":"2 Louse","floor":7,"turns":1},{"damage":32,"enemies":"Lagavulin","floor":8,"turns":7},{"damage":0,"enemies":"Cultist","floor":11,"turns":3},{"damage":28,"enemies":"Gremlin Nob","floor":13,"turns":3},{"damage":1,"enemies":"Looter","floor":14,"turns":3},{"damage":35,"enemies":"Slime Boss","floor":16,"turns":5},{"damage":5,"enemies":"3 Byrds","floor":18,"turns":2},{"damage":17,"enemies":"Spheric Guardian","floor":20,"turns":3},{"damage":10,"enemies":"Slavers","floor":23,"turns":3},{"damage":12,"enemies":"Snake Plant","floor":24,"turns":2}],"seed_played":"-1891945813676524311","potions_obtained":[{"floor":5,"key":"Fire Potion"},{"floor":5,"key":"EntropicBrew"},{"floor":5,"key":"SneckoOil"},{"floor":6,"key":"Ancient Potion"},{"floor":14,"key":"FocusPotion"},{"floor":20,"key":"EntropicBrew"},{"floor":23,"key":"Swift Potion"}],"is_trial":false,"path_per_floor":["M","?","?","?","?","E","M","E","T","?","M","$","E","M","R","B",null,"M","?","M","?","?","E","M"],"character_chosen":"DEFECT","items_purchased":["Loop","Coolheaded"],"campfire_rested":1,"item_purchase_floors":[12,12],"current_hp_per_floor":[75,75,64,64,64,69,69,44,44,30,37,37,16,22,42,14,69,64,48,31,15,15,7,0],"gold":513,"neow_bonus":"THREE_ENEMY_KILL","is_prod":false,"is_daily":false,"chose_seed":false,"campfire_upgraded":0,"win_rate":0,"timestamp":1550972923,"path_taken":["M","?","?","?","?","E","?","E","T","?","M","$","E","M","R","BOSS","M","?","M","?","?","E","M"],"build_version":"2019-01-23","purchased_purges":1,"victory":false,"max_hp_per_floor":[75,75,75,69,69,69,69,69,69,69,69,69,69,69,69,69,69,69,48,48,48,48,48,48],"card_choices":[{"not_picked":["Steam","Aggregate"],"picked":"Self Repair","floor":1},{"not_picked":["Fusion","Redo"],"picked":"Gash","floor":6},{"not_picked":["Leap","Conserve Battery"],"picked":"Static Discharge","floor":7},{"not_picked":["Conserve Battery","Streamline"],"picked":"Ball Lightning","floor":8},{"not_picked":["Rebound","Blizzard"],"picked":"Creative AI","floor":11},{"not_picked":["Compile Driver","Turbo"],"picked":"Conserve Battery","floor":13},{"not_picked":["Go for the Eyes","Stack"],"picked":"Leap","floor":14},{"not_picked":["Meteor Strike","Machine Learning"],"picked":"Electrodynamics","floor":16},{"not_picked":["Loop","Cold Snap"],"picked":"Redo","floor":18},{"not_picked":["Barrage+1","FTL"],"picked":"Chaos","floor":20},{"not_picked":["Turbo","Barrage"],"picked":"Rainbow","floor":23}],"player_experience":229187,"relics_obtained":[{"floor":6,"key":"Nunchaku"},{"floor":8,"key":"Ornamental Fan"},{"floor":9,"key":"Symbiotic Virus"},{"floor":13,"key":"PreservedInsect"},{"floor":21,"key":"Nilry\u0027s Codex"},{"floor":23,"key":"Prayer Wheel"}],"event_choices":[{"damage_healed":0,"gold_gain":175,"player_choice":"AGREE","damage_taken":0,"max_hp_gain":0,"max_hp_loss":0,"event_name":"Liars Game","floor":2,"gold_loss":0,"cards_obtained":["Doubt"]},{"damage_healed":0,"gold_gain":75,"player_choice":"Gather Gold","damage_taken":11,"max_hp_gain":0,"max_hp_loss":0,"event_name":"World of Goop","floor":3,"gold_loss":0},{"damage_healed":0,"gold_gain":0,"player_choice":"Lose Max HP","damage_taken":0,"relics_obtained":["Golden Idol"],"max_hp_gain":0,"max_hp_loss":6,"event_name":"Golden Idol","floor":4,"gold_loss":0},{"damage_healed":0,"gold_gain":0,"player_choice":"Got Potions","damage_taken":0,"max_hp_gain":0,"max_hp_loss":0,"event_name":"Lab","floor":5,"gold_loss":0},{"damage_healed":0,"gold_gain":0,"player_choice":"Entered Light","damage_taken":14,"max_hp_gain":0,"max_hp_loss":0,"event_name":"Shining Light","floor":10,"gold_loss":0,"cards_upgraded":["Static Discharge","Defend_B"]},{"damage_healed":0,"gold_gain":0,"player_choice":"Became a vampire","damage_taken":0,"max_hp_gain":0,"max_hp_loss":21,"event_name":"Vampires","floor":19,"gold_loss":0,"cards_obtained":["Bite","Bite","Bite","Bite","Bite"]},{"damage_healed":0,"gold_gain":0,"player_choice":"Obtained Book","damage_taken":16,"max_hp_gain":0,"max_hp_loss":0,"event_name":"Cursed Tome","floor":21,"gold_loss":0},{"cards_removed":["Gash"],"damage_healed":0,"gold_gain":0,"player_choice":"Gave Gold","damage_taken":0,"max_hp_gain":0,"max_hp_loss":0,"event_name":"Beggar","floor":22,"gold_loss":75}],"is_beta":false,"boss_relics":[{"not_picked":["Empty Cage","Lizard Tail"],"picked":"White Beast Statue"}],"items_purged_floors":[12],"is_endless":false,"potions_floor_spawned":[6,8,14,18,20,23],"killed_by":"Snake Plant","ascension_level":1}