{"path_per_floor":["M","?","$","M","M","R","M","R","T","?","R","M","R","?","R","B",null,"M","?","M","?","?","R","M"],"character_chosen":"IRONCLAD","items_purchased":["Clash"],"gold_per_floor":[114,114,62,78,92,92,103,103,129,129,129,144,144,144,144,144,144,129,129,146,146,61,61,79,79],"floor_reached":25,"campfire_rested":1,"playtime":1112,"current_hp_per_floor":[80,80,80,80,76,76,69,69,69,69,69,77,77,82,82,81,85,71,55,42,42,42,69,7,0],"items_purged":[],"gold":79,"score":191,"play_id":"a4cf903b-ff5f-4392-8dad-f75981bd49e6","local_time":"20180509201338","is_prod":false,"is_daily":false,"chose_seed":false,"is_ascension_mode":false,"campfire_upgraded":5,"timestamp":1525860818,"path_taken":["M","?","?","M","M","R","M","R","T","?","R","M","R","?","R","BOSS","M","?","M","?","?","R","M","M"],"build_version":"2018-05-08","seed_source_timestamp":6049911606000,"purchased_purges":0,"victory":false,"master_deck":["Strike_R+1","Strike_R+1","Strike_R","Strike_R","Strike_R","Defend_R","Defend_R","Defend_R","Defend_R","Bash","Writhe","Reaper","Flex+1","Clash+1","Second Wind","Wild Strike","Anger+1","Good Instincts","Iron Wave+1","Double Tap","Anger","Blood for Blood+1"],"max_hp_per_floor":[80,80,80,80,80,80,80,80,80,80,80,80,80,85,85,85,85,85,90,90,90,90,90,90,90],"relics":["Burning Blood","Omamori","Black Star","Pen Nib","Sundial"],"card_choices":[{"not_picked":["Offering","Juggernaut"],"picked":"Reaper","floor":0},{"not_picked":["True Grit","Sever Soul"],"picked":"Flex","floor":1},{"not_picked":["Bloodletting","Twin Strike"],"picked":"Second Wind","floor":4},{"not_picked":["Inflame","Warcry"],"picked":"Wild Strike","floor":5},{"not_picked":["Dual Wield","Dropkick"],"picked":"Anger","floor":7},{"not_picked":["Metallicize","Infernal Blade"],"picked":"Iron Wave","floor":12},{"not_picked":["Immolate","Brutality"],"picked":"Double Tap","floor":16},{"not_picked":["Warcry","Flex"],"picked":"Anger","floor":18},{"not_picked":["Uppercut","Evolve"],"picked":"Blood for Blood","floor":24}],"player_experience":194049,"potions_floor_usage":[16,16],"damage_taken":[{"damage":4,"enemies":"Small Slimes","floor":1,"turns":4},{"damage":6,"enemies":"Cultist","floor":4,"turns":4},{"damage":16,"enemies":"Jaw Worm","floor":5,"turns":4},{"damage":17,"enemies":"Exordium Thugs","floor":7,"turns":5},{"damage":1,"enemies":"3 Louse","floor":12,"turns":4},{"damage":11,"enemies":"Slime Boss","floor":16,"turns":10},{"damage":30,"enemies":"2 Thieves","floor":18,"turns":4},{"damage":23,"enemies":"Chosen","floor":20,"turns":4},{"damage":72,"enemies":"Snecko","floor":24,"turns":9},{"damage":15,"enemies":"Snake Plant","floor":25,"turns":2}],"event_choices":[{"event_name":"Living Wall","player_choice":"Grow","floor":2,"damage_taken":0},{"event_name":"Match and Keep!","player_choice":"1 cards matched","floor":10,"damage_taken":0},{"event_name":"Big Fish","player_choice":"Donut","floor":14,"damage_taken":0},{"event_name":"Forgotten Altar","player_choice":"Shed Blood","floor":19,"damage_taken":0},{"event_name":"The Mausoleum","player_choice":"Yes","floor":21,"damage_taken":0},{"event_name":"Addict","player_choice":"Obtained Relic","floor":22,"damage_taken":0}],"boss_relics":[{"not_picked":["Mark of Pain","Philosopher\u0027s Stone"],"picked":"Black Star"}],"potions_floor_spawned":[5,12,20],"seed_played":"-3120609738278374898","killed_by":"Snake Plant","ascension_level":0,"is_trial":false}