{"gold_per_floor":[111,111,123,143,157,187,187,207,207,207,218,218,232,263,263,368,368,368,368,268,268,60,60,60,60,60,60,60,60,60,60,60,60,60,60,60,60,60,60,60,60,60,60,60,60,60,60,60,60,60],"floor_reached":51,"playtime":1731,"items_purged":["Armaments"],"score":752,"play_id":"7219ed84-752c-42d1-9e44-e258eb90f724","local_time":"20181123221420","is_ascension_mode":false,"campfire_choices":[{"data":"Armaments","floor":7.0,"key":"SMITH"},{"data":"Bash","floor":10.0,"key":"SMITH"},{"floor":15.0,"key":"REST"},{"data":"Immolate","floor":23.0,"key":"SMITH"},{"data":"Battle Trance","floor":25.0,"key":"SMITH"},{"data":"Spot Weakness","floor":30.0,"key":"SMITH"},{"data":"Spot Weakness","floor":32.0,"key":"SMITH"},{"data":"1","floor":40,"key":"LIFT"},{"data":"2","floor":46,"key":"LIFT"},{"data":"3","floor":49,"key":"LIFT"}],"neow_cost":"NONE","seed_source_timestamp":0,"circlet_count":0,"master_deck":["Strike_R","Strike_R+1","Strike_R","Strike_R","Strike_R","Defend_R","Defend_R","Defend_R","Bash+1","Twin Strike","Armaments+1","Battle Trance+1","Offering","Clothesline+1","Cleave","Headbutt","Ghostly Armor","Immolate+1","Spot Weakness+1","Thunderclap+1","Sword Boomerang","Uppercut","Whirlwind+1","Shame","Spot Weakness+1","Immolate","Heavy Blade+1","Warcry+1","Feed"],"special_seed":0,"relics":["Burning Blood","Singing Bowl","Odd Mushroom","Turnip","Ice Cream","Ectoplasm","Juzu Bracelet","Ancient Tea Set","Bag of Preparation","Pantograph","Philosopher\u0027s Stone","Girya","Ginger","The Courier"],"potions_floor_usage":[39,50,50,50,50,50,50],"damage_taken":[{"damage":6.0,"enemies":"Cultist","floor":1.0,"turns":4.0},{"damage":6.0,"enemies":"Jaw Worm","floor":3.0,"turns":3.0},{"damage":0.0,"enemies":"2 Louse","floor":4.0,"turns":2.0},{"damage":2.0,"enemies":"2 Fungi Beasts","floor":5.0,"turns":3.0},{"damage":17.0,"enemies":"3 Sentries","floor":6.0,"turns":9.0},{"damage":28.0,"enemies":"The Mushroom Lair","floor":8.0,"turns":5.0},{"damage":7.0,"enemies":"Exordium Thugs","floor":11.0,"turns":4.0},{"damage":14.0,"enemies":"Red Slaver","floor":13.0,"turns":2.0},{"damage":20.0,"enemies":"Gremlin Nob","floor":14.0,"turns":4.0},{"damage":38.0,"enemies":"The Guardian","floor":16.0,"turns":10.0},{"damage":6.0,"enemies":"Chosen","floor":18.0,"turns":3.0},{"damage":5.0,"enemies":"Spheric Guardian","floor":21.0,"turns":3.0},{"damage":29.0,"enemies":"Slavers","floor":24.0,"turns":3.0},{"damage":6.0,"enemies":"Centurion and Healer","floor":28.0,"turns":2.0},{"damage":12.0,"enemies":"Cultist and Chosen","floor":31.0,"turns":3.0},{"damage":49,"enemies":"Champ","floor":33,"turns":11},{"damage":38,"enemies":"3 Darklings","floor":35,"turns":4},{"damage":0,"enemies":"Mind Bloom Boss Battle","floor":36,"turns":4},{"damage":8,"enemies":"Orb Walker","floor":37,"turns":2},{"damage":0,"enemies":"4 Shapes","floor":38,"turns":1},{"damage":29,"enemies":"2 Orb Walkers","floor":39,"turns":3},{"damage":9,"enemies":"Sphere and 2 Shapes","floor":42,"turns":2},{"damage":18,"enemies":"Writhing Mass","floor":47,"turns":2},{"damage":7,"enemies":"Maw","floor":48,"turns":5},{"damage":29,"enemies":"Time Eater","floor":50,"turns":2}],"seed_played":"1202996178823469358","potions_obtained":[{"floor":5.0,"key":"EssenceOfSteel"},{"floor":6.0,"key":"SkillPotion"},{"floor":13.0,"key":"SteroidPotion"},{"floor":16.0,"key":"SteroidPotion"},{"floor":18.0,"key":"Swift Potion"},{"floor":24.0,"key":"EntropicBrew"},{"floor":39,"key":"Swift Potion"}],"is_trial":false,"path_per_floor":["M","?","M","M","M","E","R","?","T","R","M","?","M","E","R","B",null,"M","?","$","M","$","R","E","R","T","?","M","?","R","M","R","B",null,"M","?","M","M","?","R","?","M","T","$","?","R","M","M","R","B",null],"character_chosen":"IRONCLAD","items_purchased":["Armaments","Sword Boomerang","Juzu Bracelet"],"campfire_rested":1,"item_purchase_floors":[20,22,22],"current_hp_per_floor":[88,93,93,93,93,82,82,60,60,60,59,40,32,20,48,16,95,95,95,95,95,95,95,72,72,72,72,72,72,72,66,66,48,95,63,96,94,99,78,78,78,80,80,80,80,80,70,71,71,73],"gold":60,"neow_bonus":"TEN_PERCENT_HP_BONUS","is_prod":false,"is_daily":false,"chose_seed":false,"campfire_upgraded":6,"win_rate":0,"timestamp":1542978860,"path_taken":["M","?","M","M","M","E","R","?","T","R","M","?","M","E","R","BOSS","M","?","$","M","?","R","E","R","T","?","M","?","R","M","R","BOSS","M","?","M","M","?","R","?","M","T","$","?","R","M","M","R","BOSS"],"build_version":"2018-11-15","purchased_purges":1,"victory":true,"max_hp_per_floor":[88,93,93,93,93,93,93,93,93,93,93,93,93,95,95,95,95,95,95,95,95,95,95,95,95,95,95,95,95,95,95,95,95,95,95,97,97,99,101,101,101,106,106,106,106,106,108,110,110,110],"card_choices":[{"not_picked":["Shrug It Off","Warcry"],"picked":"Twin Strike","floor":1.0},{"not_picked":["Twin Strike","Iron Wave"],"picked":"Armaments","floor":3.0},{"not_picked":["Sever Soul","Wild Strike"],"picked":"Battle Trance","floor":4.0},{"not_picked":["Shrug It Off","Entrench"],"picked":"Offering","floor":5.0},{"not_picked":["Cleave","Sentinel"],"picked":"Clothesline","floor":6.0},{"not_picked":["Warcry","Brutality"],"picked":"Cleave","floor":8.0},{"not_picked":["Havoc","Twin Strike"],"picked":"Headbutt","floor":11.0},{"not_picked":["Anger","Body Slam"],"picked":"Ghostly Armor","floor":13.0},{"not_picked":["Dropkick","True Grit","Power Through"],"picked":"Singing Bowl","floor":14.0},{"not_picked":["Barricade","Dark Embrace"],"picked":"Immolate","floor":16.0},{"not_picked":["Headbutt","Shockwave+1"],"picked":"Spot Weakness","floor":18.0},{"not_picked":["Reckless Charge","Bloodletting"],"picked":"Thunderclap+1","floor":21.0},{"not_picked":["Anger","Sentinel"],"picked":"Uppercut","floor":24.0},{"not_picked":["Headbutt+1","Anger+1"],"picked":"Whirlwind+1","floor":28.0},{"not_picked":["Body Slam","Rampage"],"picked":"Spot Weakness","floor":31.0},{"not_picked":["Feed","Barricade"],"picked":"Immolate","floor":33},{"not_picked":["Clash+1","Clothesline"],"picked":"Heavy Blade+1","floor":35},{"not_picked":["Armaments","Anger","Iron Wave+1"],"picked":"Singing Bowl","floor":36},{"not_picked":["True Grit","Flex+1"],"picked":"Warcry+1","floor":37},{"not_picked":["Iron Wave","Cleave","Perfected Strike+1"],"picked":"Singing Bowl","floor":38},{"not_picked":["Flex+1","Dual Wield+1","Inflame"],"picked":"Singing Bowl","floor":39},{"not_picked":["Juggernaut","Twin Strike+1","Sword Boomerang"],"picked":"Singing Bowl","floor":42},{"not_picked":["Blood for Blood+1","Combust","Perfected Strike+1"],"picked":"Singing Bowl","floor":47},{"not_picked":["Cleave","Warcry","Sword Boomerang"],"picked":"Singing Bowl","floor":48}],"player_experience":730862,"relics_obtained":[{"floor":6.0,"key":"Singing Bowl"},{"floor":8.0,"key":"Odd Mushroom"},{"floor":9.0,"key":"Turnip"},{"floor":14.0,"key":"Ice Cream"},{"floor":24.0,"key":"Ancient Tea Set"},{"floor":26.0,"key":"Bag of Preparation"},{"floor":36,"key":"Girya"},{"floor":39,"key":"Ginger"},{"floor":43,"key":"The Courier"}],"event_choices":[{"damage_healed":0.0,"max_hp_gain":5.0,"max_hp_loss":0.0,"gold_gain":0.0,"event_name":"Big Fish","player_choice":"Donut","floor":2.0,"gold_loss":0.0,"damage_taken":0.0},{"damage_healed":0.0,"max_hp_gain":0.0,"max_hp_loss":0.0,"gold_gain":0.0,"event_name":"Mushrooms","player_choice":"Fought Mushrooms","floor":8.0,"gold_loss":0.0,"damage_taken":0.0},{"damage_healed":0.0,"max_hp_gain":0.0,"max_hp_loss":0.0,"gold_gain":0.0,"event_name":"Shining Light","player_choice":"Entered Light","floor":12.0,"gold_loss":0.0,"damage_taken":19.0,"cards_upgraded":["Clothesline","Strike_R"]},{"damage_healed":0.0,"max_hp_gain":0.0,"max_hp_loss":0.0,"gold_gain":0.0,"event_name":"Match and Keep!","player_choice":"0 cards matched","floor":19.0,"gold_loss":0.0,"damage_taken":0.0,"cards_obtained":[]},{"damage_healed":0.0,"max_hp_gain":0.0,"max_hp_loss":0.0,"gold_gain":0.0,"event_name":"Ghosts","player_choice":"Ignored","floor":27.0,"gold_loss":0.0,"damage_taken":0.0},{"damage_healed":0.0,"max_hp_gain":0.0,"max_hp_loss":0.0,"gold_gain":0.0,"event_name":"Addict","player_choice":"Stole Relic","floor":29.0,"gold_loss":0.0,"damage_taken":0.0,"relics_obtained":["Pantograph"],"cards_obtained":["Shame"]},{"damage_healed":0,"gold_gain":0,"player_choice":"Fight","damage_taken":0,"max_hp_gain":0,"max_hp_loss":0,"event_name":"MindBloom","floor":36,"gold_loss":0},{"damage_healed":0,"gold_gain":0,"player_choice":"Fight","damage_taken":0,"max_hp_gain":0,"max_hp_loss":0,"event_name":"Mysterious Sphere","floor":39,"gold_loss":0},{"damage_healed":0,"gold_gain":0,"player_choice":"1 cards matched","damage_taken":0,"max_hp_gain":0,"max_hp_loss":0,"event_name":"Match and Keep!","floor":41,"gold_loss":0,"cards_obtained":["Feed"]},{"cards_removed":["Defend_R"],"damage_healed":0,"gold_gain":0,"player_choice":"Purged","damage_taken":0,"max_hp_gain":0,"max_hp_loss":0,"event_name":"Purifier","floor":45,"gold_loss":0}],"is_beta":false,"boss_relics":[{"not_picked":["Lizard Tail","Runic Cube"],"picked":"Ectoplasm"},{"not_picked":["Astrolabe","Eternal Feather"],"picked":"Philosopher\u0027s Stone"}],"items_purged_floors":[20],"is_endless":false,"potions_floor_spawned":[5,6,13,16,18,24,33,39],"ascension_level":0}