{"path_per_floor":["M","?","M","M","M","E","R","M","T","E","$","E","M","?","R","B",null,"M","?","$","M","?","E","R","M","T","R","M","E","M","M","R","B",null,"M","$","?","M","M","R","E","M","T","$","R","?","M","M","R","B"],"character_chosen":"IRONCLAD","items_purchased":["Singing Bowl","Double Tap","Offering"],"gold_per_floor":[111,111,128,144,164,195,195,212,212,244,14,43,60,160,160,263,263,280,205,46,62,62,93,93,104,104,104,114,141,157,173,173,270,270,282,182,182,192,202,202,232,251,276,122,122,122,137,155,155,155],"floor_reached":51,"campfire_rested":0,"playtime":1948,"current_hp_per_floor":[80,68,66,72,78,63,63,63,63,61,61,61,69,69,69,75,84,86,86,86,88,88,78,78,86,86,86,94,84,76,82,82,90,100,102,102,102,101,106,106,104,103,103,103,103,103,111,114,114,82],"items_purged":["Defend_R","Strike_R"],"gold":155,"score":1016,"play_id":"aa86f507-b7eb-4b45-902e-344e157b5029","local_time":"20180423000430","is_prod":false,"is_daily":false,"chose_seed":false,"is_ascension_mode":false,"campfire_upgraded":8,"timestamp":1524434670,"path_taken":["M","?","M","M","M","E","R","M","T","E","$","E","M","?","R","BOSS","M","?","$","M","?","E","R","?","T","R","M","E","M","?","R","BOSS","M","$","?","M","M","R","E","M","T","$","R","?","M","M","R","BOSS"],"build_version":"2018-04-19","seed_source_timestamp":53484403383945,"purchased_purges":2,"victory":true,"master_deck":["Strike_R","Strike_R","Strike_R","Strike_R","Defend_R","Bash","Thunderclap","Whirlwind+1","Inflame+1","Bludgeon+1","Seeing Red+1","Limit Break+1","Double Tap+1","Dropkick+1","Offering+1"],"max_hp_per_floor":[80,80,80,80,80,80,80,80,80,80,80,82,84,84,84,84,84,86,86,86,88,88,90,90,92,92,92,94,96,98,98,98,100,100,102,102,102,104,106,106,108,110,110,110,110,110,112,114,114,114],"relics":["Burning Blood","Bag of Marbles","Gambling Chip","Vajra","Dream Catcher","Bottled Tornado","Singing Bowl","Gremlin Horn","Velvet Choker","Regal Pillow","Bronze Scales","Pen Nib","White Beast Statue","Orichalcum","Prayer Wheel"],"card_choices":[{"not_picked":["True Grit","Reckless Charge"],"picked":"Thunderclap","floor":1},{"not_picked":["Evolve","Fire Breathing"],"picked":"Whirlwind","floor":3},{"not_picked":["Feel No Pain","Anger"],"picked":"Inflame","floor":4},{"not_picked":["Sentinel","Iron Wave"],"picked":"Bludgeon","floor":5},{"not_picked":["Ghostly Armor","True Grit"],"picked":"Seeing Red","floor":6},{"not_picked":["Berserk","Exhume"],"picked":"Limit Break","floor":16},{"not_picked":["Body Slam","Power Through"],"picked":"Dropkick","floor":31}],"player_experience":413206,"potions_floor_usage":[6,10,23,29,30,33,33,39,50,50],"damage_taken":[{"damage":5,"enemies":"Small Slimes","floor":1,"turns":3},{"damage":8,"enemies":"Jaw Worm","floor":3,"turns":3},{"damage":0,"enemies":"2 Louse","floor":4,"turns":2},{"damage":0,"enemies":"Large Slime","floor":5,"turns":4},{"damage":21,"enemies":"Lagavulin","floor":6,"turns":5},{"damage":6,"enemies":"Gremlin Gang","floor":8,"turns":3},{"damage":14,"enemies":"Gremlin Nob","floor":10,"turns":3},{"damage":8,"enemies":"3 Sentries","floor":12,"turns":3},{"damage":0,"enemies":"2 Fungi Beasts","floor":13,"turns":1},{"damage":0,"enemies":"Slime Boss","floor":16,"turns":5},{"damage":0,"enemies":"Spheric Guardian","floor":18,"turns":2},{"damage":0,"enemies":"2 Thieves","floor":21,"turns":1},{"damage":18,"enemies":"Book of Stabbing","floor":23,"turns":3},{"damage":0,"enemies":"Chosen and Byrds","floor":25,"turns":2},{"damage":0,"enemies":"Snake Plant","floor":28,"turns":1},{"damage":18,"enemies":"Gremlin Leader","floor":29,"turns":3},{"damage":16,"enemies":"Slaver and Parasite","floor":30,"turns":2},{"damage":0,"enemies":"Cultist and Chosen","floor":31,"turns":2},{"damage":0,"enemies":"Collector","floor":33,"turns":2},{"damage":0,"enemies":"Orb Walker","floor":35,"turns":1},{"damage":9,"enemies":"3 Darklings","floor":38,"turns":2},{"damage":0,"enemies":"Sphere and 2 Shapes","floor":39,"turns":2},{"damage":10,"enemies":"2 Orb Walkers","floor":41,"turns":2},{"damage":9,"enemies":"4 Shapes","floor":42,"turns":2},{"damage":0,"enemies":"3 Darklings","floor":47,"turns":1},{"damage":0,"enemies":"Sphere and 2 Shapes","floor":48,"turns":1},{"damage":38,"enemies":"Donu and Deca","floor":50,"turns":4}],"event_choices":[{"event_name":"Scrap Ooze","player_choice":"success","floor":2,"damage_taken":12},{"event_name":"Golden Shrine","player_choice":"Pray","floor":14,"damage_taken":0},{"event_name":"Beggar","player_choice":"Gave Gold","floor":19,"damage_taken":0},{"event_name":"Back to Basics","player_choice":"Elegance","floor":22,"damage_taken":0},{"event_name":"Tomb of Lord Red Mask","player_choice":"Ignored","floor":37,"damage_taken":0},{"event_name":"The Lab","player_choice":"Got Potions","floor":46,"damage_taken":0}],"boss_relics":[{"not_picked":["Runic Dome","Ectoplasm"],"picked":"Velvet Choker"},{"not_picked":["Runic Pyramid","Cursed Key"],"picked":"White Beast Statue"}],"potions_floor_spawned":[4,5,6,10,13,18,28,29,31,35,38,39,41,42,47,48],"seed_played":"1279228417943261003","ascension_level":0,"is_trial":false}