{"gold_per_floor":[114,114,114,130,205,205,238,238,238,262,262,295,277,306,306,413,413,429,528,539,570,587,587],"floor_reached":23,"playtime":1587,"items_purged":[],"score":216,"play_id":"84e925f6-6986-445f-a726-9f87cb4128ff","local_time":"20190124020112","is_ascension_mode":false,"campfire_choices":[{"data":"BiteCommand","floor":6,"key":"SMITH"},{"floor":8,"key":"DIG"},{"floor":11,"key":"DIG"},{"floor":15,"key":"DIG"}],"neow_cost":"NONE","seed_source_timestamp":1157009745695000,"circlet_count":0,"master_deck":["Strike_Br+1","Strike_Br+1","Strike_Br","Strike_Br","Defend_Br","Defend_Br","Defend_Br","Defend_Br","SecondHand","PatternShift","WindUp+1","BiteCommand+1","LockedMawBank","LockedBlood","AlternateTimeline+1","LockedAnchor","CrunchTime+1","RageCommand","TiringSlam","LockedWhetstone","Parity+1","TickedOff+1"],"relics":["Chronometer","NeowsBlessing","Centennial Puzzle","Shovel","Toxic Egg 2","Dream Catcher","Singing Bowl","Odd Mushroom","Whetstone","Runic Pyramid"],"potions_floor_usage":[16,23,23],"damage_taken":[{"damage":0,"enemies":"2 Louse","floor":1,"turns":2},{"damage":0,"enemies":"Jaw Worm","floor":4,"turns":1},{"damage":0,"enemies":"Gremlin Nob","floor":7,"turns":1},{"damage":1,"enemies":"Cultist","floor":10,"turns":3},{"damage":15,"enemies":"The Mushroom Lair","floor":12,"turns":5},{"damage":5,"enemies":"Looter","floor":13,"turns":4},{"damage":0,"enemies":"Large Slime","floor":14,"turns":4},{"damage":13,"enemies":"The Guardian","floor":16,"turns":13},{"damage":1,"enemies":"Chosen","floor":18,"turns":5},{"damage":12,"enemies":"Shell Parasite","floor":20,"turns":8},{"damage":32,"enemies":"Snake Plant","floor":21,"turns":4},{"damage":18,"enemies":"Snecko","floor":22,"turns":4},{"damage":24,"enemies":"Book of Stabbing","floor":23,"turns":5}],"seed_played":"-6238132076240846492","potions_obtained":[{"floor":1,"key":"Energy Potion"},{"floor":4,"key":"Explosive Potion"},{"floor":12,"key":"WardPotion"},{"floor":14,"key":"Ancient Potion"},{"floor":18,"key":"Dexterity Potion"},{"floor":20,"key":"SpeedPotion"}],"is_trial":false,"path_per_floor":["M","?","?","M","?","R","E","R","T","M","R","?","M","M","R","B",null,"M","?","M","M","M","E"],"character_chosen":"CHRONO_CLASS","items_purchased":[],"campfire_rested":0,"item_purchase_floors":[],"current_hp_per_floor":[65,52,52,52,41,41,41,41,41,40,40,31,30,36,36,29,65,65,65,59,33,15,0],"gold":587,"neow_bonus":"THREE_ENEMY_KILL","is_prod":false,"is_daily":false,"chose_seed":false,"campfire_upgraded":1,"win_rate":0.0,"timestamp":1548324072,"path_taken":["M","?","?","?","?","R","E","R","T","M","R","?","M","M","R","BOSS","M","?","M","M","M","E"],"build_version":"2019-01-23","purchased_purges":0,"victory":false,"max_hp_per_floor":[65,65,65,65,65,65,65,65,65,65,65,65,65,65,65,65,65,65,65,65,65,65,65],"card_choices":[{"not_picked":["AlternateTimeline","LockedMedicine"],"picked":"WindUp","floor":1},{"not_picked":["ShortSighted","WakeUpCall"],"picked":"BiteCommand","floor":4},{"not_picked":["Backlash","LockedScales"],"picked":"LockedMawBank","floor":7},{"not_picked":["Tempo+1","LockedMedicine"],"picked":"LockedBlood","floor":10},{"not_picked":["LockedWarPaint","Parity+1"],"picked":"AlternateTimeline+1","floor":12},{"not_picked":["LockedScales","ReapSow"],"picked":"LockedAnchor","floor":13},{"not_picked":["BiteCommand","LockedScales"],"picked":"CrunchTime","floor":14},{"not_picked":["Pendulum+1","OverTime"],"picked":"RageCommand","floor":16},{"not_picked":["Engulf","CrunchTime"],"picked":"TiringSlam","floor":18},{"not_picked":["LockedMawBank+1","TiringSlam"],"picked":"LockedWhetstone","floor":20},{"not_picked":["Cuckoo+1","WakeUpCall"],"picked":"Parity+1","floor":21},{"not_picked":["LockedMedicine","BackFourSeconds+1"],"picked":"TickedOff+1","floor":22}],"player_experience":666616,"relics_obtained":[{"floor":7,"key":"Shovel"},{"floor":8,"key":"Toxic Egg 2"},{"floor":9,"key":"Dream Catcher"},{"floor":11,"key":"Singing Bowl"},{"floor":12,"key":"Odd Mushroom"},{"floor":15,"key":"Whetstone"}],"event_choices":[{"damage_healed":0,"gold_gain":0,"player_choice":"Entered Light","damage_taken":13,"max_hp_gain":0,"max_hp_loss":0,"event_name":"Shining Light","floor":2,"gold_loss":0,"cards_upgraded":["WindUp","Strike_Br"]},{"damage_healed":0,"gold_gain":0,"player_choice":"Gave Potion","damage_taken":0,"relics_obtained":["Centennial Puzzle"],"max_hp_gain":0,"max_hp_loss":0,"event_name":"WeMeetAgain","floor":3,"gold_loss":0},{"damage_healed":0,"gold_gain":75,"player_choice":"Gather Gold","damage_taken":11,"max_hp_gain":0,"max_hp_loss":0,"event_name":"World of Goop","floor":5,"gold_loss":0},{"damage_healed":0,"gold_gain":0,"player_choice":"Fought Mushrooms","damage_taken":0,"max_hp_gain":0,"max_hp_loss":0,"event_name":"Mushrooms","floor":12,"gold_loss":0},{"damage_healed":0,"gold_gain":99,"player_choice":"Stole From Cult","damage_taken":0,"max_hp_gain":0,"max_hp_loss":0,"event_name":"Nest","floor":19,"gold_loss":0}],"is_beta":false,"boss_relics":[{"not_picked":["Velvet Choker","White Beast Statue"],"picked":"Runic Pyramid"}],"items_purged_floors":[],"is_endless":false,"potions_floor_spawned":[1,4,12,14,18,20],"killed_by":"Book of Stabbing","ascension_level":0}