{"gold_per_floor":[109,34,45,45,59,59,87,87,87,112,125,5,5,5,5,76,76,93,293,293,303,303,303,319,319,371,371,388,404,17,42,42,113,113,133,133,144,191,202,202,77,77,125,138,150,150,150,0,0,0],"floor_reached":51,"playtime":2248,"items_purged":["Strike_G","Defend_G","Flying Knee","Defend_G"],"score":1354,"play_id":"b6d29be3-edd9-44bb-88b8-e179e2f24cc5","local_time":"20180912125413","is_ascension_mode":true,"campfire_choices":[{"data":"Dagger Spray","floor":6.0,"key":"SMITH"},{"floor":13,"key":"REST"},{"data":"Neutralize","floor":15,"key":"SMITH"},{"data":"Envenom","floor":23,"key":"SMITH"},{"data":"Tactician","floor":25,"key":"SMITH"},{"data":"Acrobatics","floor":27,"key":"SMITH"},{"data":"Tools of the Trade","floor":32,"key":"SMITH"},{"data":"Malaise","floor":40,"key":"SMITH"},{"data":"Glass Knife","floor":42,"key":"SMITH"},{"data":"Well Laid Plans","floor":46,"key":"SMITH"},{"data":"Backflip","floor":49,"key":"SMITH"}],"neow_cost":"PERCENT_DAMAGE","seed_source_timestamp":574909853502651,"circlet_count":0,"master_deck":["Defend_G","Survivor","Neutralize+1","AscendersBane","Underhanded Strike","Tools of the Trade+1","Dagger Spray+1","Backflip+1","Envenom+1","Riddle With Holes","Tactician+1","Acrobatics+1","Dagger Throw+1","Deflect","Backstab","Terror","Malaise+1","Well Laid Plans+1","Glass Knife+1","PiercingWail","Dodge and Roll+1"],"special_seed":0,"relics":["Ring of the Snake","Shuriken","Thread and Needle","Pen Nib","Empty Cage","Prayer Wheel","MutagenicStrength","Bronze Scales","OrangePellets","Vajra","Sozu","Pocketwatch","Bag of Preparation","Letter Opener"],"potions_floor_usage":[11,24,33,50],"damage_taken":[{"damage":1.0,"enemies":"Jaw Worm","floor":1.0,"turns":4.0},{"damage":6.0,"enemies":"Small Slimes","floor":3.0,"turns":5.0},{"damage":1.0,"enemies":"Cultist","floor":5.0,"turns":4.0},{"damage":33.0,"enemies":"Gremlin Nob","floor":7.0,"turns":5.0},{"damage":0,"enemies":"Exordium Wildlife","floor":11,"turns":3},{"damage":1,"enemies":"Hexaghost","floor":16,"turns":11},{"damage":0,"enemies":"Chosen","floor":18,"turns":6},{"damage":1,"enemies":"3 Byrds","floor":21,"turns":4},{"damage":13,"enemies":"Shelled Parasite and Fungi","floor":24,"turns":6},{"damage":18,"enemies":"Snake Plant","floor":28,"turns":4},{"damage":1,"enemies":"3 Cultists","floor":29,"turns":3},{"damage":0,"enemies":"Book of Stabbing","floor":31,"turns":3},{"damage":0,"enemies":"Collector","floor":33,"turns":6},{"damage":0,"enemies":"3 Shapes","floor":35,"turns":3},{"damage":0,"enemies":"Orb Walker","floor":37,"turns":2},{"damage":5,"enemies":"Mysterious Sphere","floor":38,"turns":2},{"damage":3,"enemies":"Spire Growth","floor":39,"turns":3},{"damage":0,"enemies":"Reptomancer","floor":44,"turns":3},{"damage":0,"enemies":"3 Darklings","floor":45,"turns":3},{"damage":15,"enemies":"Awakened One","floor":50,"turns":8}],"seed_played":"-4719835749550275985","potions_obtained":[{"floor":7.0,"key":"Ancient Potion"},{"floor":11,"key":"EssenceOfSteel"},{"floor":16,"key":"SkillPotion"},{"floor":24,"key":"SpeedPotion"},{"floor":28,"key":"GhostInAJar"}],"is_trial":false,"path_per_floor":["M","?","M","$","M","R","E","?","T","T","M","$","R","?","R","B",null,"M","?","T","M","?","R","M","R","T","R","M","M","$","E","R","B",null,"M","?","M","?","M","R","$","R","T","M","M","R","T","$","R","B"],"character_chosen":"THE_SILENT","items_purchased":["Backflip","OrangePellets","Backstab"],"campfire_rested":1,"item_purchase_floors":[12,30,30],"current_hp_per_floor":[43,43,37,37,36,36,3,3,3,3,3,3,22,22,22,21,55,55,55,55,54,54,54,41,41,41,41,23,22,22,22,22,22,55,55,55,55,50,47,47,47,47,47,47,47,47,47,47,47,32],"gold":0,"neow_bonus":"TRANSFORM_TWO_CARDS","is_prod":false,"is_daily":false,"chose_seed":false,"campfire_upgraded":10,"win_rate":0,"timestamp":1536724453,"path_taken":["M","?","?","$","M","R","E","?","T","?","M","?","R","?","R","BOSS","M","?","?","M","?","R","M","R","T","R","M","M","$","E","R","BOSS","M","?","?","?","M","R","$","R","T","M","M","R","?","$","R","BOSS"],"build_version":"2018-09-06","purchased_purges":4,"victory":true,"max_hp_per_floor":[66,66,66,66,66,66,66,66,66,66,66,66,66,66,66,66,66,66,66,66,66,66,66,66,66,66,66,66,66,66,66,66,66,66,66,66,66,66,66,66,66,66,66,66,66,66,66,66,66,66],"card_choices":[{"not_picked":["Sucker Punch","Concentrate","Prepared"],"picked":"SKIP","floor":1.0},{"not_picked":["Deadly Poison","Dagger Throw"],"picked":"Dagger Spray","floor":3.0},{"not_picked":["Slice","Dagger Throw","Concentrate"],"picked":"SKIP","floor":5.0},{"not_picked":["Deadly Poison","Poisoned Stab"],"picked":"Deflect","floor":7.0},{"not_picked":["Storm of Steel","Outmaneuver","Quick Slash"],"picked":"SKIP","floor":11},{"not_picked":["Night Terror","Storm of Steel"],"picked":"Envenom","floor":16},{"not_picked":["Dodge and Roll","Deadly Poison","Concentrate"],"picked":"SKIP","floor":18},{"not_picked":["Prepared","Terror"],"picked":"Riddle With Holes","floor":21},{"not_picked":["Dagger Spray","Dodge and Roll"],"picked":"Flying Knee","floor":21},{"not_picked":["Endless Agony","Concentrate"],"picked":"Tactician","floor":24},{"not_picked":["Poisoned Stab+1","Bouncing Flask"],"picked":"Acrobatics","floor":24},{"not_picked":["Deadly Poison","Blade Dance"],"picked":"Dagger Throw+1","floor":28},{"not_picked":["Accuracy","Leg Sweep+1","Blur"],"picked":"SKIP","floor":28},{"not_picked":["Unload","Slice"],"picked":"Deflect","floor":29},{"not_picked":["Noxious Fumes","Calculated Gamble","Sucker Punch"],"picked":"SKIP","floor":29},{"not_picked":["Dodge and Roll","Leg Sweep"],"picked":"Terror","floor":31},{"not_picked":["Venomology","Envenom"],"picked":"Malaise","floor":33},{"not_picked":["Crippling Poison+1","Deflect"],"picked":"Well Laid Plans","floor":35},{"not_picked":["Outmaneuver","Dagger Throw+1","Slice"],"picked":"SKIP","floor":35},{"not_picked":["Deflect","Prepared","Slice"],"picked":"SKIP","floor":37},{"not_picked":["Slice","Flying Knee","Sucker Punch"],"picked":"SKIP","floor":37},{"not_picked":["Terror","Blade Dance"],"picked":"Glass Knife","floor":38},{"not_picked":["Dodge and Roll+1","Escape Plan+1"],"picked":"PiercingWail","floor":39},{"not_picked":["Sucker Punch+1","Distraction","Bane"],"picked":"SKIP","floor":39},{"not_picked":["All Out Attack+1","Bane","Eviscerate"],"picked":"SKIP","floor":44},{"not_picked":["Deadly Poison","Masterful Stab","Outmaneuver"],"picked":"SKIP","floor":44},{"not_picked":["Underhanded Strike","Finisher","Slice"],"picked":"SKIP","floor":45},{"not_picked":["Dodge and Roll+1","Doppelganger","Slice+1"],"picked":"SKIP","floor":45},{"not_picked":["Doppelganger","Slice+1"],"picked":"Dodge and Roll+1","floor":45},{"not_picked":["Underhanded Strike","Finisher","Slice"],"picked":"SKIP","floor":45}],"player_experience":652210,"relics_obtained":[{"floor":7.0,"key":"Shuriken"},{"floor":9.0,"key":"Thread and Needle"},{"floor":10.0,"key":"Pen Nib"},{"floor":20,"key":"Prayer Wheel"},{"floor":26,"key":"Bronze Scales"},{"floor":31,"key":"Vajra"},{"floor":38,"key":"Pocketwatch"},{"floor":43,"key":"Bag of Preparation"},{"floor":47,"key":"Letter Opener"}],"event_choices":[{"event_name":"The Cleric","player_choice":"Card Removal","floor":2.0,"damage_taken":0.0},{"event_name":"Scrap Ooze","player_choice":"unsuccessful","floor":8.0,"damage_taken":0.0},{"event_name":"Living Wall","player_choice":"Forget","floor":14,"damage_taken":0},{"event_name":"Wheel of Change","player_choice":"Gold","floor":19,"damage_taken":0},{"event_name":"Drug Dealer","player_choice":"Inject Mutagens","floor":22,"damage_taken":0},{"event_name":"Falling","player_choice":"Removed Skill","floor":36,"damage_taken":0},{"event_name":"Mysterious Sphere","player_choice":"Fight","floor":38,"damage_taken":0}],"is_beta":false,"boss_relics":[{"not_picked":["Calling Bell","Velvet Choker"],"picked":"Empty Cage"},{"not_picked":["Orrery","Runic Dome"],"picked":"Sozu"}],"items_purged_floors":[12,30,41,48],"is_endless":false,"potions_floor_spawned":[7,11,16,24,28,31,35,39,45],"ascension_level":15}