{"gold_per_floor":[119,119,139,139,158,158,158,183,183,208,231,28,28,41,41,172,172,186,25,25,25,25,25,68,83,83,106,125,125,125,125],"floor_reached":31,"playtime":1055,"items_purged":["Strike_G"],"score":395,"play_id":"b9cf6f33-8a77-4728-9c88-db2d739d8afa","local_time":"20190219181506","is_ascension_mode":true,"campfire_choices":[{"data":"Neutralize","floor":6,"key":"SMITH"},{"data":"Corpse Explosion","floor":15,"key":"SMITH"},{"data":"Noxious Fumes","floor":23,"key":"SMITH"},{"data":"Blade Dance","floor":29,"key":"SMITH"}],"neow_cost":"NONE","seed_source_timestamp":39000404825131,"circlet_count":0,"master_deck":["AscendersBane","Defend_G","Defend_G","Defend_G","Defend_G","Strike_G","Survivor","Neutralize+1","Corpse Explosion+1","Dagger Spray","PiercingWail","Flying Knee","Predator","Well Laid Plans","Bane","Finesse","Die Die Die","Bane+1","Footwork","Panacea","Noxious Fumes+1","Doppelganger","Blade Dance+1"],"relics":["Ring of the Snake","Golden Idol","Omamori","Coffee Dripper","Nilry\u0027s Codex","Pantograph","Ancient Tea Set","Shuriken","Gremlin Horn"],"potions_floor_usage":[8,16,24,31],"damage_taken":[{"damage":0,"enemies":"2 Louse","floor":1,"turns":2},{"damage":0,"enemies":"Small Slimes","floor":3,"turns":3},{"damage":3,"enemies":"Cultist","floor":5,"turns":5},{"damage":0,"enemies":"2 Fungi Beasts","floor":8,"turns":1},{"damage":10,"enemies":"Large Slime","floor":10,"turns":6},{"damage":0,"enemies":"Lots of Slimes","floor":11,"turns":2},{"damage":1,"enemies":"Blue Slaver","floor":14,"turns":4},{"damage":3,"enemies":"Hexaghost","floor":16,"turns":9},{"damage":12,"enemies":"Chosen","floor":18,"turns":4},{"damage":10,"enemies":"Book of Stabbing","floor":24,"turns":6},{"damage":4,"enemies":"3 Byrds","floor":25,"turns":3},{"damage":12,"enemies":"Centurion and Healer","floor":27,"turns":6},{"damage":3,"enemies":"Cultist and Chosen","floor":28,"turns":5},{"damage":3,"enemies":"Slavers","floor":31,"turns":1}],"seed_played":"7677601624843205839","potions_obtained":[{"floor":3,"key":"Fire Potion"},{"floor":10,"key":"Dexterity Potion"},{"floor":11,"key":"Energy Potion"},{"floor":18,"key":"Weak Potion"},{"floor":25,"key":"Fire Potion"}],"is_trial":false,"path_per_floor":["M","?","M","?","M","R","?","M","T","M","M","$","?","M","R","B",null,"M","$","?","?","?","R","E","M","T","M","M","R","T","E"],"character_chosen":"THE_SILENT","items_purchased":["Well Laid Plans","Bane","Footwork","Panacea"],"campfire_rested":0,"item_purchase_floors":[12,12,19,19],"current_hp_per_floor":[63,56,56,56,53,53,36,36,36,26,26,26,26,25,25,22,58,46,46,30,30,30,30,20,16,16,4,1,1,1,0],"gold":125,"neow_bonus":"ONE_RANDOM_RARE_CARD","is_prod":false,"is_daily":false,"chose_seed":false,"campfire_upgraded":4,"win_rate":0,"timestamp":1550560506,"path_taken":["M","?","M","?","?","R","?","M","T","M","M","$","?","?","R","BOSS","M","$","?","?","?","R","E","?","T","?","M","R","?","E"],"build_version":"2019-01-23","purchased_purges":1,"victory":false,"max_hp_per_floor":[70,70,70,70,70,70,70,70,70,70,70,70,70,70,70,70,70,70,70,70,70,70,70,70,70,70,70,70,70,70,70],"card_choices":[{"not_picked":["Underhanded Strike","Dodge and Roll"],"picked":"Dagger Spray","floor":1},{"not_picked":["Acrobatics","Terror"],"picked":"PiercingWail","floor":3},{"not_picked":["Blur","Dagger Throw"],"picked":"Flying Knee","floor":5},{"not_picked":["Setup","Bouncing Flask"],"picked":"Predator","floor":8},{"not_picked":["Underhanded Strike","Concentrate","PiercingWail"],"picked":"SKIP","floor":10},{"not_picked":["Tactician","Infinite Blades","Dagger Spray"],"picked":"SKIP","floor":11},{"not_picked":["Underhanded Strike","Deflect","Outmaneuver"],"picked":"SKIP","floor":14},{"not_picked":["Venomology","Night Terror"],"picked":"Die Die Die","floor":16},{"not_picked":["Outmaneuver+1","Poisoned Stab"],"picked":"Bane+1","floor":18},{"not_picked":["Expertise+1","Terror","Reflex"],"picked":"SKIP","floor":24},{"not_picked":["Flying Knee","Grand Finale","Blade Dance"],"picked":"SKIP","floor":25},{"not_picked":["Cloak And Dagger","Outmaneuver"],"picked":"Blade Dance","floor":27},{"not_picked":["Well Laid Plans","Quick Slash","Sucker Punch"],"picked":"SKIP","floor":28}],"player_experience":729577,"relics_obtained":[{"floor":9,"key":"Omamori"},{"floor":20,"key":"Nilry\u0027s Codex"},{"floor":24,"key":"Ancient Tea Set"},{"floor":26,"key":"Shuriken"},{"floor":30,"key":"Gremlin Horn"}],"event_choices":[{"cards_removed":["Strike_G"],"damage_healed":0,"gold_gain":0,"player_choice":"Card Removal","damage_taken":7,"max_hp_gain":0,"max_hp_loss":0,"event_name":"Golden Wing","floor":2,"gold_loss":0},{"cards_removed":["Strike_G"],"damage_healed":0,"gold_gain":0,"player_choice":"Purged","damage_taken":0,"max_hp_gain":0,"max_hp_loss":0,"event_name":"Purifier","floor":4,"gold_loss":0},{"damage_healed":0,"gold_gain":0,"player_choice":"Take Damage","damage_taken":17,"relics_obtained":["Golden Idol"],"max_hp_gain":0,"max_hp_loss":0,"event_name":"Golden Idol","floor":7,"gold_loss":0},{"damage_healed":0,"gold_gain":0,"player_choice":"1 cards matched","damage_taken":0,"max_hp_gain":0,"max_hp_loss":0,"event_name":"Match and Keep!","floor":13,"gold_loss":0,"cards_obtained":["Finesse"]},{"damage_healed":0,"gold_gain":0,"player_choice":"Obtained Book","damage_taken":16,"max_hp_gain":0,"max_hp_loss":0,"event_name":"Cursed Tome","floor":20,"gold_loss":0},{"damage_healed":0,"gold_gain":0,"cards_transformed":["Strike_G","Defend_G"],"player_choice":"Became Test Subject","damage_taken":0,"max_hp_gain":0,"max_hp_loss":0,"event_name":"Drug Dealer","floor":21,"gold_loss":0,"cards_obtained":["Noxious Fumes","Doppelganger"]},{"damage_healed":0,"gold_gain":0,"player_choice":"Opened","damage_taken":0,"relics_obtained":["Pantograph"],"max_hp_gain":0,"max_hp_loss":0,"event_name":"The Mausoleum","floor":22,"gold_loss":0}],"is_beta":false,"boss_relics":[{"not_picked":["Runic Pyramid","Philosopher\u0027s Stone"],"picked":"Coffee Dripper"}],"items_purged_floors":[12],"is_endless":false,"potions_floor_spawned":[3,10,11,14,18,25,28],"killed_by":"Slavers","ascension_level":12}