{"gold_per_floor":[13,13,33,33,44,72,72,102,102,131,146,156,172,199,199,270,270,283,296,221,238,238],"floor_reached":22,"playtime":1158,"items_purged":[],"score":371,"play_id":"813fd794-4aa0-4ad6-9932-140b7b1c93d5","local_time":"20190307204944","is_ascension_mode":true,"campfire_choices":[{"data":"1","floor":7.0,"key":"LIFT"},{"data":"Body Slam","floor":15.0,"key":"SMITH"}],"neow_cost":"NO_GOLD","seed_source_timestamp":0,"circlet_count":0,"master_deck":["AscendersBane","Strike_R","Strike_R","Strike_R","Defend_R","Defend_R","Defend_R","Defend_R","Bash","Barricade","Iron Wave","Inflame","Body Slam+1","Whirlwind","Shrug It Off","Limit Break","Demon Form","Heavy Blade","Twin Strike","Warcry"],"special_seed":0,"relics":["Burning Blood","Du-Vu Doll","Girya","Meat on the Bone","Turnip","Question Card","Bag of Marbles","Black Star"],"potions_floor_usage":[19],"damage_taken":[{"damage":4.0,"enemies":"Small Slimes","floor":1.0,"turns":4.0},{"damage":1.0,"enemies":"Jaw Worm","floor":3.0,"turns":7.0},{"damage":1.0,"enemies":"Cultist","floor":5.0,"turns":3.0},{"damage":30.0,"enemies":"3 Sentries","floor":6.0,"turns":11.0},{"damage":34.0,"enemies":"Lagavulin","floor":8.0,"turns":9.0},{"damage":8.0,"enemies":"Gremlin Nob","floor":10.0,"turns":3.0},{"damage":7.0,"enemies":"Looter","floor":11.0,"turns":3.0},{"damage":9.0,"enemies":"3 Louse","floor":12.0,"turns":5.0},{"damage":11.0,"enemies":"Blue Slaver","floor":13.0,"turns":4.0},{"damage":25.0,"enemies":"3 Sentries","floor":14.0,"turns":5.0},{"damage":33.0,"enemies":"Slime Boss","floor":16.0,"turns":7.0},{"damage":23.0,"enemies":"Chosen","floor":18.0,"turns":6.0},{"damage":25,"enemies":"2 Thieves","floor":19,"turns":4},{"damage":28,"enemies":"3 Cultists","floor":21,"turns":5},{"damage":33,"enemies":"Sentry and Sphere","floor":22,"turns":3}],"seed_played":"1192438624846959256","potions_obtained":[{"floor":1.0,"key":"Energy Potion"},{"floor":5.0,"key":"Ancient Potion"},{"floor":11.0,"key":"Weak Potion"},{"floor":13.0,"key":"SteroidPotion"},{"floor":14.0,"key":"AttackPotion"},{"floor":19,"key":"Energy Potion"}],"is_trial":false,"path_per_floor":["M","?","M","?","M","E","R","E","T","E","M","M","M","E","R","B",null,"M","M","?","M","M"],"character_chosen":"IRONCLAD","items_purchased":[],"campfire_rested":0,"item_purchase_floors":[],"current_hp_per_floor":[70,58,63,63,68,44,44,16,16,26,37,46,53,46,46,31,64,47,40,40,30,0],"gold":238,"neow_bonus":"THREE_RARE_CARDS","is_prod":false,"is_daily":false,"chose_seed":false,"campfire_upgraded":1,"win_rate":0,"timestamp":1551980984,"path_taken":["M","?","M","?","M","E","R","E","T","E","M","?","M","E","R","BOSS","M","M","?","M","M"],"build_version":"2019-01-23","purchased_purges":0,"victory":false,"max_hp_per_floor":[75,75,75,75,75,75,75,75,75,75,75,75,75,75,75,75,75,75,75,75,75,75],"card_choices":[{"not_picked":["Fiend Fire","Offering"],"picked":"Barricade","floor":0.0},{"not_picked":["Dual Wield","Battle Trance"],"picked":"Iron Wave","floor":1.0},{"not_picked":["Bloodletting","Flex"],"picked":"Inflame","floor":3.0},{"not_picked":["Havoc","Uppercut"],"picked":"Body Slam","floor":5.0},{"not_picked":["Fiend Fire","Anger","Perfected Strike"],"picked":"SKIP","floor":6.0},{"not_picked":["Blood for Blood","Infernal Blade","Hemokinesis"],"picked":"SKIP","floor":8.0},{"not_picked":["Double Tap","Thunderclap","Whirlwind"],"picked":"SKIP","floor":10.0},{"not_picked":["True Grit","Reckless Charge","Flex","Clash"],"picked":"SKIP","floor":11.0},{"not_picked":["Flex","Sever Soul","Evolve"],"picked":"Whirlwind","floor":12.0},{"not_picked":["Rage","Cleave","Perfected Strike"],"picked":"Shrug It Off","floor":13.0},{"not_picked":["Cleave","Sword Boomerang","Battle Trance"],"picked":"Limit Break","floor":14.0},{"not_picked":["Berserk","Juggernaut","Bludgeon"],"picked":"Demon Form","floor":16.0},{"not_picked":["Carnage+1","True Grit","Thunderclap"],"picked":"Heavy Blade","floor":18.0},{"not_picked":["Headbutt","Clash","Cleave"],"picked":"Twin Strike","floor":19},{"not_picked":["Sever Soul","Pommel Strike","Headbutt"],"picked":"Warcry","floor":21}],"player_experience":387365,"relics_obtained":[{"floor":6.0,"key":"Girya"},{"floor":8.0,"key":"Meat on the Bone"},{"floor":9.0,"key":"Turnip"},{"floor":10.0,"key":"Question Card"},{"floor":14.0,"key":"Bag of Marbles"}],"event_choices":[{"damage_healed":0.0,"max_hp_gain":0.0,"max_hp_loss":0.0,"gold_gain":0.0,"event_name":"Scrap Ooze","player_choice":"Success","floor":2.0,"gold_loss":0.0,"damage_taken":12.0,"relics_obtained":["Du-Vu Doll"]},{"cards_removed":["Strike_R"],"damage_healed":0.0,"max_hp_gain":0.0,"max_hp_loss":0.0,"gold_gain":0.0,"event_name":"Purifier","player_choice":"Purged","floor":4.0,"gold_loss":0.0,"damage_taken":0.0},{"cards_removed":["Strike_R"],"damage_healed":0,"gold_gain":0,"player_choice":"Gave Gold","damage_taken":0,"max_hp_gain":0,"max_hp_loss":0,"event_name":"Beggar","floor":20,"gold_loss":75}],"is_beta":false,"boss_relics":[{"not_picked":["Velvet Choker","Lizard Tail"],"picked":"Black Star"}],"items_purged_floors":[],"is_endless":false,"potions_floor_spawned":[1,5,6,11,12,13,14,19],"killed_by":"Sentry and Sphere","ascension_level":14}