{"gold_per_floor":[115,115,128,128,128,128,143,164,164,208,208,226,226,242,242,336,336,357,370,41,41],"floor_reached":21,"playtime":627,"items_purged":["Strike_R"],"score":344,"play_id":"b6e9aa12-26d8-4714-9511-006ba55e415a","local_time":"20190225163546","is_ascension_mode":true,"campfire_choices":[{"data":"Searing Blow","floor":6.0,"key":"SMITH"},{"data":"Searing Blow+1","floor":11.0,"key":"SMITH"},{"data":"True Grit","floor":13.0,"key":"SMITH"},{"data":"Searing Blow+2","floor":15,"key":"SMITH"}],"neow_cost":"NONE","seed_source_timestamp":151545703036861,"circlet_count":0,"master_deck":["AscendersBane","Strike_R","Strike_R","Strike_R","Defend_R","Defend_R","Defend_R","Defend_R","Bash","Searing Blow+3","True Grit+1","Reckless Charge","Corruption","Wild Strike","Juggernaut","Inflame","Feel No Pain","Feel No Pain","Barricade","Thunderclap+1","Burning Pact+1","Clothesline","Armaments","Wild Strike"],"special_seed":0,"relics":["Burning Blood","NeowsBlessing","Paper Frog","Golden Idol","Lantern","Prayer Wheel","Mark of Pain","Red Skull"],"potions_floor_usage":[16],"damage_taken":[{"damage":0.0,"enemies":"Cultist","floor":1.0,"turns":1.0},{"damage":0.0,"enemies":"Jaw Worm","floor":3.0,"turns":1.0},{"damage":0.0,"enemies":"2 Louse","floor":7.0,"turns":1.0},{"damage":5.0,"enemies":"Exordium Thugs","floor":8.0,"turns":5.0},{"damage":26.0,"enemies":"Gremlin Nob","floor":10.0,"turns":4.0},{"damage":5.0,"enemies":"Large Slime","floor":12.0,"turns":5.0},{"damage":13.0,"enemies":"2 Fungi Beasts","floor":14.0,"turns":5.0},{"damage":29,"enemies":"Hexaghost","floor":16,"turns":8},{"damage":27,"enemies":"Spheric Guardian","floor":18,"turns":6},{"damage":26,"enemies":"2 Thieves","floor":19,"turns":4},{"damage":16,"enemies":"Sentry and Sphere","floor":21,"turns":3}],"seed_played":"233360917100284167","potions_obtained":[{"floor":8.0,"key":"Weak Potion"},{"floor":10.0,"key":"SteroidPotion"},{"floor":14,"key":"LiquidBronze"},{"floor":16,"key":"PowerPotion"}],"is_trial":false,"path_per_floor":["M","T","M","?","?","R","M","M","T","E","R","M","R","M","R","B",null,"M","M","$","M"],"character_chosen":"IRONCLAD","items_purchased":["Armaments","Red Skull","Wild Strike"],"campfire_rested":0,"item_purchase_floors":[20,20,20],"current_hp_per_floor":[74,74,75,68,68,68,68,68,68,48,48,49,49,42,42,19,56,35,15,15,0],"gold":41,"neow_bonus":"THREE_ENEMY_KILL","is_prod":false,"is_daily":false,"chose_seed":false,"campfire_upgraded":4,"win_rate":0,"timestamp":1551130546,"path_taken":["M","?","?","?","?","R","?","M","T","E","R","M","R","M","R","BOSS","M","M","$","M"],"build_version":"2019-01-23","purchased_purges":1,"victory":false,"max_hp_per_floor":[75,75,75,68,68,68,68,68,68,68,68,68,68,68,68,68,68,68,68,68,68],"card_choices":[{"not_picked":["Sword Boomerang","Headbutt"],"picked":"Searing Blow","floor":1.0},{"not_picked":["Searing Blow","Heavy Blade"],"picked":"True Grit","floor":3.0},{"not_picked":["Havoc","Warcry"],"picked":"Corruption","floor":7.0},{"not_picked":["Corruption","Warcry"],"picked":"Wild Strike","floor":8.0},{"not_picked":["Havoc","Clash"],"picked":"Juggernaut","floor":10.0},{"not_picked":["Anger","Battle Trance"],"picked":"Inflame","floor":12.0},{"not_picked":["Sever Soul","True Grit","Flex"],"picked":"SKIP","floor":12.0},{"not_picked":["Sentinel","Warcry"],"picked":"Feel No Pain","floor":14},{"not_picked":["Sever Soul","Twin Strike"],"picked":"Feel No Pain","floor":14},{"not_picked":["Double Tap","Bludgeon"],"picked":"Barricade","floor":16},{"not_picked":["Intimidate","Body Slam"],"picked":"Thunderclap+1","floor":18},{"not_picked":["Warcry","Cleave"],"picked":"Burning Pact+1","floor":18},{"not_picked":["Seeing Red","Bloodletting"],"picked":"Clothesline","floor":19},{"not_picked":["Carnage","Sword Boomerang","Headbutt"],"picked":"SKIP","floor":19}],"player_experience":558902,"relics_obtained":[{"floor":2.0,"key":"Paper Frog"},{"floor":9.0,"key":"Lantern"},{"floor":10.0,"key":"Prayer Wheel"}],"event_choices":[{"damage_healed":0.0,"max_hp_gain":0.0,"max_hp_loss":7.0,"gold_gain":0.0,"event_name":"Golden Idol","player_choice":"Lose Max HP","floor":4.0,"gold_loss":0.0,"damage_taken":0.0,"relics_obtained":["Golden Idol"]},{"damage_healed":0.0,"max_hp_gain":0.0,"max_hp_loss":0.0,"gold_gain":0.0,"cards_transformed":["Strike_R"],"event_name":"Transmorgrifier","player_choice":"Transformed","floor":5.0,"gold_loss":0.0,"damage_taken":0.0,"cards_obtained":["Reckless Charge"]}],"is_beta":false,"boss_relics":[{"not_picked":["Black Star","Sozu"],"picked":"Mark of Pain"}],"items_purged_floors":[20],"is_endless":false,"potions_floor_spawned":[8,10,14,16,18],"killed_by":"Sentry and Sphere","ascension_level":18}