{"path_per_floor":["M","?","$","M","M","R","M","R","T","M","T","$","?","?","R","B",null,"M","$","?","$","M","R","T","M","T","R","M","R","M","?","R","B",null,"M","?","M","M","$","R","M","R","T","M","M","M","R","M","R"],"character_chosen":"DEFECT","items_purchased":["Defragment","Genetic Algorithm","Storm","Defragment","Loop","Chill","Gash"],"gold_per_floor":[117,117,13,29,47,47,61,61,87,98,98,27,27,27,27,124,124,143,68,68,33,47,47,47,64,109,109,122,122,138,138,138,241,241,256,256,273,273,116,116,134,134,202,215,227,247,247,263,263,263],"floor_reached":50,"campfire_rested":8,"playtime":1931,"item_purchase_floors":[],"current_hp_per_floor":[70,70,70,70,60,60,54,54,54,46,46,46,46,28,50,46,79,52,52,52,52,47,73,73,59,59,85,74,74,51,51,79,28,89,79,79,53,44,44,73,43,72,72,72,26,22,54,55,87,0],"items_purged":["Strike_B"],"gold":263,"score":511,"play_id":"87061d90-274e-48be-8d71-65fadc509b1c","local_time":"20180608225350","is_prod":false,"is_daily":false,"chose_seed":false,"is_ascension_mode":false,"campfire_upgraded":3,"win_rate":0,"timestamp":1528462430,"campfire_choices":[{"data":"Genetic Algorithm","floor":6.0,"key":"SMITH"},{"data":"Loop","floor":8.0,"key":"SMITH"},{"floor":15,"key":"REST"},{"floor":23,"key":"REST"},{"floor":27,"key":"REST"},{"data":"Storm","floor":29,"key":"SMITH"},{"floor":32,"key":"REST"},{"floor":40,"key":"REST"},{"floor":42,"key":"REST"},{"floor":47,"key":"REST"},{"floor":49,"key":"REST"}],"path_taken":["M","?","$","M","M","R","?","R","T","M","?","$","?","?","R","BOSS","M","?","?","?","M","R","?","M","T","R","M","R","?","?","R","BOSS","M","?","M","?","?","R","?","R","T","M","M","M","R","?","R","BOSS"],"build_version":"2018-06-07v2","seed_source_timestamp":0,"purchased_purges":1,"victory":false,"master_deck":["Strike_B","Strike_B","Strike_B","Defend_B","Defend_B","Defend_B","Defend_B","Zap+1","Dualcast","Gash","Cold Snap","Defragment","Genetic Algorithm+1","Gash","Loop+1","Storm+1","Machine Learning","Ball Lightning","Doom and Gloom","Self Repair","Doom and Gloom","Auto Shields","Defragment+1","Amplify","Ball Lightning+1","Seek","Loop","Chill","Gash","Steam Power+1","White Noise+1"],"max_hp_per_floor":[75,75,75,75,75,75,75,75,75,75,75,75,75,75,75,77,79,79,79,79,79,81,83,83,83,83,85,87,87,87,87,89,89,89,91,91,93,93,93,95,97,97,97,99,101,103,105,107,107,107],"relics":["Cracked Core","DataDisk","Dream Catcher","Singing Bowl","Orrery","Bottled Flame","Potion Belt","Black Star","Frozen Egg 2"],"card_choices":[{"not_picked":["Streamline","Cold Snap"],"picked":"Gash","floor":0.0},{"not_picked":["Compile Driver","Streamline"],"picked":"Cold Snap","floor":1.0},{"not_picked":["Cold Snap","Leap"],"picked":"Gash","floor":4.0},{"not_picked":["Lockon","Steam","Compile Driver"],"picked":"SKIP","floor":5.0},{"not_picked":["Turbo","Reprogram"],"picked":"Loop","floor":7.0},{"not_picked":["Sweeping Beam","Conserve Battery","Consume"],"picked":"SKIP","floor":10},{"not_picked":["Ball Lightning","Conserve Battery"],"picked":"Machine Learning","floor":15},{"not_picked":["Machine Learning","Meteor Strike","Reboot"],"picked":"Singing Bowl","floor":16},{"not_picked":["Glacier","Beam Cell"],"picked":"Ball Lightning","floor":17},{"not_picked":["Stack","Go for the Eyes"],"picked":"Doom and Gloom","floor":17},{"not_picked":["Streamline","Coolheaded","Steam"],"picked":"Singing Bowl","floor":17},{"not_picked":["Redo","Beam Cell"],"picked":"Self Repair","floor":17},{"not_picked":["Fusion","Go for the Eyes"],"picked":"Doom and Gloom","floor":17},{"not_picked":["Conserve Battery","Chaos"],"picked":"Auto Shields","floor":18},{"not_picked":["Beam Cell+1","Skim","Reprogram"],"picked":"Singing Bowl","floor":22},{"not_picked":["Sweeping Beam","Skim","Barrage"],"picked":"Singing Bowl","floor":23},{"not_picked":["Doom and Gloom","Sweeping Beam"],"picked":"Amplify","floor":25},{"not_picked":["Leap","Double Energy","Go for the Eyes"],"picked":"Singing Bowl","floor":27},{"not_picked":["Leap","Steam+1","Stack+1"],"picked":"Singing Bowl","floor":28},{"not_picked":["Stack+1","Turbo"],"picked":"Ball Lightning+1","floor":30},{"not_picked":["Sweeping Beam","Redo","Turbo"],"picked":"Singing Bowl","floor":32},{"not_picked":["Rainbow","Core Surge"],"picked":"Seek","floor":33},{"not_picked":["Barrage+1","Turbo","Cold Snap+1"],"picked":"Singing Bowl","floor":35},{"not_picked":["Conserve Battery+1","Go for the Eyes","Coolheaded"],"picked":"Singing Bowl","floor":37},{"not_picked":["Conserve Battery+1","Turbo","Sunder"],"picked":"Singing Bowl","floor":40},{"not_picked":["Cold Snap+1","Multi-Cast","Reinforced Body+1"],"picked":"Singing Bowl","floor":41},{"not_picked":["Sweeping Beam+1","Conserve Battery"],"picked":"Steam Power+1","floor":42},{"not_picked":["Melter+1","Lockon+1","Reinforced Body"],"picked":"Singing Bowl","floor":44},{"not_picked":["Hologram+1","Ball Lightning+1","Compile Driver+1"],"picked":"Singing Bowl","floor":45},{"not_picked":["Sweeping Beam","Streamline","Redo"],"picked":"Singing Bowl","floor":46},{"not_picked":["Leap+1","Barrage+1","Stack"],"picked":"Singing Bowl","floor":47},{"not_picked":["Steam+1","Glacier+1","Turbo+1"],"picked":"Singing Bowl","floor":48},{"not_picked":["Go for the Eyes","Melter"],"picked":"White Noise+1","floor":49}],"player_experience":390032,"potions_floor_usage":[16,22,28,38,41,46,50,50],"damage_taken":[{"damage":5.0,"enemies":"Small Slimes","floor":1.0,"turns":3.0},{"damage":0.0,"enemies":"Cultist","floor":4.0,"turns":3.0},{"damage":10.0,"enemies":"2 Louse","floor":5.0,"turns":2.0},{"damage":6.0,"enemies":"Lots of Slimes","floor":7.0,"turns":4.0},{"damage":8.0,"enemies":"Exordium Thugs","floor":10.0,"turns":4.0},{"damage":6,"enemies":"Slime Boss","floor":16,"turns":6},{"damage":34,"enemies":"2 Thieves","floor":18,"turns":4},{"damage":14,"enemies":"Chosen","floor":22,"turns":5},{"damage":14,"enemies":"Centurion and Healer","floor":25,"turns":5},{"damage":20,"enemies":"Snecko","floor":28,"turns":6},{"damage":30,"enemies":"3 Cultists","floor":30,"turns":5},{"damage":58,"enemies":"Collector","floor":33,"turns":8},{"damage":19,"enemies":"Flame Bruiser 1 Orb","floor":35,"turns":5},{"damage":35,"enemies":"3 Shapes","floor":37,"turns":5},{"damage":0,"enemies":"3 Darklings","floor":38,"turns":1},{"damage":32,"enemies":"Spire Growth","floor":41,"turns":5},{"damage":9,"enemies":"Transient","floor":44,"turns":5},{"damage":48,"enemies":"Sphere and 2 Shapes","floor":45,"turns":4},{"damage":6,"enemies":"Spire Growth","floor":46,"turns":4},{"damage":8,"enemies":"Transient","floor":48,"turns":5},{"damage":100,"enemies":"Donu and Deca","floor":50,"turns":7}],"relics_obtained":[{"floor":9.0,"key":"DataDisk"},{"floor":11,"key":"Dream Catcher"},{"floor":24,"key":"Bottled Flame"},{"floor":26,"key":"Potion Belt"},{"floor":43,"key":"Frozen Egg 2"}],"event_choices":[{"event_name":"Upgrade Shrine","player_choice":"Upgraded","floor":2.0,"damage_taken":0.0},{"event_name":"The Cleric","player_choice":"Leave","floor":13,"damage_taken":0},{"event_name":"Scrap Ooze","player_choice":"success","floor":14,"damage_taken":18},{"event_name":"Ghosts","player_choice":"Ignored","floor":20,"damage_taken":0},{"event_name":"Accursed Blacksmith","player_choice":"Forge","floor":31,"damage_taken":0},{"event_name":"The Lab","player_choice":"Got Potions","floor":36,"damage_taken":0}],"boss_relics":[{"not_picked":["Cursed Key","Ectoplasm"],"picked":"Orrery"},{"not_picked":["Eternal Feather","Runic Dome"],"picked":"Black Star"}],"items_purged_floors":[19],"potions_floor_spawned":[4,5,10,18,25,37,45,48],"seed_played":"-5430939434550837047","killed_by":"Donu and Deca","ascension_level":0,"potions_obtained":[{"floor":4.0,"key":"SteroidPotion"},{"floor":5.0,"key":"Strength Potion"},{"floor":10,"key":"SteroidPotion"},{"floor":18,"key":"Strength Potion"},{"floor":25,"key":"SkillPotion"},{"floor":36,"key":"SmokeBomb"},{"floor":36,"key":"FairyPotion"},{"floor":36,"key":"SneckoOil"},{"floor":37,"key":"SkillPotion"},{"floor":45,"key":"Poison Potion"},{"floor":48,"key":"Block Potion"}],"is_trial":false}