{"gold_per_floor":[218,218,238,1,1,30,30,40,40,60,60,60,90,90,90,167,167,139,139,150,2,15,46,46,46],"floor_reached":25,"playtime":1953,"items_purged":["Strike_B"],"score":472,"play_id":"3d573772-57cc-491c-8589-52cb0c113b44","local_time":"20190204160548","is_ascension_mode":true,"campfire_choices":[{"data":"Defragment","floor":7,"key":"SMITH"},{"data":"Zap","floor":11,"key":"SMITH"},{"data":"Creative AI","floor":15,"key":"SMITH"},{"floor":24,"key":"REST"}],"neow_cost":"NONE","seed_source_timestamp":163261752960800,"circlet_count":0,"master_deck":["AscendersBane","Strike_B","Strike_B","Defend_B","Defend_B+1","Defend_B","Defend_B","Zap+1","Dualcast","Defragment+1","Stack","Coolheaded","Go for the Eyes+1","Cold Snap","Sweeping Beam","Conserve Battery","Steam","Creative AI+1","Rainbow","Consume","Defragment","Heatsinks","Coolheaded","BootSequence","Capacitor","Panacea","Coolheaded","Coolheaded+1","Reinforced Body"],"relics":["Cracked Core","Membership Card","Prayer Wheel","Sundial","Bottled Tornado","Pear","Black Star","Oddly Smooth Stone","Happy Flower","Mercury Hourglass"],"potions_floor_usage":[6,8,13,23],"damage_taken":[{"damage":6,"enemies":"2 Louse","floor":1,"turns":2},{"damage":1,"enemies":"Cultist","floor":3,"turns":4},{"damage":11,"enemies":"3 Sentries","floor":6,"turns":14},{"damage":2,"enemies":"Small Slimes","floor":8,"turns":5},{"damage":3,"enemies":"Blue Slaver","floor":10,"turns":3},{"damage":6,"enemies":"Lagavulin","floor":13,"turns":8},{"damage":1,"enemies":"Hexaghost","floor":16,"turns":12},{"damage":18,"enemies":"2 Thieves","floor":18,"turns":4},{"damage":10,"enemies":"Spheric Guardian","floor":20,"turns":6},{"damage":6,"enemies":"Snecko","floor":22,"turns":9},{"damage":36,"enemies":"Book of Stabbing","floor":23,"turns":8},{"damage":55,"enemies":"Gremlin Leader","floor":25,"turns":4}],"seed_played":"-6348221547823001363","potions_obtained":[{"floor":1,"key":"Block Potion"},{"floor":8,"key":"Fruit Juice"},{"floor":10,"key":"AttackPotion"},{"floor":22,"key":"Regen Potion"}],"is_trial":false,"path_per_floor":["M","?","M","$","$","E","R","M","T","M","R","?","E","T","R","B",null,"M","T","M","$","M","E","R","E"],"character_chosen":"DEFECT","items_purchased":["Membership Card","Coolheaded","BootSequence","Capacitor","Panacea"],"campfire_rested":1,"item_purchase_floors":[4,4,21,21,21],"current_hp_per_floor":[58,58,57,57,57,46,46,49,49,46,46,23,17,27,27,26,71,53,53,43,43,37,16,41,0],"gold":46,"neow_bonus":"HUNDRED_GOLD","is_prod":false,"is_daily":false,"chose_seed":false,"campfire_upgraded":3,"win_rate":0,"timestamp":1549325148,"path_taken":["M","?","?","?","$","E","R","?","T","M","R","?","E","?","R","BOSS","M","?","M","$","M","E","R","E"],"build_version":"2019-01-23","purchased_purges":1,"victory":false,"max_hp_per_floor":[71,71,71,71,71,71,71,76,76,76,76,76,76,86,86,86,86,86,86,86,86,86,86,86,86],"card_choices":[{"not_picked":["Double Energy","Beam Cell"],"picked":"Defragment","floor":1},{"not_picked":["Sweeping Beam","Turbo"],"picked":"Stack","floor":3},{"not_picked":["Stack","Sweeping Beam"],"picked":"Go for the Eyes","floor":6},{"not_picked":["Skim","Reprogram"],"picked":"Cold Snap","floor":8},{"not_picked":["Steam","Rebound"],"picked":"Sweeping Beam","floor":8},{"not_picked":["Fusion","Redo"],"picked":"Conserve Battery","floor":10},{"not_picked":["Beam Cell","Streamline"],"picked":"Steam","floor":10},{"not_picked":["Stack","Chill"],"picked":"Creative AI","floor":13},{"not_picked":["Hyperbeam","All For One"],"picked":"Rainbow","floor":16},{"not_picked":["Barrage","Streamline+1"],"picked":"Consume","floor":18},{"not_picked":["Loop+1","Leap"],"picked":"Defragment","floor":18},{"not_picked":["Redo+1","Seek"],"picked":"Heatsinks","floor":20},{"not_picked":["Beam Cell","Rebound"],"picked":"Coolheaded","floor":20},{"not_picked":["Melter+1","Double Energy"],"picked":"Coolheaded","floor":22},{"not_picked":["Leap","Turbo"],"picked":"Coolheaded+1","floor":22},{"not_picked":["Gash","Recycle"],"picked":"Reinforced Body","floor":23}],"player_experience":622570,"relics_obtained":[{"floor":6,"key":"Prayer Wheel"},{"floor":9,"key":"Sundial"},{"floor":13,"key":"Bottled Tornado"},{"floor":14,"key":"Pear"},{"floor":19,"key":"Oddly Smooth Stone"},{"floor":23,"key":"Happy Flower"},{"floor":23,"key":"Mercury Hourglass"}],"event_choices":[{"cards_removed":["Strike_B"],"damage_healed":0,"gold_gain":0,"player_choice":"Offered Basic","damage_taken":0,"max_hp_gain":0,"max_hp_loss":0,"event_name":"Bonfire Elementals","floor":2,"gold_loss":0},{"damage_healed":0,"gold_gain":0,"player_choice":"Entered Light","damage_taken":23,"max_hp_gain":0,"max_hp_loss":0,"event_name":"Shining Light","floor":12,"gold_loss":0,"cards_upgraded":["Defend_B","Go for the Eyes"]}],"is_beta":false,"boss_relics":[{"not_picked":["Lizard Tail","Astrolabe"],"picked":"Black Star"}],"items_purged_floors":[21],"is_endless":false,"potions_floor_spawned":[1,8,10,22],"killed_by":"Gremlin Leader","ascension_level":19}