{"path_per_floor":["M","?","$","M","?","R","E","R","T","E","R","E","$","E","R","B",null,"M","$","?","?","?","R","E","M","T","?","$","M","R","M","R","B",null,"M","?","M","?","T","R","E","R","T","R","E","$","?","?","R","B"],"character_chosen":"DEFECT","items_purchased":["FTL","Block Potion","Oddly Smooth Stone","Coolheaded","Omamori","Auto Shields","Panache","PowerPotion"],"gold_per_floor":[213,213,94,111,111,111,139,139,139,171,171,205,6,40,40,143,143,157,14,0,0,0,0,27,47,73,73,4,18,18,31,31,129,129,147,147,165,265,265,265,290,290,343,343,370,44,44,44,44,44],"floor_reached":51,"campfire_rested":2,"playtime":3271,"item_purchase_floors":[3,3,13,13,19,28,46,46],"current_hp_per_floor":[60,60,60,60,60,60,47,47,47,45,45,31,31,28,28,6,63,49,49,49,49,49,49,31,17,17,17,17,17,56,56,56,14,65,65,65,65,65,65,65,45,45,45,82,26,26,26,92,92,46],"items_purged":["Pain"],"gold":44,"score":983,"play_id":"9e7e5e66-2282-40a3-a7cf-abd6bd67457c","local_time":"20180528225908","is_prod":false,"is_daily":false,"chose_seed":false,"is_ascension_mode":true,"campfire_upgraded":9,"win_rate":0,"timestamp":1527541148,"campfire_choices":[{"data":"Zap","floor":6,"key":"SMITH"},{"data":"Coolheaded","floor":8,"key":"SMITH"},{"data":"Capacitor","floor":11,"key":"SMITH"},{"data":"Coolheaded","floor":15,"key":"SMITH"},{"data":"Rainbow","floor":23,"key":"SMITH"},{"floor":30,"key":"REST"},{"data":"Capacitor","floor":32,"key":"SMITH"},{"data":"Stack","floor":40,"key":"SMITH"},{"data":"Double Energy","floor":42,"key":"SMITH"},{"floor":44,"key":"REST"},{"data":"Panache","floor":49,"key":"SMITH"}],"path_taken":["M","?","$","M","?","R","E","R","T","E","R","E","$","E","R","BOSS","M","$","?","?","?","R","E","M","T","?","?","M","R","M","R","BOSS","M","?","M","?","?","R","E","R","T","R","E","$","?","?","R","BOSS"],"build_version":"2018-05-27","seed_source_timestamp":100437993529254,"purchased_purges":1,"victory":true,"master_deck":["Strike_B+1","Strike_B+1","Defend_B","Defend_B","Defend_B+1","Zap+1","Dualcast+1","Coolheaded+1","Stack+1","FTL","Leap","Compile Driver","Capacitor+1","Rainbow+1","Coolheaded+1","Genetic Algorithm","All For One","Rebound+1","Chill","Auto Shields","Capacitor+1","Leap+1","Rip and Tear+1","Lockon+1","Double Energy+1","Go for the Eyes","Go for the Eyes+1","Double Energy+1","Stack+1","Consume+1","Panache+1"],"max_hp_per_floor":[75,75,75,75,75,75,75,75,75,75,75,82,82,82,82,82,82,82,82,82,82,82,82,82,82,82,82,82,82,82,82,82,82,82,82,82,82,82,82,82,82,82,82,82,82,82,82,92,92,92],"relics":["Cracked Core","War Paint","Matryoshka","Pen Nib","Strawberry","Oddly Smooth Stone","Gambling Chip","Cursed Key","Omamori","Whetstone","Bag of Preparation","Anchor","Regal Pillow","Astrolabe","Dream Catcher","Juzu Bracelet","Tiny Chest","Boot"],"card_choices":[{"not_picked":["Barrage","Scrape"],"picked":"Coolheaded","floor":1},{"not_picked":["Barrage","Turbo"],"picked":"Leap","floor":4},{"not_picked":["Storm","Beam Cell"],"picked":"Compile Driver","floor":7},{"not_picked":["Turbo","Ball Lightning"],"picked":"Capacitor","floor":10},{"not_picked":["Sunder","Streamline"],"picked":"Rainbow","floor":12},{"not_picked":["Redo","Stack"],"picked":"Genetic Algorithm","floor":14},{"not_picked":["Amplify","Electrodynamics"],"picked":"All For One","floor":16},{"not_picked":["Turbo","Streamline"],"picked":"Rebound+1","floor":18},{"not_picked":["Undo","Darkness"],"picked":"Chill","floor":24},{"not_picked":["Scrape+1","Double Energy+1","Aggregate"],"picked":"SKIP","floor":25},{"not_picked":["Beam Cell","Chill"],"picked":"Capacitor","floor":29},{"not_picked":["Steam","Gash"],"picked":"Leap+1","floor":31},{"not_picked":["Echo Form","Amplify"],"picked":"Core Surge","floor":33},{"not_picked":["Compile Driver","Steam+1"],"picked":"Go for the Eyes","floor":35},{"not_picked":["Glacier","Ball Lightning+1"],"picked":"Go for the Eyes+1","floor":37},{"not_picked":["Turbo","Rip and Tear"],"picked":"Double Energy","floor":41},{"not_picked":["Turbo","Sweeping Beam"],"picked":"Stack+1","floor":44},{"not_picked":["Sweeping Beam","Reprogram+1"],"picked":"Consume+1","floor":45}],"player_experience":576756,"potions_floor_usage":[7,12,14,41,50,50],"damage_taken":[{"damage":8,"enemies":"2 Louse","floor":1,"turns":2},{"damage":0,"enemies":"Cultist","floor":4,"turns":3},{"damage":13,"enemies":"Gremlin Nob","floor":7,"turns":5},{"damage":2,"enemies":"Lagavulin","floor":10,"turns":8},{"damage":21,"enemies":"Gremlin Nob","floor":12,"turns":5},{"damage":3,"enemies":"3 Sentries","floor":14,"turns":8},{"damage":22,"enemies":"Hexaghost","floor":16,"turns":12},{"damage":14,"enemies":"2 Thieves","floor":18,"turns":4},{"damage":18,"enemies":"Book of Stabbing","floor":24,"turns":7},{"damage":14,"enemies":"Shell Parasite","floor":25,"turns":4},{"damage":0,"enemies":"Cultist and Chosen","floor":29,"turns":7},{"damage":0,"enemies":"Centurion and Healer","floor":31,"turns":7},{"damage":42,"enemies":"Collector","floor":33,"turns":10},{"damage":0,"enemies":"3 Shapes","floor":35,"turns":6},{"damage":0,"enemies":"Flame Bruiser 1 Orb","floor":37,"turns":6},{"damage":20,"enemies":"2 Orb Walkers","floor":41,"turns":5},{"damage":56,"enemies":"Nemesis","floor":45,"turns":9},{"damage":46,"enemies":"Donu and Deca","floor":50,"turns":12}],"relics_obtained":[{"floor":7,"key":"War Paint"},{"floor":9,"key":"Matryoshka"},{"floor":10,"key":"Pen Nib"},{"floor":12,"key":"Strawberry"},{"floor":14,"key":"Gambling Chip"},{"floor":24,"key":"Whetstone"},{"floor":26,"key":"Bag of Preparation"},{"floor":26,"key":"Anchor"},{"floor":41,"key":"Dream Catcher"},{"floor":43,"key":"Juzu Bracelet"},{"floor":43,"key":"Tiny Chest"},{"floor":45,"key":"Boot"}],"event_choices":[{"event_name":"Match and Keep!","player_choice":"1 cards matched","floor":2,"damage_taken":0},{"event_name":"Liars Game","player_choice":"disagreed","floor":5,"damage_taken":0},{"event_name":"Masked Bandits","player_choice":"Paid Bandits 14 gold","floor":20,"damage_taken":0},{"event_name":"Addict","player_choice":"Ignored","floor":21,"damage_taken":0},{"event_name":"Cursed Tome","player_choice":"Ignored","floor":22,"damage_taken":0},{"event_name":"Accursed Blacksmith","player_choice":"Rummage","floor":27,"damage_taken":0},{"event_name":"Tomb of Lord Red Mask","player_choice":"Ignored","floor":36,"damage_taken":0},{"event_name":"Golden Shrine","player_choice":"Pray","floor":38,"damage_taken":0},{"event_name":"SecretPortal","player_choice":"Rejected Portal.","floor":47,"damage_taken":0},{"event_name":"Bonfire Elementals","player_choice":"RARE","floor":48,"damage_taken":0}],"boss_relics":[{"not_picked":["Runic Pyramid","Black Star"],"picked":"Cursed Key"},{"not_picked":["Lizard Tail","Pandora\u0027s Box"],"picked":"Astrolabe"}],"items_purged_floors":[46],"potions_floor_spawned":[4,10,16,29,37,45],"seed_played":"6226046605172933855","ascension_level":7,"potions_obtained":[{"floor":4,"key":"SpeedPotion"},{"floor":10,"key":"SteroidPotion"},{"floor":16,"key":"Ancient Potion"},{"floor":29,"key":"LiquidBronze"},{"floor":37,"key":"PowerPotion"},{"floor":45,"key":"SneckoOil"}],"is_trial":false}