{"gold_per_floor":[15,30,46,60,60,93,93,127,196,209,309,341,354,354,354,444,444,429,429,163,163,23,56,56,56],"floor_reached":25,"playtime":1030,"items_purged":[],"score":603,"play_id":"8f0caeba-d9f4-4695-b970-882fbe9e3b23","local_time":"20190220224654","is_ascension_mode":true,"campfire_choices":[{"floor":7,"key":"REST"},{"floor":15,"key":"REST"},{"data":"Redo","floor":24,"key":"SMITH"}],"neow_cost":"NO_GOLD","seed_source_timestamp":1255353345484800,"circlet_count":0,"master_deck":["AscendersBane","Strike_B","Strike_B","Strike_B","Strike_B","Defend_B","Defend_B","Defend_B","Defend_B","Zap","Dualcast","Doom and Gloom+1","Glacier","Conserve Battery","Core Surge","Skim","Creative AI","Doom and Gloom","Creative AI","Turbo","Ball Lightning+1","Conserve Battery","Turbo","Redo+1"],"relics":["FrozenCore","Gremlin Horn","Mango","Symbiotic Virus","Art of War","Golden Idol","MutagenicStrength","Molten Egg 2","Pantograph"],"potions_floor_usage":[6,12,16,23,25],"damage_taken":[{"damage":7,"enemies":"Jaw Worm","floor":1,"turns":3},{"damage":1,"enemies":"Small Slimes","floor":2,"turns":4},{"damage":2,"enemies":"Cultist","floor":3,"turns":4},{"damage":10,"enemies":"Large Slime","floor":4,"turns":5},{"damage":40,"enemies":"Gremlin Nob","floor":6,"turns":6},{"damage":23,"enemies":"3 Sentries","floor":8,"turns":8},{"damage":3,"enemies":"Blue Slaver","floor":10,"turns":3},{"damage":19,"enemies":"Lagavulin","floor":12,"turns":7},{"damage":0,"enemies":"3 Louse","floor":13,"turns":2},{"damage":0,"enemies":"The Guardian","floor":16,"turns":12},{"damage":17,"enemies":"2 Thieves","floor":18,"turns":4},{"damage":28,"enemies":"Gremlin Leader","floor":23,"turns":6},{"damage":36,"enemies":"Book of Stabbing","floor":25,"turns":5}],"seed_played":"-2769430183395912101","potions_obtained":[{"floor":1,"key":"Swift Potion"},{"floor":6,"key":"AttackPotion"},{"floor":10,"key":"Dexterity Potion"},{"floor":13,"key":"SpeedPotion"},{"floor":16,"key":"Fire Potion"}],"is_trial":false,"path_per_floor":["M","M","M","M","?","E","R","E","T","M","?","E","M","?","R","B",null,"M","?","$","?","$","E","R","E"],"character_chosen":"DEFECT","items_purchased":["Molten Egg 2","Ball Lightning+1","Conserve Battery","Turbo"],"campfire_rested":2,"item_purchase_floors":[20,22,22,22],"current_hp_per_floor":[71,70,68,58,58,18,43,34,34,31,31,12,12,12,39,39,77,60,60,60,60,60,32,32,0],"gold":56,"neow_bonus":"TWENTY_PERCENT_HP_BONUS","is_prod":false,"is_daily":false,"chose_seed":false,"campfire_upgraded":1,"win_rate":0,"timestamp":1550731614,"path_taken":["M","M","M","M","?","E","R","E","T","M","?","E","?","?","R","BOSS","M","?","$","?","$","E","R","E"],"build_version":"2019-01-23","purchased_purges":0,"victory":false,"max_hp_per_floor":[85,85,85,85,85,85,85,99,99,99,99,99,99,90,90,90,90,90,90,90,90,90,90,90,90],"card_choices":[{"not_picked":["Hello World","Heatsinks","Blizzard"],"picked":"SKIP","floor":1},{"not_picked":["Fusion","Capacitor"],"picked":"Doom and Gloom","floor":2},{"not_picked":["Reinforced Body","Double Energy"],"picked":"Glacier","floor":3},{"not_picked":["Leap","FTL"],"picked":"Conserve Battery","floor":4},{"not_picked":["Barrage","Hello World"],"picked":"Core Surge","floor":6},{"not_picked":["Beam Cell","Turbo"],"picked":"Skim","floor":8},{"not_picked":["Go for the Eyes","Skim","Hologram"],"picked":"SKIP","floor":10},{"not_picked":["Redo","Conserve Battery"],"picked":"Creative AI","floor":12},{"not_picked":["Stack","Sunder"],"picked":"Doom and Gloom","floor":13},{"not_picked":["Amplify","Meteor Strike"],"picked":"Creative AI","floor":16},{"not_picked":["Barrage","Melter"],"picked":"Turbo","floor":18},{"not_picked":["Skim","Gash+1"],"picked":"Redo","floor":23}],"player_experience":749180,"relics_obtained":[{"floor":6,"key":"Gremlin Horn"},{"floor":8,"key":"Mango"},{"floor":9,"key":"Symbiotic Virus"},{"floor":12,"key":"Art of War"},{"floor":23,"key":"Pantograph"}],"event_choices":[{"damage_healed":0,"gold_gain":0,"player_choice":"Grow","damage_taken":0,"max_hp_gain":0,"max_hp_loss":0,"event_name":"Living Wall","floor":5,"gold_loss":0,"cards_upgraded":["Doom and Gloom"]},{"damage_healed":0,"gold_gain":100,"player_choice":"Gold","damage_taken":0,"max_hp_gain":0,"max_hp_loss":0,"event_name":"Wheel of Change","floor":11,"gold_loss":0},{"damage_healed":0,"gold_gain":0,"player_choice":"Lose Max HP","damage_taken":0,"relics_obtained":["Golden Idol"],"max_hp_gain":0,"max_hp_loss":9,"event_name":"Golden Idol","floor":14,"gold_loss":0},{"damage_healed":0,"gold_gain":0,"player_choice":"Inject Mutagens","damage_taken":0,"relics_obtained":["MutagenicStrength"],"max_hp_gain":0,"max_hp_loss":0,"event_name":"Drug Dealer","floor":19,"gold_loss":0},{"damage_healed":0,"gold_gain":0,"player_choice":"Ignored","damage_taken":0,"max_hp_gain":0,"max_hp_loss":0,"event_name":"Vampires","floor":21,"gold_loss":0}],"is_beta":false,"boss_relics":[{"not_picked":["Velvet Choker","Lizard Tail"],"picked":"FrozenCore"}],"items_purged_floors":[],"is_endless":false,"potions_floor_spawned":[1,6,10,13,16],"killed_by":"Book of Stabbing","ascension_level":20}