{"gold_per_floor":[213,64,14,34,48,78,78,110,136,161,161,180,180,192,192,295,295,250,250,3,3,3,3,3,3,3,3,3,3,3,3,3,3,3,3,3,3,3,3,3,3,3,3,3,0,0,0,0,0,0,0,0,0,0,0],"floor_reached":56,"playtime":2750,"items_purged":[],"score":1735,"play_id":"a61d831f-8163-4c03-973b-71608c012660","local_time":"20190302162359","is_ascension_mode":true,"campfire_choices":[{"data":"Zap","floor":7,"key":"SMITH"},{"data":"Reinforced Body","floor":11,"key":"SMITH"},{"floor":13,"key":"REST"},{"data":"Coolheaded","floor":15,"key":"SMITH"},{"floor":24,"key":"REST"},{"data":"Biased Cognition","floor":28,"key":"SMITH"},{"data":"Capacitor","floor":32,"key":"SMITH"},{"data":"Defragment","floor":40,"key":"SMITH"},{"floor":42,"key":"RECALL"},{"data":"Coolheaded","floor":49,"key":"SMITH"},{"data":"Reboot","floor":52,"key":"SMITH"}],"neow_cost":"NONE","seed_source_timestamp":110602110576,"circlet_count":0,"master_deck":["Strike_B","Strike_B","Strike_B","Strike_B","Defend_B","Defend_B","Defend_B","Zap+1","Dualcast","Conserve Battery","Ball Lightning","Cold Snap","Electrodynamics","Reboot+1","Reinforced Body+1","Coolheaded+1","Biased Cognition+1","Ball Lightning+1","Coolheaded+1","Glacier","Genetic Algorithm+1","Defragment+1","Capacitor+1","Auto Shields+1","Compile Driver+1","Consume+1","Capacitor+1","Defragment+1","Blade Dance"],"relics":["Cracked Core","PreservedInsect","DataDisk","Smiling Mask","Pen Nib","Ectoplasm","ClockworkSouvenir","Thread and Needle","Centennial Puzzle","Bag of Marbles","Happy Flower","Coffee Dripper","FossilizedHelix","Regal Pillow","Juzu Bracelet","Oddly Smooth Stone","Red Mask","Anchor","Bag of Preparation"],"potions_floor_usage":[6,8,16,23,25,29,50,55,55],"damage_taken":[{"damage":6,"enemies":"Jaw Worm","floor":1,"turns":3},{"damage":0,"enemies":"Small Slimes","floor":4,"turns":3},{"damage":0,"enemies":"Cultist","floor":5,"turns":3},{"damage":0,"enemies":"Gremlin Nob","floor":6,"turns":2},{"damage":0,"enemies":"3 Sentries","floor":8,"turns":1},{"damage":14,"enemies":"Gremlin Nob","floor":10,"turns":3},{"damage":13,"enemies":"Exordium Thugs","floor":12,"turns":3},{"damage":0,"enemies":"Large Slime","floor":14,"turns":5},{"damage":0,"enemies":"Hexaghost","floor":16,"turns":8},{"damage":11,"enemies":"2 Thieves","floor":18,"turns":3},{"damage":1,"enemies":"Chosen","floor":19,"turns":3},{"damage":0,"enemies":"Snecko","floor":21,"turns":4},{"damage":2,"enemies":"Centurion and Healer","floor":22,"turns":3},{"damage":21,"enemies":"Slavers","floor":23,"turns":3},{"damage":0,"enemies":"Book of Stabbing","floor":25,"turns":4},{"damage":0,"enemies":"Sentry and Sphere","floor":27,"turns":3},{"damage":0,"enemies":"Slavers","floor":29,"turns":2},{"damage":0,"enemies":"3 Cultists","floor":30,"turns":3},{"damage":0,"enemies":"Cultist and Chosen","floor":31,"turns":6},{"damage":0,"enemies":"Collector","floor":33,"turns":7},{"damage":4,"enemies":"3 Shapes","floor":35,"turns":3},{"damage":0,"enemies":"3 Darklings","floor":36,"turns":4},{"damage":0,"enemies":"Sphere and 2 Shapes","floor":37,"turns":5},{"damage":4,"enemies":"2 Orb Walkers","floor":39,"turns":3},{"damage":0,"enemies":"Giant Head","floor":41,"turns":8},{"damage":0,"enemies":"Nemesis","floor":44,"turns":5},{"damage":0,"enemies":"Giant Head","floor":48,"turns":7},{"damage":0,"enemies":"Donu and Deca","floor":50,"turns":6},{"damage":0,"enemies":"Shield and Spear","floor":54,"turns":6},{"damage":8,"enemies":"The Heart","floor":55,"turns":11}],"seed_played":"-7788976385304340253","potions_obtained":[{"floor":1,"key":"Explosive Potion"},{"floor":4,"key":"FearPotion"},{"floor":8,"key":"Dexterity Potion"},{"floor":14,"key":"LiquidBronze"},{"floor":19,"key":"Strength Potion"},{"floor":22,"key":"LiquidBronze"},{"floor":23,"key":"Fire Potion"},{"floor":27,"key":"LiquidBronze"},{"floor":33,"key":"FairyPotion"},{"floor":41,"key":"AttackPotion"},{"floor":54,"key":"FocusPotion"}],"is_trial":false,"path_per_floor":["M","$","?","M","M","E","R","E","T","E","R","M","R","M","R","B",null,"M","M","$","M","M","E","R","E","T","M","R","E","M","M","R","B",null,"M","M","M","?","?","R","E","R","T","E","?","?","?","E","R","B",null,"R","$","E","B",null],"character_chosen":"DEFECT","items_purchased":["PreservedInsect","ClockworkSouvenir","Coolheaded"],"campfire_rested":2,"item_purchase_floors":[2,20,20],"current_hp_per_floor":[69,69,69,69,69,69,69,69,69,55,55,42,64,64,64,64,75,64,63,63,63,61,40,62,62,62,62,62,62,62,62,62,62,75,71,71,71,71,67,67,67,67,67,67,67,67,67,67,67,67,75,75,75,75,67],"gold":0,"neow_bonus":"HUNDRED_GOLD","is_prod":false,"is_daily":false,"chose_seed":false,"campfire_upgraded":8,"win_rate":0,"timestamp":1551540239,"path_taken":["M","$","?","M","M","E","R","E","T","E","R","M","R","M","R","BOSS","M","M","$","M","M","E","R","E","T","M","R","E","M","M","R","BOSS","M","M","M","?","?","R","E","R","T","E","?","?","?","E","R","BOSS","R","$","E","BOSS"],"build_version":"2019-01-23","purchased_purges":0,"victory":true,"max_hp_per_floor":[75,75,75,75,75,75,75,75,75,75,75,75,75,75,75,75,75,75,75,75,75,75,75,75,75,75,75,75,75,75,75,75,75,75,75,75,75,75,75,75,75,75,75,75,75,75,75,75,75,75,75,75,75,75,75],"card_choices":[{"not_picked":["BootSequence","Streamline"],"picked":"Conserve Battery","floor":1},{"not_picked":["Barrage","Turbo"],"picked":"Ball Lightning","floor":4},{"not_picked":["Rebound","Darkness"],"picked":"Cold Snap","floor":5},{"not_picked":["Sweeping Beam","Conserve Battery"],"picked":"Electrodynamics","floor":6},{"not_picked":["Steam","Go for the Eyes"],"picked":"Reboot","floor":8},{"not_picked":["BootSequence","Go for the Eyes"],"picked":"Reinforced Body","floor":10},{"not_picked":["Beam Cell","Gash"],"picked":"Coolheaded","floor":12},{"not_picked":["Rebound","Heatsinks","Steam"],"picked":"SKIP","floor":14},{"not_picked":["Meteor Strike","Reboot"],"picked":"Biased Cognition","floor":16},{"not_picked":["Redo+1","Barrage"],"picked":"Leap","floor":18},{"not_picked":["Redo","Sweeping Beam"],"picked":"Ball Lightning+1","floor":19},{"not_picked":["Sweeping Beam+1","Ball Lightning"],"picked":"Hello World","floor":21},{"not_picked":["Static Discharge+1","Leap","Recycle"],"picked":"SKIP","floor":22},{"not_picked":["Stack","Double Energy+1"],"picked":"Glacier","floor":23},{"not_picked":["Coolheaded","FTL","Storm+1"],"picked":"SKIP","floor":25},{"not_picked":["Redo","Recycle"],"picked":"Genetic Algorithm+1","floor":27},{"not_picked":["Darkness","Chaos"],"picked":"Defragment","floor":29},{"not_picked":["Redo","Rebound"],"picked":"Capacitor","floor":30},{"not_picked":["Hello World","Streamline"],"picked":"Auto Shields+1","floor":31},{"not_picked":["Loop","Turbo+1","Go for the Eyes"],"picked":"SKIP","floor":35},{"not_picked":["Steam Power+1","Steam"],"picked":"Compile Driver+1","floor":36},{"not_picked":["Stack","BootSequence","Streamline"],"picked":"SKIP","floor":37},{"not_picked":["Ball Lightning+1","Auto Shields"],"picked":"Consume+1","floor":39},{"not_picked":["Leap+1","Multi-Cast"],"picked":"Capacitor+1","floor":41},{"not_picked":["Sweeping Beam","Consume+1"],"picked":"Defragment+1","floor":44},{"not_picked":["Genetic Algorithm","Self Repair+1","Redo"],"picked":"SKIP","floor":48},{"not_picked":["Barrage","Redo+1","Beam Cell"],"picked":"SKIP","floor":54}],"player_experience":1036859,"relics_obtained":[{"floor":6,"key":"DataDisk"},{"floor":8,"key":"Smiling Mask"},{"floor":10,"key":"Pen Nib"},{"floor":23,"key":"Thread and Needle"},{"floor":25,"key":"Centennial Puzzle"},{"floor":26,"key":"Bag of Marbles"},{"floor":29,"key":"Happy Flower"},{"floor":39,"key":"FossilizedHelix"},{"floor":41,"key":"Regal Pillow"},{"floor":43,"key":"Juzu Bracelet"},{"floor":44,"key":"Oddly Smooth Stone"},{"floor":48,"key":"Anchor"},{"floor":54,"key":"Bag of Preparation"}],"event_choices":[{"cards_removed":["Defend_B"],"damage_healed":0,"gold_gain":0,"player_choice":"Card Removal","damage_taken":0,"max_hp_gain":0,"max_hp_loss":0,"event_name":"The Cleric","floor":3,"gold_loss":50},{"cards_removed":["Leap"],"damage_healed":0,"gold_gain":0,"player_choice":"Removed Skill","damage_taken":0,"max_hp_gain":0,"max_hp_loss":0,"event_name":"Falling","floor":38,"gold_loss":0},{"damage_healed":0,"gold_gain":0,"player_choice":"Fight","damage_taken":0,"max_hp_gain":0,"max_hp_loss":0,"event_name":"Mysterious Sphere","floor":39,"gold_loss":0},{"damage_healed":0,"gold_gain":0,"player_choice":"Paid","damage_taken":0,"relics_obtained":["Red Mask"],"max_hp_gain":0,"max_hp_loss":0,"event_name":"Tomb of Lord Red Mask","floor":45,"gold_loss":3},{"damage_healed":0,"gold_gain":0,"player_choice":"Leave","damage_taken":0,"max_hp_gain":0,"max_hp_loss":0,"event_name":"FaceTrader","floor":46,"gold_loss":0},{"cards_removed":["Hello World"],"damage_healed":0,"gold_gain":0,"player_choice":"Took Card","damage_taken":0,"max_hp_gain":0,"max_hp_loss":0,"event_name":"NoteForYourself","floor":47,"gold_loss":0,"cards_obtained":["Blade Dance"]}],"is_beta":false,"boss_relics":[{"not_picked":["Pandora\u0027s Box","Busted Crown"],"picked":"Ectoplasm"},{"not_picked":["Runic Dome","Philosopher\u0027s Stone"],"picked":"Coffee Dripper"}],"items_purged_floors":[],"is_endless":false,"potions_floor_spawned":[1,4,8,14,19,22,23,27,33,36,41,48,54],"ascension_level":1}