{"gold_per_floor":[113,113,123,44,63,76,95,111,138,138,154,34,59,71,71,71],"floor_reached":16,"playtime":919,"items_purged":["Strike_G"],"score":106,"play_id":"848afe32-4323-4dd9-b4dc-8f2f229d0649","local_time":"20181211180827","is_ascension_mode":false,"campfire_choices":[{"data":"Infinite Blades","floor":10,"key":"SMITH"},{"floor":15,"key":"REST"}],"neow_cost":"NONE","seed_source_timestamp":1021195706373269,"circlet_count":0,"master_deck":["Defend_G","Defend_G","Defend_G","Defend_G","Defend_G","Strike_G","Strike_G","Strike_G","Strike_G","Survivor","Neutralize","Sucker Punch","Blade Dance","Infinite Blades+1","Deflect","Flying Knee","Bullet Time","Blade Dance","PiercingWail","Cloak And Dagger","Cloak And Dagger"],"relics":["Ring of the Snake","Snake Skull","Blood Vial","Pocketwatch"],"potions_floor_usage":[13,13,16],"damage_taken":[{"damage":4,"enemies":"Small Slimes","floor":1,"turns":4},{"damage":1,"enemies":"Cultist","floor":3,"turns":5},{"damage":3,"enemies":"Jaw Worm","floor":5,"turns":4},{"damage":0,"enemies":"3 Louse","floor":6,"turns":3},{"damage":1,"enemies":"2 Fungi Beasts","floor":7,"turns":3},{"damage":4,"enemies":"Red Slaver","floor":8,"turns":3},{"damage":12,"enemies":"Gremlin Gang","floor":11,"turns":6},{"damage":22,"enemies":"3 Sentries","floor":13,"turns":9},{"damage":2,"enemies":"Exordium Wildlife","floor":14,"turns":4},{"damage":54,"enemies":"Hexaghost","floor":16,"turns":15}],"seed_played":"8799988742579841821","potions_obtained":[{"floor":3,"key":"SneckoOil"},{"floor":11,"key":"EssenceOfSteel"},{"floor":14,"key":"Energy Potion"}],"is_trial":false,"path_per_floor":["M","?","M","$","M","M","M","M","T","R","M","$","E","M","R","B"],"character_chosen":"THE_SILENT","items_purchased":["Infinite Blades","Cloak And Dagger"],"campfire_rested":1,"item_purchase_floors":[4,12],"current_hp_per_floor":[66,66,65,65,62,62,61,57,57,57,47,47,27,27,48,0],"gold":71,"neow_bonus":"RANDOM_COMMON_RELIC","is_prod":false,"is_daily":false,"chose_seed":false,"campfire_upgraded":1,"win_rate":0.0,"timestamp":1544569707,"path_taken":["M","?","M","$","M","M","M","M","T","R","M","$","E","?","R","BOSS"],"build_version":"2018-12-06","purchased_purges":1,"victory":false,"max_hp_per_floor":[70,70,70,70,70,70,70,70,70,70,70,70,70,70,70,70],"card_choices":[{"not_picked":["Prepared","Slice"],"picked":"Sucker Punch","floor":1},{"not_picked":["Dash","Flying Knee"],"picked":"Blade Dance","floor":3},{"not_picked":["Underhanded Strike","Deadly Poison"],"picked":"Deflect","floor":5},{"not_picked":["Quick Slash","Skewer"],"picked":"Flying Knee","floor":6},{"not_picked":["Quick Slash","Slice"],"picked":"Bullet Time","floor":7},{"not_picked":["Catalyst","Expertise"],"picked":"Blade Dance","floor":8},{"not_picked":["Eviscerate","Dagger Spray"],"picked":"PiercingWail","floor":11},{"not_picked":["Flying Knee","Die Die Die"],"picked":"Cloak And Dagger","floor":13},{"not_picked":["PiercingWail","Backflip","Dagger Throw"],"picked":"SKIP","floor":14}],"player_experience":252238,"relics_obtained":[{"floor":9,"key":"Blood Vial"},{"floor":13,"key":"Pocketwatch"}],"event_choices":[{"damage_healed":0,"gold_gain":0,"player_choice":"Bought 0 Potions","damage_taken":0,"max_hp_gain":0,"max_hp_loss":0,"event_name":"The Woman in Blue","floor":2,"gold_loss":0}],"is_beta":false,"boss_relics":[],"items_purged_floors":[12],"is_endless":false,"potions_floor_spawned":[3,11,14],"killed_by":"Hexaghost","ascension_level":0}