{"path_per_floor":["M","M","M","?","?","R","?","R","T","E","M","M","M","M","R","B",null,"M","M","?","?","?","E","R"],"character_chosen":"THE_SILENT","items_purchased":[],"gold_per_floor":[112,128,147,322,322,322,397,397,423,456,470,488,505,525,525,602,602,621,632,632,632,547,581,581,581],"floor_reached":25,"campfire_rested":2,"playtime":1052,"current_hp_per_floor":[60,60,58,58,44,44,33,54,54,33,27,27,27,20,41,10,55,46,42,42,42,42,38,38,0],"items_purged":[],"gold":581,"score":368,"play_id":"2fc5a54e-41d2-467b-86fa-4c9dada69ae5","local_time":"20180401062335","is_prod":false,"is_daily":false,"is_ascension_mode":true,"campfire_upgraded":2,"timestamp":1522531415,"path_taken":["M","M","M","?","?","R","?","R","T","E","M","?","M","?","R","BOSS","M","M","?","?","?","E","R","E"],"build_version":"2018-03-29v2","purchased_purges":0,"victory":false,"master_deck":["Defend_G","Defend_G","Defend_G","Defend_G+1","Defend_G","Strike_G","Strike_G+1","Strike_G","Strike_G","Strike_G","Survivor","Neutralize+1","AscendersBane","Predator+1","All Out Attack","Slice+1","Doubt","Backflip","Blur","Cloak And Dagger","Terror","Glass Knife+1","Prepared+1","Skewer","Backflip","Cloak And Dagger"],"max_hp_per_floor":[70,70,70,70,70,70,70,70,70,70,70,70,70,70,70,70,70,70,70,70,70,70,70,70,70],"relics":["Lizard Tail","Bag of Marbles","Happy Flower","Runic Dome","Thread and Needle","Ancient Tea Set","Whetstone"],"card_choices":[{"not_picked":["Quick Slash","Flying Knee"],"picked":"Predator","floor":1},{"not_picked":["Caltrops","Slice"],"picked":"All Out Attack","floor":2},{"not_picked":["Backflip","Blade Dance"],"picked":"Slice","floor":3},{"not_picked":["Concentrate","Acrobatics"],"picked":"Backflip","floor":10},{"not_picked":["Deadly Poison","All Out Attack"],"picked":"Blur","floor":11},{"not_picked":["Slice","Catalyst"],"picked":"Cloak And Dagger","floor":13},{"not_picked":["Backflip","Accuracy"],"picked":"Terror","floor":14},{"not_picked":["Doppelganger","Die Die Die"],"picked":"Glass Knife","floor":16},{"not_picked":["Cloak And Dagger","Caltrops"],"picked":"Prepared","floor":18},{"not_picked":["Poisoned Stab","Catalyst"],"picked":"Skewer","floor":19},{"not_picked":["Prepared","Underhanded Strike"],"picked":"Cloak And Dagger","floor":23}],"player_experience":388753,"potions_floor_usage":[10,14,16,23,23],"damage_taken":[{"damage":3,"enemies":"Cultist","floor":1,"turns":6},{"damage":0,"enemies":"Small Slimes","floor":2,"turns":3},{"damage":2,"enemies":"Jaw Worm","floor":3,"turns":4},{"damage":33,"enemies":"Lagavulin","floor":10,"turns":8},{"damage":6,"enemies":"Exordium Wildlife","floor":11,"turns":6},{"damage":0,"enemies":"Blue Slaver","floor":12,"turns":3},{"damage":0,"enemies":"2 Fungi Beasts","floor":13,"turns":1},{"damage":7,"enemies":"Large Slime","floor":14,"turns":6},{"damage":69,"enemies":"Hexaghost","floor":16,"turns":13},{"damage":9,"enemies":"Shell Parasite","floor":18,"turns":5},{"damage":4,"enemies":"Chosen","floor":19,"turns":4},{"damage":4,"enemies":"Slavers","floor":23,"turns":5},{"damage":39,"enemies":"Gremlin Leader","floor":25,"turns":7}],"event_choices":[{"event_name":"Liars Game","player_choice":"agreed","floor":4,"damage_taken":0},{"event_name":"Shining Light","player_choice":"Entered Light","floor":5,"damage_taken":0},{"event_name":"World of Goop","player_choice":"Gather Gold","floor":7,"damage_taken":0},{"event_name":"Duplicator","player_choice":"One dupe","floor":20,"damage_taken":0},{"event_name":"The Mausoleum","player_choice":"Yes","floor":21,"damage_taken":0},{"event_name":"Addict","player_choice":"Obtained Relic","floor":22,"damage_taken":0}],"boss_relics":[{"not_picked":["Runic Pyramid","White Beast Statue"],"picked":"Runic Dome"}],"potions_floor_spawned":[1,3,10,11,19],"seed_played":"8686971263860506026","killed_by":"Gremlin Leader","ascension_level":13,"is_trial":false}