{"gold_per_floor":[109,109,67,67,67,67,108,108,159,190,209,233,269,5,5,5],"floor_reached":16,"playtime":362,"items_purged":[],"score":304,"play_id":"a1704fe9-8a10-434b-be59-c3e251749edf","local_time":"20190206004032","is_ascension_mode":true,"campfire_choices":[{"data":"Consume","floor":6,"key":"SMITH"},{"data":"Buffer","floor":8,"key":"SMITH"},{"data":"Zap","floor":15,"key":"SMITH"}],"neow_cost":"NONE","seed_source_timestamp":282139686191100,"circlet_count":0,"master_deck":["AscendersBane","Strike_B","Strike_B","Strike_B","Strike_B+1","Defend_B+1","Defend_B","Defend_B","Defend_B","Zap+1","Dualcast","Coolheaded","Consume+1","Buffer+1","Loop","Go for the Eyes","Defragment","Stack"],"relics":["Cracked Core","NeowsBlessing","Golden Idol","Bronze Scales","Blood Vial","Ancient Tea Set","Odd Mushroom","Bottled Lightning"],"potions_floor_usage":[16,16],"damage_taken":[{"damage":0,"enemies":"2 Louse","floor":1,"turns":1},{"damage":0,"enemies":"Lagavulin","floor":7,"turns":1},{"damage":0,"enemies":"3 Sentries","floor":10,"turns":1},{"damage":12,"enemies":"Jaw Worm","floor":11,"turns":4},{"damage":3,"enemies":"Small Slimes","floor":12,"turns":3},{"damage":17,"enemies":"The Mushroom Lair","floor":13,"turns":4},{"damage":32,"enemies":"Slime Boss","floor":16,"turns":9}],"seed_played":"-3143736834812492002","potions_obtained":[{"floor":12,"key":"Block Potion"},{"floor":13,"key":"Block Potion"}],"is_trial":false,"path_per_floor":["M","?","$","?","?","R","E","R","T","E","M","M","?","$","R","B"],"character_chosen":"DEFECT","items_purchased":["Consume","Bottled Lightning"],"campfire_rested":0,"item_purchase_floors":[3,14],"current_hp_per_floor":[64,69,69,69,48,48,48,48,48,50,40,39,24,24,24,0],"gold":5,"neow_bonus":"THREE_ENEMY_KILL","is_prod":false,"is_daily":false,"chose_seed":false,"campfire_upgraded":3,"win_rate":0,"timestamp":1549442432,"path_taken":["M","?","$","?","?","R","E","R","T","E","M","M","?","?","R","BOSS"],"build_version":"2019-01-23","purchased_purges":0,"victory":false,"max_hp_per_floor":[71,76,76,69,69,69,69,69,69,69,69,69,69,69,69,69],"card_choices":[{"not_picked":["Hologram","Beam Cell"],"picked":"Coolheaded","floor":1},{"not_picked":["Undo","Auto Shields"],"picked":"Buffer","floor":7},{"not_picked":["Multi-Cast","Compile Driver"],"picked":"Loop","floor":10},{"not_picked":["Compile Driver","Redo"],"picked":"Go for the Eyes","floor":11},{"not_picked":["Sweeping Beam","Hello World"],"picked":"Defragment","floor":12},{"not_picked":["Redo","Streamline"],"picked":"Stack","floor":13}],"player_experience":635602,"relics_obtained":[{"floor":7,"key":"Bronze Scales"},{"floor":9,"key":"Blood Vial"},{"floor":10,"key":"Ancient Tea Set"},{"floor":13,"key":"Odd Mushroom"}],"event_choices":[{"damage_healed":0,"gold_gain":0,"player_choice":"Donut","damage_taken":0,"max_hp_gain":5,"max_hp_loss":0,"event_name":"Big Fish","floor":2,"gold_loss":0},{"damage_healed":0,"gold_gain":0,"player_choice":"Lose Max HP","damage_taken":0,"relics_obtained":["Golden Idol"],"max_hp_gain":0,"max_hp_loss":7,"event_name":"Golden Idol","floor":4,"gold_loss":0},{"damage_healed":0,"gold_gain":0,"player_choice":"Entered Light","damage_taken":21,"max_hp_gain":0,"max_hp_loss":0,"event_name":"Shining Light","floor":5,"gold_loss":0,"cards_upgraded":["Strike_B","Defend_B"]},{"damage_healed":0,"gold_gain":0,"player_choice":"Fought Mushrooms","damage_taken":0,"max_hp_gain":0,"max_hp_loss":0,"event_name":"Mushrooms","floor":13,"gold_loss":0}],"is_beta":false,"boss_relics":[],"items_purged_floors":[],"is_endless":false,"potions_floor_spawned":[12,13],"killed_by":"Slime Boss","ascension_level":19}