{"gold_per_floor":[109,25,44,44,56,89,89,120,190,190,221,221,296,316,316,392,392,405,424,71,71,271,303,303,335,360,360,379,379,406,66,66,138,138,155,255,255,0,19,19,39,39,39,64,64,83,110,110,110,110,110,110,110,21,48,48],"floor_reached":56,"playtime":8025,"items_purged":["Strike_B"],"score":2068,"play_id":"5cde8964-6b8f-43c8-97da-955cedf21538","local_time":"20190303153908","is_ascension_mode":true,"campfire_choices":[{"data":"Zap","floor":7.0,"key":"SMITH"},{"floor":12.0,"key":"DIG"},{"floor":15.0,"key":"DIG"},{"floor":24,"key":"REST"},{"floor":27,"key":"DIG"},{"floor":29,"key":"DIG"},{"floor":32,"key":"DIG"},{"floor":40,"key":"DIG"},{"data":"Zap","floor":42,"key":"SMITH"},{"floor":49,"key":"RECALL"},{"floor":53,"key":"DIG"}],"neow_cost":"NONE","seed_source_timestamp":0,"circlet_count":0,"master_deck":["AscendersBane","Defend_B","Defend_B+1","Defend_B","Defend_B+1","Zap+1","Dualcast+1","Cold Snap","Defragment+1","Chill","Chill","Sweeping Beam","Doom and Gloom","Ball Lightning","Seek","BootSequence+1","Force Field+1","Consume+1","Coolheaded+1","Static Discharge","Doom and Gloom","Core Surge","Hologram","All For One","Self Repair+1","Self Repair","Echo Form","Go for the Eyes+1","Reboot","Zap+1","All For One","Tempest","White Noise+1","Creative AI","Defragment+1","Dark Shackles"],"special_seed":0,"relics":["Cracked Core","Juzu Bracelet","Thread and Needle","Potion Belt","Matryoshka","Shovel","Bottled Flame","Mummified Hand","Astrolabe","Bag of Preparation","Blue Candle","Omamori","Blood Vial","Art of War","Strawberry","MawBank","Cables","Smiling Mask","Inserter","Torii","Red Mask","Question Card","Anchor","War Paint","Singing Bowl","Kunai","Orichalcum"],"potions_floor_usage":[30,33,33,33,33,33,33,47,47,50,55,56],"damage_taken":[{"damage":0.0,"enemies":"2 Louse","floor":1.0,"turns":3.0},{"damage":3.0,"enemies":"Cultist","floor":3.0,"turns":4.0},{"damage":0.0,"enemies":"Jaw Worm","floor":5.0,"turns":3.0},{"damage":8.0,"enemies":"Lagavulin","floor":6.0,"turns":8.0},{"damage":0.0,"enemies":"3 Sentries","floor":8.0,"turns":8.0},{"damage":0.0,"enemies":"Lagavulin","floor":11.0,"turns":6.0},{"damage":2.0,"enemies":"Looter","floor":14.0,"turns":2.0},{"damage":16.0,"enemies":"Hexaghost","floor":16.0,"turns":9.0},{"damage":0.0,"enemies":"Chosen","floor":18.0,"turns":5.0},{"damage":0.0,"enemies":"Spheric Guardian","floor":19.0,"turns":3.0},{"damage":23.0,"enemies":"Book of Stabbing","floor":23.0,"turns":5.0},{"damage":17,"enemies":"Slavers","floor":25,"turns":4},{"damage":0,"enemies":"Centurion and Healer","floor":28,"turns":7},{"damage":0,"enemies":"3 Cultists","floor":30,"turns":4},{"damage":33,"enemies":"Champ","floor":33,"turns":11},{"damage":9,"enemies":"Orb Walker","floor":35,"turns":3},{"damage":16,"enemies":"Mind Bloom Boss Battle","floor":36,"turns":6},{"damage":9,"enemies":"3 Shapes","floor":39,"turns":3},{"damage":14,"enemies":"Transient","floor":41,"turns":6},{"damage":28,"enemies":"Reptomancer","floor":44,"turns":8},{"damage":2,"enemies":"Spire Growth","floor":46,"turns":6},{"damage":29,"enemies":"Giant Head","floor":47,"turns":9},{"damage":30,"enemies":"Time Eater","floor":50,"turns":7},{"damage":26,"enemies":"Donu and Deca","floor":51,"turns":8},{"damage":35,"enemies":"Shield and Spear","floor":55,"turns":5},{"damage":54,"enemies":"The Heart","floor":56,"turns":5}],"seed_played":"6454803255318380271","potions_obtained":[{"floor":1.0,"key":"GamblersBrew"},{"floor":5.0,"key":"EssenceOfSteel"},{"floor":14.0,"key":"Block Potion"},{"floor":16.0,"key":"Weak Potion"},{"floor":19.0,"key":"SpeedPotion"},{"floor":25,"key":"EssenceOfSteel"},{"floor":30,"key":"EntropicBrew"},{"floor":39,"key":"SpeedPotion"},{"floor":41,"key":"AttackPotion"},{"floor":46,"key":"Dexterity Potion"},{"floor":47,"key":"AttackPotion"}],"is_trial":false,"path_per_floor":["M","$","M","?","M","E","R","E","T","?","E","R","?","M","R","B",null,"M","M","$","?","?","E","R","E","T","R","M","R","M","$","R","B",null,"M","?","?","?","M","R","M","R","T","E","?","M","E","?","R","B","B",null,"R","$","E","B"],"character_chosen":"DEFECT","items_purchased":["Defragment","Static Discharge","Bag of Preparation","Doom and Gloom","Cables","Self Repair","Dark Shackles"],"campfire_rested":1,"item_purchase_floors":[2,20,20,20,31,31,54],"current_hp_per_floor":[64,64,61,61,61,53,53,53,53,53,53,53,42,40,40,24,59,59,59,59,59,59,36,57,40,40,47,49,49,61,61,61,62,74,78,78,78,78,78,78,78,78,78,67,67,74,69,69,69,65,68,73,73,73,51,0],"gold":48,"neow_bonus":"RANDOM_COMMON_RELIC","is_prod":false,"is_daily":false,"chose_seed":false,"campfire_upgraded":2,"win_rate":0,"timestamp":1551623948,"path_taken":["M","$","M","?","M","E","R","E","T","?","E","R","?","M","R","BOSS","M","M","$","?","?","E","R","E","T","R","M","R","M","$","R","BOSS","M","?","?","?","M","R","M","R","T","E","?","M","E","?","R","BOSS","BOSS","R","$","E","BOSS"],"build_version":"2019-02-06","purchased_purges":1,"victory":false,"max_hp_per_floor":[71,71,71,71,71,71,71,71,71,71,71,71,71,71,71,71,71,71,71,71,71,71,71,71,71,71,78,78,78,78,78,78,78,78,78,78,78,78,78,78,78,78,78,78,74,74,74,74,74,74,74,74,74,74,76,76],"card_choices":[{"not_picked":["Skim","Turbo"],"picked":"Cold Snap","floor":1.0},{"not_picked":["Coolheaded","Conserve Battery"],"picked":"Chill","floor":3.0},{"not_picked":["Stack","Double Energy"],"picked":"Chill","floor":5.0},{"not_picked":["Fusion","Heatsinks"],"picked":"Sweeping Beam","floor":6.0},{"not_picked":["Blizzard","Gash"],"picked":"Doom and Gloom","floor":8.0},{"not_picked":["Barrage","Lockon"],"picked":"Ball Lightning","floor":11.0},{"not_picked":["Lockon","Gash","Beam Cell"],"picked":"SKIP","floor":14.0},{"not_picked":["Reboot","Machine Learning"],"picked":"Seek","floor":16.0},{"not_picked":["Rebound","Stack"],"picked":"Coolheaded+1","floor":18.0},{"not_picked":["Streamline","Cold Snap","Ball Lightning"],"picked":"SKIP","floor":19.0},{"not_picked":["Turbo","Go for the Eyes"],"picked":"Hologram","floor":23.0},{"not_picked":["Sweeping Beam","Coolheaded"],"picked":"All For One","floor":25},{"not_picked":["Steam","Force Field"],"picked":"Self Repair+1","floor":28},{"not_picked":["Beam Cell","Streamline","Gash"],"picked":"SKIP","floor":30},{"not_picked":["Beam Cell","Streamline","Gash"],"picked":"SKIP","floor":30},{"not_picked":["Meteor Strike","Fission"],"picked":"Echo Form","floor":33},{"not_picked":["Auto Shields","Hologram"],"picked":"Go for the Eyes+1","floor":35},{"not_picked":["Hologram","Force Field","Redo"],"picked":"SKIP","floor":39},{"not_picked":["Go for the Eyes","Reinforced Body","Conserve Battery+1"],"picked":"All For One","floor":41},{"not_picked":["Blizzard","Rebound","Barrage+1"],"picked":"Tempest","floor":44},{"not_picked":["Heatsinks","Blizzard+1","Barrage+1"],"picked":"White Noise+1","floor":46},{"not_picked":["Thunder Strike","Rebound+1","Undo"],"picked":"Creative AI","floor":47},{"not_picked":["Beam Cell","Thunder Strike","Genetic Algorithm","Recycle"],"picked":"Singing Bowl","floor":55}],"player_experience":1283270,"relics_obtained":[{"floor":6.0,"key":"Thread and Needle"},{"floor":8.0,"key":"Potion Belt"},{"floor":9.0,"key":"Matryoshka"},{"floor":11.0,"key":"Shovel"},{"floor":12.0,"key":"Bottled Flame"},{"floor":15.0,"key":"Mummified Hand"},{"floor":23.0,"key":"Blue Candle"},{"floor":25,"key":"Omamori"},{"floor":26,"key":"Blood Vial"},{"floor":26,"key":"Art of War"},{"floor":27,"key":"Strawberry"},{"floor":29,"key":"MawBank"},{"floor":32,"key":"Smiling Mask"},{"floor":36,"key":"Torii"},{"floor":40,"key":"Question Card"},{"floor":43,"key":"Anchor"},{"floor":44,"key":"War Paint"},{"floor":47,"key":"Singing Bowl"},{"floor":53,"key":"Kunai"},{"floor":55,"key":"Orichalcum"}],"event_choices":[{"damage_healed":0.0,"max_hp_gain":0.0,"max_hp_loss":0.0,"gold_gain":0.0,"event_name":"Living Wall","player_choice":"Grow","floor":4.0,"gold_loss":0.0,"damage_taken":0.0,"cards_upgraded":["Defragment"]},{"damage_healed":0.0,"max_hp_gain":0.0,"max_hp_loss":0.0,"gold_gain":0.0,"event_name":"Upgrade Shrine","player_choice":"Upgraded","floor":10.0,"gold_loss":0.0,"damage_taken":0.0,"cards_upgraded":["Dualcast"]},{"damage_healed":0.0,"max_hp_gain":0.0,"max_hp_loss":0.0,"gold_gain":75.0,"event_name":"World of Goop","player_choice":"Gather Gold","floor":13.0,"gold_loss":0.0,"damage_taken":11.0},{"damage_healed":0.0,"max_hp_gain":0.0,"max_hp_loss":0.0,"gold_gain":0.0,"event_name":"The Library","player_choice":"Read","floor":21.0,"gold_loss":0.0,"damage_taken":0.0,"cards_obtained":["Core Surge"]},{"damage_healed":0.0,"max_hp_gain":0.0,"max_hp_loss":0.0,"gold_gain":250.0,"event_name":"The Joust","player_choice":"Bet on Owner","floor":22.0,"gold_loss":50.0,"damage_taken":0.0},{"damage_healed":0,"gold_gain":0,"player_choice":"Fight","damage_taken":0,"max_hp_gain":0,"max_hp_loss":0,"event_name":"MindBloom","floor":36,"gold_loss":0},{"damage_healed":0,"gold_gain":0,"player_choice":"2 cards matched","damage_taken":0,"max_hp_gain":0,"max_hp_loss":0,"event_name":"Match and Keep!","floor":37,"gold_loss":0,"cards_obtained":["Reboot","Zap"]},{"damage_healed":0,"gold_gain":0,"player_choice":"2 cards matched","damage_taken":0,"max_hp_gain":0,"max_hp_loss":0,"event_name":"Match and Keep!","floor":37,"gold_loss":0,"cards_obtained":["Reboot","Zap"]},{"damage_healed":0,"gold_gain":0,"player_choice":"Paid","damage_taken":0,"relics_obtained":["Red Mask"],"max_hp_gain":0,"max_hp_loss":0,"event_name":"Tomb of Lord Red Mask","floor":38,"gold_loss":255},{"damage_healed":0,"gold_gain":0,"player_choice":"Max HP","damage_taken":0,"max_hp_gain":0,"max_hp_loss":4,"event_name":"Winding Halls","floor":45,"gold_loss":0},{"damage_healed":0,"gold_gain":0,"player_choice":"Copied","damage_taken":0,"max_hp_gain":0,"max_hp_loss":0,"event_name":"Duplicator","floor":48,"gold_loss":0,"cards_obtained":["Defragment"]}],"is_beta":true,"boss_relics":[{"not_picked":["White Beast Statue","Philosopher\u0027s Stone"],"picked":"Astrolabe"},{"not_picked":["Eternal Feather","Runic Dome"],"picked":"Inserter"}],"items_purged_floors":[20],"is_endless":false,"potions_floor_spawned":[1,5,14,16,19,25,30,39,41,46,47],"killed_by":"The Heart","ascension_level":20}