{"gold_per_floor":[109,20,195,195,160,160,40,59,59,91,109,121,121,171,171,272,272,283,283,283,283,298,298,324,339,366,366,379,379,395,411,411,512,512,524,524,534,534],"floor_reached":38,"playtime":1363,"items_purged":[],"score":469,"play_id":"4df64f32-ba20-4a3c-af11-a3f105024143","local_time":"20190106021506","is_ascension_mode":false,"campfire_choices":[{"data":"Noxious Fumes","floor":6.0,"key":"SMITH"},{"data":"Noxious Fumes","floor":13,"key":"SMITH"},{"data":"Caltrops","floor":15,"key":"SMITH"},{"floor":23,"key":"REST"},{"floor":27,"key":"REST"},{"floor":29,"key":"REST"},{"floor":32,"key":"REST"}],"neow_cost":"NONE","seed_source_timestamp":101893673572857,"circlet_count":0,"master_deck":["Defend_G","Defend_G","Defend_G","Defend_G","Defend_G","Strike_G+1","Strike_G","Strike_G","Strike_G","Strike_G+1","Survivor","Neutralize","Backflip","Noxious Fumes+1","Flying Knee","Noxious Fumes+1","PiercingWail","Caltrops+1","Corpse Explosion","Terror","Deadly Poison+1","Catalyst+1","Malaise","Noxious Fumes","Burst","Noxious Fumes"],"special_seed":0,"relics":["Ring of the Snake","NeowsBlessing","Matryoshka","Tingsha","Bronze Scales","Black Star","Potion Belt","Ninja Scroll","Vajra","Omamori","HoveringKite"],"potions_floor_usage":[16,18,33,33,35],"damage_taken":[{"damage":0.0,"enemies":"Small Slimes","floor":1.0,"turns":1.0},{"damage":0,"enemies":"Jaw Worm","floor":8,"turns":1},{"damage":0,"enemies":"Lagavulin","floor":10,"turns":1},{"damage":0,"enemies":"2 Louse","floor":11,"turns":3},{"damage":1,"enemies":"2 Fungi Beasts","floor":12,"turns":4},{"damage":33,"enemies":"The Guardian","floor":16,"turns":9},{"damage":12,"enemies":"Spheric Guardian","floor":18,"turns":5},{"damage":27,"enemies":"2 Thieves","floor":22,"turns":3},{"damage":39,"enemies":"Gremlin Leader","floor":24,"turns":7},{"damage":15,"enemies":"Snecko","floor":25,"turns":4},{"damage":10,"enemies":"Cultist and Chosen","floor":28,"turns":5},{"damage":11,"enemies":"Snake Plant","floor":30,"turns":3},{"damage":0,"enemies":"3 Cultists","floor":31,"turns":2},{"damage":36,"enemies":"Collector","floor":33,"turns":6},{"damage":36,"enemies":"3 Darklings","floor":35,"turns":3},{"damage":11,"enemies":"3 Shapes","floor":37,"turns":4},{"damage":23,"enemies":"3 Darklings","floor":38,"turns":2}],"seed_played":"-8569407412229349213","potions_obtained":[{"floor":1.0,"key":"AttackPotion"},{"floor":11,"key":"Regen Potion"},{"floor":25,"key":"Dexterity Potion"},{"floor":28,"key":"LiquidBronze"},{"floor":33,"key":"Fire Potion"}],"is_trial":false,"path_per_floor":["M","$","?","?","?","R","$","M","T","E","M","M","R","T","R","B",null,"M","?","?","?","M","R","E","M","T","R","M","R","M","M","R","B",null,"M","?","M","M"],"character_chosen":"THE_SILENT","items_purchased":["Noxious Fumes","Flying Knee","Noxious Fumes","PiercingWail"],"campfire_rested":4,"item_purchase_floors":[2,2,7,7],"current_hp_per_floor":[70,70,70,56,70,70,70,70,70,70,70,69,69,69,69,36,70,65,65,65,65,38,59,20,5,5,26,16,37,26,26,47,11,70,34,34,23,0],"gold":534,"neow_bonus":"THREE_ENEMY_KILL","is_prod":false,"is_daily":false,"chose_seed":false,"campfire_upgraded":3,"win_rate":0,"timestamp":1546758906,"path_taken":["M","$","?","?","?","R","$","M","T","E","M","M","R","?","R","BOSS","M","?","?","?","M","R","E","M","T","R","M","R","M","M","R","BOSS","M","?","M","M"],"build_version":"2019-01-03v4","purchased_purges":0,"victory":false,"max_hp_per_floor":[70,70,70,70,70,70,70,70,70,70,70,70,70,70,70,70,70,70,70,70,70,70,70,70,70,70,70,70,70,70,70,70,70,70,70,70,70,70],"card_choices":[{"not_picked":["Endless Agony","Outmaneuver"],"picked":"Backflip","floor":1.0},{"not_picked":["Dagger Throw","Backstab","Outmaneuver"],"picked":"SKIP","floor":8},{"not_picked":["Flying Knee","Backflip","Accuracy"],"picked":"SKIP","floor":10},{"not_picked":["Deflect","Escape Plan","Flying Knee"],"picked":"SKIP","floor":11},{"not_picked":["Dodge and Roll","Acrobatics"],"picked":"Caltrops","floor":12},{"not_picked":["Storm of Steel","Bullet Time"],"picked":"Corpse Explosion","floor":16},{"not_picked":["Outmaneuver","Calculated Gamble","Slice"],"picked":"SKIP","floor":18},{"not_picked":["Outmaneuver","Eviscerate","Escape Plan"],"picked":"SKIP","floor":22},{"not_picked":["Calculated Gamble","Poisoned Stab+1","Bane"],"picked":"SKIP","floor":24},{"not_picked":["Dash+1","Flying Knee"],"picked":"Deadly Poison+1","floor":25},{"not_picked":["Dagger Throw","Distraction"],"picked":"Catalyst+1","floor":28},{"not_picked":["Finisher","Cloak And Dagger"],"picked":"Malaise","floor":30},{"not_picked":["Dodge and Roll","PiercingWail"],"picked":"Noxious Fumes","floor":31},{"not_picked":["Tools of the Trade","Grand Finale"],"picked":"Burst","floor":33},{"not_picked":["Deflect","Deadly Poison","Bane"],"picked":"SKIP","floor":35},{"not_picked":["Masterful Stab","Underhanded Strike"],"picked":"Noxious Fumes","floor":37}],"player_experience":441906,"relics_obtained":[{"floor":9,"key":"Matryoshka"},{"floor":10,"key":"Tingsha"},{"floor":14,"key":"Bronze Scales"},{"floor":24,"key":"Potion Belt"},{"floor":24,"key":"Ninja Scroll"},{"floor":26,"key":"Vajra"},{"floor":26,"key":"Omamori"}],"event_choices":[{"damage_healed":0.0,"max_hp_gain":0.0,"max_hp_loss":0.0,"gold_gain":175.0,"event_name":"Liars Game","player_choice":"AGREE","floor":3.0,"gold_loss":0.0,"damage_taken":0.0,"cards_obtained":["Doubt"]},{"damage_healed":0.0,"max_hp_gain":0.0,"max_hp_loss":0.0,"gold_gain":0.0,"event_name":"Shining Light","player_choice":"Entered Light","floor":4.0,"gold_loss":0.0,"damage_taken":14.0,"cards_upgraded":["Strike_G","Strike_G"]},{"damage_healed":17.0,"max_hp_gain":0.0,"max_hp_loss":0.0,"gold_gain":0.0,"event_name":"The Cleric","player_choice":"Healed","floor":5.0,"gold_loss":35.0,"damage_taken":0.0},{"cards_removed":["Doubt"],"damage_healed":0,"gold_gain":0,"player_choice":"Elegance","damage_taken":0,"max_hp_gain":0,"max_hp_loss":0,"event_name":"Back to Basics","floor":19,"gold_loss":0},{"damage_healed":0,"gold_gain":0,"player_choice":"Read","damage_taken":0,"max_hp_gain":0,"max_hp_loss":0,"event_name":"The Library","floor":20,"gold_loss":0,"cards_obtained":["Terror"]},{"damage_healed":0,"gold_gain":0,"player_choice":"Ignored","damage_taken":0,"max_hp_gain":0,"max_hp_loss":0,"event_name":"Ghosts","floor":21,"gold_loss":0},{"damage_healed":0,"gold_gain":0,"player_choice":"Ignored","damage_taken":0,"max_hp_gain":0,"max_hp_loss":0,"event_name":"Tomb of Lord Red Mask","floor":36,"gold_loss":0}],"is_beta":false,"boss_relics":[{"not_picked":["White Beast Statue","Snecko Eye"],"picked":"Black Star"},{"not_picked":["Runic Dome","Eternal Feather"],"picked":"HoveringKite"}],"items_purged_floors":[],"is_endless":false,"potions_floor_spawned":[1,11,25,28,33],"killed_by":"3 Darklings","ascension_level":0}