{"path_per_floor":["M","M","?","?","M","R","T","R","T","R","M","M","$","M","R","B",null,"M","?","M","$","M","R","M","R","T","R","?","M","$","?","R"],"character_chosen":"DEFECT","items_purchased":["Mind Blast","Cold Snap","Doom and Gloom"],"gold_per_floor":[118,136,136,136,150,150,150,150,150,150,162,181,62,77,77,177,177,197,197,215,180,200,200,218,218,218,218,218,234,234,434,434,434],"floor_reached":33,"campfire_rested":4,"playtime":1255,"current_hp_per_floor":[65,52,52,52,52,52,52,52,52,52,52,52,52,52,74,74,75,58,44,42,42,25,57,38,70,70,78,78,49,49,49,80,0],"items_purged":[],"gold":434,"score":287,"play_id":"ebf553c3-cf0d-460c-a387-d27d53be72b0","local_time":"20180511113910","is_prod":false,"is_daily":false,"chose_seed":false,"is_ascension_mode":false,"campfire_upgraded":4,"timestamp":1526002750,"path_taken":["M","M","?","?","M","R","?","R","T","R","M","M","?","M","R","BOSS","M","?","M","?","M","R","M","R","T","R","?","?","$","?","R","BOSS"],"build_version":"2018-05-10","seed_source_timestamp":1232710477379,"purchased_purges":0,"victory":false,"master_deck":["Strike_B","Strike_B","Strike_B","Strike_B","Defend_B","Defend_B","Defend_B","Defend_B","Zap+1","Dualcast+1","Coolheaded","BootSequence+1","Darkness+1","Redo","Capacitor","Mind Blast+1","Cold Snap","Impulse","Seek","Cold Snap","Chaos","Doom and Gloom","Ball Lightning","Sunder+1","Gash+1"],"max_hp_per_floor":[75,75,75,75,75,75,75,75,75,75,75,75,75,75,75,75,75,75,80,80,80,80,80,80,80,80,80,80,80,80,80,80,80],"relics":["Cracked Core","Pen Nib","Shuriken","Bag of Preparation","Eternal Feather","Matryoshka"],"card_choices":[{"not_picked":["Turbo","Capacitor"],"picked":"Coolheaded","floor":1},{"not_picked":["Sweeping Beam","Leap"],"picked":"BootSequence","floor":2},{"not_picked":["Axe Kick","Hologram"],"picked":"Darkness","floor":5},{"not_picked":["Reinforced Body","Hologram"],"picked":"Redo","floor":11},{"not_picked":["Force Field","Streamline"],"picked":"Capacitor","floor":12},{"not_picked":["Sweeping Beam","Barrage"],"picked":"Impulse","floor":14},{"not_picked":["All For One","Fusion"],"picked":"Seek","floor":16},{"not_picked":["Barrage","Storm"],"picked":"Cold Snap","floor":18},{"not_picked":["Turbo","Steam"],"picked":"Chaos","floor":20},{"not_picked":["Steam","Axe Kick"],"picked":"Ball Lightning","floor":22},{"not_picked":["Turbo","Cold Snap"],"picked":"Sunder","floor":24},{"not_picked":["Biased Cognition","Barrage"],"picked":"Gash","floor":29}],"player_experience":205995,"potions_floor_usage":[16,16,33],"damage_taken":[{"damage":10,"enemies":"Jaw Worm","floor":1,"turns":4},{"damage":13,"enemies":"2 Louse","floor":2,"turns":3},{"damage":0,"enemies":"Small Slimes","floor":5,"turns":3},{"damage":0,"enemies":"2 Fungi Beasts","floor":11,"turns":2},{"damage":0,"enemies":"Blue Slaver","floor":12,"turns":2},{"damage":0,"enemies":"Looter","floor":14,"turns":2},{"damage":0,"enemies":"Slime Boss","floor":16,"turns":10},{"damage":17,"enemies":"3 Byrds","floor":18,"turns":5},{"damage":2,"enemies":"Chosen","floor":20,"turns":4},{"damage":17,"enemies":"Snake Plant","floor":22,"turns":3},{"damage":19,"enemies":"Snecko","floor":24,"turns":5},{"damage":29,"enemies":"Centurion and Healer","floor":29,"turns":4},{"damage":80,"enemies":"Champ","floor":33,"turns":10}],"event_choices":[{"event_name":"Living Wall","player_choice":"Grow","floor":3,"damage_taken":0},{"event_name":"Liars Game","player_choice":"disagreed","floor":4,"damage_taken":0},{"event_name":"Forgotten Altar","player_choice":"Shed Blood","floor":19,"damage_taken":0},{"event_name":"Drug Dealer","player_choice":"Ignored","floor":28,"damage_taken":0},{"event_name":"The Joust","player_choice":"Bet on Owner","floor":31,"damage_taken":0}],"boss_relics":[{"not_picked":["Velvet Choker","Tiny House"],"picked":"Eternal Feather"}],"potions_floor_spawned":[11,12,29],"seed_played":"-1611740733537613425","killed_by":"Champ","ascension_level":0,"is_trial":false}