{"gold_per_floor":[19,19,19,30,30,57,73,106,132,147,39,52,52,77,77,151,151,151],"floor_reached":18,"playtime":759,"items_purged":["Defend_B"],"score":324,"play_id":"79a1722e-bf76-4551-834b-bfd3289d60d0","local_time":"20190219210106","is_ascension_mode":true,"campfire_choices":[{"floor":13,"key":"REST"},{"data":"Defragment","floor":15,"key":"SMITH"}],"neow_cost":"NO_GOLD","seed_source_timestamp":167021316275837,"circlet_count":0,"master_deck":["AscendersBane","Strike_B","Strike_B","Defend_B","Defend_B","Defend_B","Zap","Dualcast","Reinforced Body","Steam","Streamline","Rebound","Defragment+1","Sweeping Beam","Fission","Leap","Coolheaded","Steam","BootSequence","Echo Form"],"special_seed":0,"relics":["Cracked Core","Lantern","Smiling Mask","Regal Pillow","Art of War","Philosopher\u0027s Stone"],"potions_floor_usage":[10,14],"damage_taken":[{"damage":13.0,"enemies":"Small Slimes","floor":1.0,"turns":4.0},{"damage":1.0,"enemies":"2 Louse","floor":4.0,"turns":3.0},{"damage":19.0,"enemies":"Gremlin Nob","floor":6.0,"turns":4.0},{"damage":2.0,"enemies":"Jaw Worm","floor":7.0,"turns":3.0},{"damage":19.0,"enemies":"3 Sentries","floor":8.0,"turns":7.0},{"damage":9,"enemies":"Large Slime","floor":10,"turns":7},{"damage":3,"enemies":"Blue Slaver","floor":12,"turns":4},{"damage":21,"enemies":"Lagavulin","floor":14,"turns":6},{"damage":13,"enemies":"Hexaghost","floor":16,"turns":14},{"damage":8,"enemies":"3 Byrds","floor":18,"turns":2}],"seed_played":"-640608995047414632","potions_obtained":[{"floor":6.0,"key":"FocusPotion"},{"floor":7.0,"key":"Block Potion"},{"floor":12,"key":"FocusPotion"}],"is_trial":false,"path_per_floor":["M","?","?","M","?","E","M","E","T","M","$","M","R","E","R","B",null,"M"],"character_chosen":"DEFECT","items_purchased":["Coolheaded"],"campfire_rested":1,"item_purchase_floors":[11],"current_hp_per_floor":[51,51,56,55,55,36,34,15,15,6,6,3,40,19,19,6,59,51],"gold":151,"neow_bonus":"TRANSFORM_TWO_CARDS","is_prod":false,"is_daily":false,"chose_seed":false,"campfire_upgraded":1,"win_rate":0,"timestamp":1550628066,"path_taken":["M","?","?","M","?","E","M","E","T","?","$","M","R","E","R","BOSS","M"],"build_version":"2019-01-23","purchased_purges":1,"victory":false,"max_hp_per_floor":[71,71,76,76,76,76,76,76,76,76,76,76,76,76,76,76,76,76],"card_choices":[{"not_picked":["Sweeping Beam","Cold Snap"],"picked":"Streamline","floor":1.0},{"not_picked":["Barrage","Beam Cell"],"picked":"Rebound","floor":4.0},{"not_picked":["Go for the Eyes","Ball Lightning"],"picked":"Defragment","floor":6.0},{"not_picked":["Leap","Conserve Battery"],"picked":"Sweeping Beam","floor":7.0},{"not_picked":["Barrage","Streamline"],"picked":"Fission","floor":8.0},{"not_picked":["Doom and Gloom","Recycle"],"picked":"Leap","floor":10},{"not_picked":["Turbo","Gash"],"picked":"Steam","floor":12},{"not_picked":["Aggregate","Beam Cell"],"picked":"BootSequence","floor":14},{"not_picked":["Multi-Cast","Amplify"],"picked":"Echo Form","floor":16}],"player_experience":512449,"relics_obtained":[{"floor":6.0,"key":"Lantern"},{"floor":8.0,"key":"Smiling Mask"},{"floor":9.0,"key":"Regal Pillow"},{"floor":14,"key":"Art of War"}],"event_choices":[{"damage_healed":0.0,"max_hp_gain":0.0,"max_hp_loss":0.0,"gold_gain":0.0,"event_name":"The Cleric","player_choice":"Leave","floor":2.0,"gold_loss":0.0,"damage_taken":0.0},{"damage_healed":0.0,"max_hp_gain":5.0,"max_hp_loss":0.0,"gold_gain":0.0,"event_name":"Big Fish","player_choice":"Donut","floor":3.0,"gold_loss":0.0,"damage_taken":0.0},{"damage_healed":0.0,"max_hp_gain":0.0,"max_hp_loss":0.0,"gold_gain":0.0,"event_name":"Scrap Ooze","player_choice":"Fled","floor":5.0,"gold_loss":0.0,"damage_taken":0.0}],"is_beta":false,"boss_relics":[{"not_picked":["Ectoplasm","Calling Bell"],"picked":"Philosopher\u0027s Stone"}],"items_purged_floors":[11],"is_endless":false,"potions_floor_spawned":[6,7,12],"killed_by":"3 Byrds","ascension_level":16}