{"gold_per_floor":[109,59,59,75,93,121,121,46,98,98,98,98,114,114,114,217,217,236,236,236,254,39,39,64,64,89,89,114,114,29,47,47,47],"floor_reached":33,"playtime":3575,"items_purged":["Strike_B","Strike_B"],"score":377,"play_id":"dbf4e888-1f39-473b-b2a6-79a50d0e39d3","local_time":"20181016221459","is_ascension_mode":true,"campfire_choices":[{"data":"Streamline","floor":7,"key":"SMITH"},{"data":"Zap","floor":10,"key":"SMITH"},{"data":"Go for the Eyes","floor":12,"key":"SMITH"},{"data":"Dualcast","floor":15,"key":"SMITH"},{"data":"Capacitor","floor":23,"key":"SMITH"},{"data":"Consume","floor":25,"key":"SMITH"},{"data":"Loop","floor":27,"key":"SMITH"},{"floor":29,"key":"REST"},{"floor":32,"key":"REST"}],"neow_cost":"","seed_source_timestamp":181075002844289,"circlet_count":0,"master_deck":["Strike_B","Defend_B","Defend_B","Defend_B","Defend_B","Zap+1","Dualcast+1","Gash","Ball Lightning","Go for the Eyes+1","Streamline+1","Leap","Core Surge","Barrage+1","Loop+1","Skim","Capacitor+1","Consume+1","Consume+1","BootSequence+1","Sunder"],"relics":["Cracked Core","Blood Vial","Pen Nib","Pear","Bottled Flame","Sozu","Bag of Preparation","Orichalcum","Ornamental Fan","Juzu Bracelet"],"potions_floor_usage":[6,6,33],"damage_taken":[{"damage":0,"enemies":"Small Slimes","floor":1,"turns":3},{"damage":1,"enemies":"Cultist","floor":4,"turns":3},{"damage":7,"enemies":"2 Louse","floor":5,"turns":2},{"damage":20,"enemies":"Lagavulin","floor":6,"turns":4},{"damage":0,"enemies":"Large Slime","floor":13,"turns":4},{"damage":5,"enemies":"Slime Boss","floor":16,"turns":6},{"damage":21,"enemies":"3 Byrds","floor":18,"turns":4},{"damage":3,"enemies":"Chosen","floor":21,"turns":4},{"damage":13,"enemies":"Gremlin Leader","floor":24,"turns":6},{"damage":44,"enemies":"Book of Stabbing","floor":28,"turns":5},{"damage":20,"enemies":"3 Cultists","floor":31,"turns":5},{"damage":36,"enemies":"Champ","floor":33,"turns":6}],"seed_played":"7392308553264002451","potions_obtained":[{"floor":4,"key":"Strength Potion"},{"floor":5,"key":"SpeedPotion"},{"floor":13,"key":"Ancient Potion"}],"is_trial":false,"path_per_floor":["M","?","$","M","M","E","R","$","T","R","?","R","M","T","R","B",null,"M","?","?","M","$","R","E","R","T","R","E","R","?","M","R"],"character_chosen":"DEFECT","items_purchased":["Capacitor","Consume"],"campfire_rested":2,"item_purchase_floors":[22,22],"current_hp_per_floor":[68,68,68,67,60,40,40,40,40,40,43,43,45,45,45,42,74,55,55,55,54,54,54,43,43,43,43,1,26,26,8,33,0],"gold":47,"neow_bonus":"","is_prod":false,"is_daily":false,"chose_seed":false,"campfire_upgraded":7,"win_rate":0,"timestamp":1539753299,"path_taken":["M","?","$","M","M","E","R","?","T","R","?","R","M","?","R","BOSS","M","?","?","M","$","R","E","R","T","R","E","R","?","M","R","BOSS"],"build_version":"2018-10-11","purchased_purges":2,"victory":false,"max_hp_per_floor":[75,75,75,75,75,75,75,75,75,75,85,85,85,85,85,85,85,85,85,85,85,85,85,85,85,85,85,85,85,85,85,85,85],"card_choices":[{"not_picked":["Barrage","Stack"],"picked":"Gash","floor":1},{"not_picked":["Sweeping Beam","Melter"],"picked":"Ball Lightning","floor":4},{"not_picked":["Coolheaded","Auto Shields"],"picked":"Go for the Eyes","floor":5},{"not_picked":["Sweeping Beam","Redo"],"picked":"Streamline","floor":6},{"not_picked":["Sunder","Tempest"],"picked":"Leap","floor":13},{"not_picked":["Seek","Amplify"],"picked":"Core Surge","floor":16},{"not_picked":["Stack+1","Sweeping Beam"],"picked":"Barrage+1","floor":18},{"not_picked":["Go for the Eyes+1","Turbo+1"],"picked":"Skim","floor":21},{"not_picked":["Doom and Gloom","Ball Lightning+1"],"picked":"Consume+1","floor":24},{"not_picked":["Recycle","Coolheaded+1"],"picked":"BootSequence+1","floor":28},{"not_picked":["All For One","Barrage"],"picked":"Sunder","floor":31}],"player_experience":277375,"relics_obtained":[{"floor":6,"key":"Blood Vial"},{"floor":9,"key":"Pen Nib"},{"floor":14,"key":"Bottled Flame"},{"floor":24,"key":"Bag of Preparation"},{"floor":26,"key":"Orichalcum"},{"floor":28,"key":"Ornamental Fan"}],"event_choices":[{"event_name":"The Cleric","player_choice":"Card Removal","floor":2,"damage_taken":0},{"event_name":"Scrap Ooze","player_choice":"success","floor":11,"damage_taken":7},{"event_name":"The Library","player_choice":"Read","floor":19,"damage_taken":0},{"event_name":"Ghosts","player_choice":"Ignored","floor":20,"damage_taken":0},{"event_name":"Addict","player_choice":"Obtained Relic","floor":30,"damage_taken":0}],"is_beta":false,"boss_relics":[{"not_picked":["Astrolabe","FrozenCore"],"picked":"Sozu"}],"items_purged_floors":[8,22],"is_endless":false,"potions_floor_spawned":[4,5,13,18,24,31],"killed_by":"Champ","ascension_level":7}