{"gold_per_floor":[111,111,34,34,52,52,0,17,17,34,65,65,65,78,78,157,207,224,242,252,3,3,3,0,18,18,33,60,60,85,45,45,122,122,132,132,132,152,152,152],"floor_reached":40,"playtime":2921,"items_purged":["Strike_G"],"score":948,"play_id":"e8a74e43-ff9e-4704-ae07-52cde245289d","local_time":"20190219105648","is_ascension_mode":true,"campfire_choices":[{"data":"Leg Sweep","floor":6.0,"key":"SMITH"},{"floor":12.0,"key":"REST"},{"data":"Backflip","floor":15.0,"key":"SMITH"},{"floor":23.0,"key":"REST"},{"floor":29.0,"key":"REST"},{"floor":32.0,"key":"REST"}],"neow_cost":"NONE","seed_source_timestamp":304642046278058,"circlet_count":0,"master_deck":["AscendersBane","Defend_G","Defend_G","Defend_G","Defend_G","Strike_G","Strike_G","Strike_G","Strike_G","Survivor","Leg Sweep+1","Crippling Poison","Backflip+1","Backstab","Heel Hook","Malaise","Cloak And Dagger","Noxious Fumes","Terror","Noxious Fumes","Leg Sweep","Envenom","Bouncing Flask","Discovery","Backstab"],"special_seed":0,"relics":["Black Star","Ninja Scroll","Mercury Hourglass","Paper Crane","Gambling Chip","Tiny House","Nilry\u0027s Codex","Regal Pillow","Shuriken","Bottled Tornado","Anchor","Dodecahedron","HoveringKite"],"potions_floor_usage":[40,40],"damage_taken":[{"damage":3.0,"enemies":"2 Louse","floor":1.0,"turns":4.0},{"damage":0.0,"enemies":"Jaw Worm","floor":5.0,"turns":6.0},{"damage":0.0,"enemies":"Cultist","floor":8.0,"turns":4.0},{"damage":0.0,"enemies":"Blue Slaver","floor":10.0,"turns":4.0},{"damage":20.0,"enemies":"3 Sentries","floor":11.0,"turns":7.0},{"damage":0.0,"enemies":"3 Louse","floor":14.0,"turns":2.0},{"damage":0.0,"enemies":"The Guardian","floor":16.0,"turns":19.0},{"damage":3.0,"enemies":"Shell Parasite","floor":18.0,"turns":8.0},{"damage":2.0,"enemies":"Chosen","floor":19.0,"turns":7.0},{"damage":6.0,"enemies":"Snake Plant","floor":20.0,"turns":8.0},{"damage":11.0,"enemies":"Snecko","floor":25.0,"turns":8.0},{"damage":23.0,"enemies":"Cultist and Chosen","floor":27.0,"turns":7.0},{"damage":11.0,"enemies":"Gremlin Leader","floor":28.0,"turns":6.0},{"damage":23.0,"enemies":"Slavers","floor":30.0,"turns":5.0},{"damage":47.0,"enemies":"Champ","floor":33.0,"turns":14.0},{"damage":31.0,"enemies":"Orb Walker","floor":35.0,"turns":5.0},{"damage":0.0,"enemies":"3 Shapes","floor":38.0,"turns":4.0},{"damage":27,"enemies":"Reptomancer","floor":40,"turns":3}],"seed_played":"7504783430656051954","potions_obtained":[{"floor":8.0,"key":"LiquidBronze"},{"floor":10.0,"key":"EssenceOfSteel"},{"floor":16.0,"key":"Swift Potion"},{"floor":17.0,"key":"FairyPotion"},{"floor":20.0,"key":"Energy Potion"},{"floor":25.0,"key":"PowerPotion"},{"floor":28.0,"key":"LiquidBronze"},{"floor":33.0,"key":"Strength Potion"},{"floor":35.0,"key":"Energy Potion"}],"is_trial":false,"path_per_floor":["M","?","$","?","M","R","?","M","T","M","E","R","?","M","R","B",null,"M","M","M","$","?","R","?","M","T","M","E","R","E","$","R","B",null,"M","?","?","M","?","E"],"character_chosen":"THE_SILENT","items_purchased":["Crippling Poison","Noxious Fumes","Terror","Leg Sweep"],"campfire_rested":4,"item_purchase_floors":[3,21,21,31],"current_hp_per_floor":[56,56,56,56,56,56,56,56,56,56,36,55,55,55,55,55,68,65,63,57,57,36,57,57,46,46,23,12,48,25,25,61,14,57,26,26,26,26,26,0],"gold":152,"neow_bonus":"BOSS_RELIC","is_prod":false,"is_daily":false,"chose_seed":false,"campfire_upgraded":2,"win_rate":0,"timestamp":1550602608,"path_taken":["M","?","$","?","M","R","?","?","T","M","E","R","?","M","R","BOSS","M","M","M","$","?","R","?","M","T","M","E","R","E","$","R","BOSS","M","?","?","M","?","E"],"build_version":"2019-01-23","purchased_purges":1,"victory":false,"max_hp_per_floor":[66,66,66,66,66,66,66,66,66,66,66,66,66,66,66,66,71,71,71,71,71,71,71,71,71,71,71,71,71,71,71,71,71,71,71,71,71,71,71,71],"card_choices":[{"not_picked":["Flying Knee","Underhanded Strike"],"picked":"Leg Sweep","floor":1.0},{"not_picked":["Underhanded Strike","Masterful Stab","Quick Slash"],"picked":"SKIP","floor":5.0},{"not_picked":["Bane","Dagger Spray","Dagger Throw"],"picked":"SKIP","floor":8.0},{"not_picked":["Bane","Predator"],"picked":"Backflip","floor":10.0},{"not_picked":["Catalyst","Malaise"],"picked":"Backstab","floor":11.0},{"not_picked":["Sucker Punch","Endless Agony"],"picked":"Heel Hook","floor":14.0},{"not_picked":["Die Die Die","Bullet Time"],"picked":"Malaise","floor":16.0},{"not_picked":["Infinite Blades","Escape Plan"],"picked":"Cloak And Dagger","floor":17.0},{"not_picked":["Slice","Acrobatics","Underhanded Strike"],"picked":"SKIP","floor":18.0},{"not_picked":["Dagger Spray","Eviscerate","Outmaneuver"],"picked":"SKIP","floor":19.0},{"not_picked":["Eviscerate","Cloak And Dagger","Blade Dance"],"picked":"SKIP","floor":20.0},{"not_picked":["Predator","Caltrops+1"],"picked":"Noxious Fumes","floor":25.0},{"not_picked":["Poisoned Stab","Heel Hook","Infinite Blades"],"picked":"SKIP","floor":27.0},{"not_picked":["Dagger Throw","Doppelganger","Finisher"],"picked":"SKIP","floor":28.0},{"not_picked":["Acrobatics","All Out Attack","Prepared"],"picked":"SKIP","floor":30.0},{"not_picked":["Glass Knife","Tools of the Trade"],"picked":"Envenom","floor":33.0},{"not_picked":["Concentrate","Calculated Gamble"],"picked":"Bouncing Flask","floor":35.0},{"not_picked":["Deep Breath","Jack Of All Trades"],"picked":"Discovery","floor":37.0},{"not_picked":["Dagger Throw","Distraction+1"],"picked":"Backstab","floor":38.0}],"player_experience":729830,"relics_obtained":[{"floor":9.0,"key":"Mercury Hourglass"},{"floor":11.0,"key":"Paper Crane"},{"floor":11.0,"key":"Gambling Chip"},{"floor":22.0,"key":"Nilry\u0027s Codex"},{"floor":26.0,"key":"Regal Pillow"},{"floor":28.0,"key":"Shuriken"},{"floor":28.0,"key":"Bottled Tornado"},{"floor":30.0,"key":"Anchor"},{"floor":30.0,"key":"Dodecahedron"}],"event_choices":[{"damage_healed":0.0,"max_hp_gain":0.0,"max_hp_loss":0.0,"gold_gain":0.0,"event_name":"Golden Idol","player_choice":"Ignored","floor":2.0,"gold_loss":0.0,"damage_taken":0.0},{"damage_healed":0.0,"max_hp_gain":0.0,"max_hp_loss":0.0,"gold_gain":0.0,"event_name":"The Cleric","player_choice":"Leave","floor":4.0,"gold_loss":0.0,"damage_taken":0.0},{"damage_healed":0.0,"max_hp_gain":0.0,"max_hp_loss":0.0,"gold_gain":0.0,"event_name":"WeMeetAgain","player_choice":"Paid Gold","floor":7.0,"gold_loss":52.0,"damage_taken":0.0,"relics_obtained":["Ninja Scroll"]},{"cards_removed":["Defend_G"],"damage_healed":0.0,"max_hp_gain":0.0,"max_hp_loss":0.0,"gold_gain":0.0,"event_name":"Living Wall","player_choice":"Forget","floor":13.0,"gold_loss":0.0,"damage_taken":0.0},{"damage_healed":0.0,"max_hp_gain":0.0,"max_hp_loss":0.0,"gold_gain":0.0,"event_name":"Cursed Tome","player_choice":"Obtained Book","floor":22.0,"gold_loss":0.0,"damage_taken":21.0},{"damage_healed":0.0,"max_hp_gain":0.0,"max_hp_loss":0.0,"gold_gain":0.0,"event_name":"Masked Bandits","player_choice":"Paid Fearfully","floor":24.0,"gold_loss":3.0,"damage_taken":0.0},{"damage_healed":0.0,"max_hp_gain":0.0,"max_hp_loss":0.0,"gold_gain":0.0,"event_name":"The Moai Head","player_choice":"Ignored","floor":36.0,"gold_loss":0.0,"damage_taken":0.0},{"damage_healed":0.0,"max_hp_gain":0.0,"max_hp_loss":0.0,"gold_gain":0.0,"event_name":"SensoryStone","player_choice":"Memory 1","floor":37.0,"gold_loss":0.0,"damage_taken":0.0},{"cards_removed":["Neutralize"],"damage_healed":0.0,"max_hp_gain":0.0,"max_hp_loss":0.0,"gold_gain":0.0,"event_name":"Falling","player_choice":"Removed Attack","floor":39.0,"gold_loss":0.0,"damage_taken":0.0}],"is_beta":false,"boss_relics":[{"not_picked":["Runic Pyramid","White Beast Statue"],"picked":"Tiny House"},{"not_picked":["Coffee Dripper","Philosopher\u0027s Stone"],"picked":"HoveringKite"}],"items_purged_floors":[21],"is_endless":false,"potions_floor_spawned":[8,10,16,20,25,28,33,35,38],"killed_by":"Reptomancer","ascension_level":20}