{"gold_per_floor":[112,37,37,37,50,50,79,79,105,137,165,177,209,237,249,356,368,366,378,108,122,122,122,122],"floor_reached":24,"playtime":1066,"items_purged":["Strike_G","Decay"],"score":206,"play_id":"d85a10e7-a213-46fb-af05-469c58300317","local_time":"20190109035602","is_ascension_mode":true,"campfire_choices":[{"data":"Catalyst","floor":6,"key":"SMITH"},{"floor":12,"key":"REST"},{"floor":15,"key":"REST"},{"floor":23,"key":"REST"}],"neow_cost":"NONE","seed_source_timestamp":367468489456688,"circlet_count":0,"master_deck":["Defend_G","Defend_G","Defend_G","Defend_G+1","Defend_G","Strike_G","Survivor","Neutralize","Deadly Poison+1","Catalyst+1","Slice","Noxious Fumes","Deadly Poison","Dash","Bullet Time","Reflex+1","Sucker Punch+1","Cloak And Dagger+1","Poisoned Stab+1","Well Laid Plans","Footwork","PiercingWail","Deflect","Flying Knee","Deadly Poison"],"relics":["Ring of the Snake","Shovel","MawBank","Astrolabe"],"potions_floor_usage":[16],"damage_taken":[{"damage":0,"enemies":"Small Slimes","floor":1,"turns":5},{"damage":0,"enemies":"2 Louse","floor":5,"turns":3},{"damage":41,"enemies":"3 Sentries","floor":7,"turns":14},{"damage":3,"enemies":"Cultist","floor":10,"turns":3},{"damage":8,"enemies":"Lots of Slimes","floor":11,"turns":4},{"damage":21,"enemies":"Large Slime","floor":13,"turns":6},{"damage":11,"enemies":"3 Louse","floor":14,"turns":4},{"damage":14,"enemies":"Hexaghost","floor":16,"turns":7},{"damage":18,"enemies":"2 Thieves","floor":18,"turns":4},{"damage":0,"enemies":"Shell Parasite","floor":21,"turns":5},{"damage":21,"enemies":"Colosseum Slavers","floor":22,"turns":6},{"damage":78,"enemies":"Gremlin Leader","floor":24,"turns":4}],"seed_played":"9106590630850166651","potions_obtained":[{"floor":5,"key":"LiquidBronze"},{"floor":7,"key":"Ancient Potion"},{"floor":16,"key":"Dexterity Potion"}],"is_trial":false,"path_per_floor":["M","$","?","?","M","R","E","?","T","M","M","R","M","M","R","B",null,"M","?","$","M","?","R","E"],"character_chosen":"THE_SILENT","items_purchased":["Footwork","PiercingWail","Deflect","Flying Knee"],"campfire_rested":3,"item_purchase_floors":[20,20,20,20],"current_hp_per_floor":[77,77,82,66,66,66,25,25,25,22,14,38,17,6,30,16,82,64,64,64,64,43,67,0],"gold":122,"neow_bonus":"TEN_PERCENT_HP_BONUS","is_prod":false,"is_daily":false,"chose_seed":false,"campfire_upgraded":1,"win_rate":0,"timestamp":1547024162,"path_taken":["M","$","?","?","M","R","E","?","T","?","?","R","M","M","R","BOSS","M","?","$","M","?","R","E"],"build_version":"2019-01-03v4","purchased_purges":2,"victory":false,"max_hp_per_floor":[77,77,82,82,82,82,82,82,82,82,82,82,82,82,82,82,82,82,82,82,82,82,82,82],"card_choices":[{"not_picked":["Dodge and Roll","Quick Slash"],"picked":"Deadly Poison","floor":1},{"not_picked":["Leg Sweep","Accuracy"],"picked":"Catalyst","floor":5},{"not_picked":["Backstab","Dagger Spray"],"picked":"Slice","floor":7},{"not_picked":["Blade Dance","Terror"],"picked":"Noxious Fumes","floor":10},{"not_picked":["Bane","Flying Knee"],"picked":"Deadly Poison","floor":11},{"not_picked":["Infinite Blades","Bane","Dagger Spray"],"picked":"SKIP","floor":13},{"not_picked":["Doppelganger","Infinite Blades"],"picked":"Dash","floor":14},{"not_picked":["Tools of the Trade","After Image"],"picked":"Bullet Time","floor":16},{"not_picked":["Sucker Punch+1","Distraction+1"],"picked":"Poisoned Stab+1","floor":18},{"not_picked":["Expertise","Predator+1"],"picked":"Deadly Poison","floor":21}],"player_experience":479365,"relics_obtained":[{"floor":7,"key":"Shovel"},{"floor":9,"key":"MawBank"}],"event_choices":[{"damage_healed":0,"gold_gain":0,"player_choice":"Donut","damage_taken":0,"max_hp_gain":5,"max_hp_loss":0,"event_name":"Big Fish","floor":3,"gold_loss":0},{"damage_healed":0,"gold_gain":0,"player_choice":"Entered Light","damage_taken":16,"max_hp_gain":0,"max_hp_loss":0,"event_name":"Shining Light","floor":4,"gold_loss":0,"cards_upgraded":["Defend_G","Deadly Poison"]},{"damage_healed":0,"gold_gain":0,"player_choice":"Cursed","damage_taken":0,"max_hp_gain":0,"max_hp_loss":0,"event_name":"Wheel of Change","floor":8,"gold_loss":0,"cards_obtained":["Decay"]},{"damage_healed":0,"gold_gain":0,"player_choice":"Read","damage_taken":0,"max_hp_gain":0,"max_hp_loss":0,"event_name":"The Library","floor":19,"gold_loss":0,"cards_obtained":["Well Laid Plans"]},{"damage_healed":0,"gold_gain":0,"player_choice":"Fight","damage_taken":0,"max_hp_gain":0,"max_hp_loss":0,"event_name":"Colosseum","floor":22,"gold_loss":0},{"damage_healed":0,"gold_gain":0,"player_choice":"Fled From Nobs","damage_taken":0,"max_hp_gain":0,"max_hp_loss":0,"event_name":"Colosseum","floor":22,"gold_loss":0}],"is_beta":false,"boss_relics":[{"not_picked":["Runic Pyramid","Fusion Hammer"],"picked":"Astrolabe"}],"items_purged_floors":[2,20],"is_endless":false,"potions_floor_spawned":[5,7,16],"killed_by":"Gremlin Leader","ascension_level":1}