{"gold_per_floor":[118,118,68,81,81,81,113,61,61,61,79,4,17,28,28,131,131,149,169,169,64,77,77],"floor_reached":23,"playtime":1521,"items_purged":["Strike_R"],"score":296,"play_id":"e48df0f1-096e-4895-ae4e-9e2806bd7a04","local_time":"20181115184944","is_ascension_mode":true,"campfire_choices":[{"data":"Shrug It Off","floor":6,"key":"SMITH"},{"data":"True Grit","floor":10,"key":"SMITH"},{"data":"Disarm","floor":15,"key":"SMITH"}],"neow_cost":"NONE","seed_source_timestamp":31478734362967,"circlet_count":0,"master_deck":["AscendersBane","Defend_R","Defend_R","Defend_R","Defend_R","Bash+1","Barricade","Disarm+1","Shrug It Off+1","True Grit+1","Armaments","Shrug It Off","Demon Form","True Grit","Sentinel","Searing Blow","Metallicize"],"relics":["Burning Blood","Oddly Smooth Stone","Dodecahedron","Empty Cage"],"potions_floor_usage":[23],"damage_taken":[{"damage":2,"enemies":"2 Louse","floor":1,"turns":3},{"damage":12,"enemies":"Small Slimes","floor":4,"turns":4},{"damage":15,"enemies":"Lagavulin","floor":7,"turns":10},{"damage":6,"enemies":"Jaw Worm","floor":11,"turns":5},{"damage":15,"enemies":"Exordium Thugs","floor":13,"turns":15},{"damage":14,"enemies":"Lots of Slimes","floor":14,"turns":9},{"damage":3,"enemies":"Hexaghost","floor":16,"turns":22},{"damage":7,"enemies":"Chosen","floor":18,"turns":12},{"damage":9,"enemies":"Shell Parasite","floor":19,"turns":13},{"damage":10,"enemies":"Snake Plant","floor":22,"turns":9},{"damage":62,"enemies":"Slavers","floor":23,"turns":5}],"seed_played":"5987500709598517761","potions_obtained":[{"floor":1,"key":"Weak Potion"},{"floor":4,"key":"EssenceOfSteel"},{"floor":11,"key":"Block Potion"}],"is_trial":false,"path_per_floor":["M","?","?","M","?","R","E","$","T","R","M","$","M","M","R","B",null,"M","M","?","$","M","E"],"character_chosen":"IRONCLAD","items_purchased":["Armaments","Searing Blow","Metallicize"],"campfire_rested":0,"item_purchase_floors":[8,21,21],"current_hp_per_floor":[76,76,76,70,63,63,54,54,54,54,54,54,45,37,37,40,70,69,66,63,63,59,0],"gold":77,"neow_bonus":"ONE_RANDOM_RARE_CARD","is_prod":false,"is_daily":false,"chose_seed":false,"campfire_upgraded":3,"win_rate":0,"timestamp":1542325784,"path_taken":["M","?","?","M","?","R","E","$","T","R","M","$","?","M","R","BOSS","M","M","?","$","M","E"],"build_version":"2018-11-14","purchased_purges":1,"victory":false,"max_hp_per_floor":[80,80,80,80,80,80,80,80,80,80,80,80,80,80,80,80,80,80,80,80,80,80,80],"card_choices":[{"not_picked":["Thunderclap","Havoc"],"picked":"Disarm","floor":1},{"not_picked":["Pommel Strike","Heavy Blade"],"picked":"Shrug It Off","floor":4},{"not_picked":["Uppercut","Intimidate"],"picked":"True Grit","floor":7},{"not_picked":["Pommel Strike","Cleave"],"picked":"Shrug It Off","floor":11},{"not_picked":["Wild Strike","Second Wind","Rupture"],"picked":"SKIP","floor":13},{"not_picked":["Dual Wield","Blood for Blood","Twin Strike"],"picked":"SKIP","floor":14},{"not_picked":["Fiend Fire","Double Tap"],"picked":"Demon Form","floor":16},{"not_picked":["Cleave+1","Shrug It Off"],"picked":"True Grit","floor":18},{"not_picked":["Evolve","Perfected Strike"],"picked":"Sentinel","floor":19},{"not_picked":["Spot Weakness","Flex+1","Havoc"],"picked":"SKIP","floor":22}],"player_experience":370111,"relics_obtained":[{"floor":7,"key":"Oddly Smooth Stone"},{"floor":9,"key":"Dodecahedron"}],"event_choices":[{"damage_healed":0,"gold_gain":0,"player_choice":"Grow","damage_taken":0,"max_hp_gain":0,"max_hp_loss":0,"event_name":"Living Wall","floor":2,"gold_loss":0,"cards_upgraded":["Bash"]},{"cards_removed":["Strike_R"],"damage_healed":0,"gold_gain":0,"player_choice":"Card Removal","damage_taken":0,"max_hp_gain":0,"max_hp_loss":0,"event_name":"The Cleric","floor":3,"gold_loss":50},{"cards_removed":["Strike_R"],"damage_healed":0,"gold_gain":0,"player_choice":"Card Removal","damage_taken":7,"max_hp_gain":0,"max_hp_loss":0,"event_name":"Golden Wing","floor":5,"gold_loss":0},{"damage_healed":0,"gold_gain":0,"player_choice":"Punched","damage_taken":3,"max_hp_gain":0,"max_hp_loss":0,"event_name":"Designer","floor":20,"gold_loss":0}],"is_beta":true,"boss_relics":[{"not_picked":["Fusion Hammer","Eternal Feather"],"picked":"Empty Cage"}],"items_purged_floors":[12],"is_endless":false,"potions_floor_spawned":[1,4,11,18],"killed_by":"Slavers","ascension_level":11}