{"path_per_floor":["M","?","$","M","$","E","R","M","T","E","M","R","E","M","R","B",null,"M","?","$","M","M","R","?","E","T","R","$","M","E","M","R"],"character_chosen":"IRONCLAD","items_purchased":["Twin Strike","Rampage","Pear"],"gold_per_floor":[117,117,91,105,30,56,56,74,74,105,120,120,151,166,166,267,267,287,387,27,40,58,58,58,93,93,93,43,53,87,98,98,98],"floor_reached":33,"campfire_rested":5,"playtime":1272,"current_hp_per_floor":[80,73,73,67,67,51,75,69,83,74,60,88,74,65,65,11,94,85,85,95,91,56,87,87,81,81,104,104,95,59,26,57,0],"items_purged":["Defend_R","Defend_R","Defend_R"],"gold":98,"score":361,"play_id":"fd6ac6d4-3988-4429-a370-587a77339e38","local_time":"20180410025824","is_prod":false,"is_daily":false,"is_ascension_mode":true,"campfire_upgraded":1,"timestamp":1523350704,"path_taken":["M","?","$","M","$","E","R","M","T","E","M","R","E","M","R","BOSS","M","?","$","M","M","R","?","E","T","R","$","M","E","M","R","BOSS"],"build_version":"2018-04-05v2","purchased_purges":3,"victory":false,"master_deck":["Strike_R","Strike_R","Strike_R+1","Strike_R","Strike_R","Bash","Clash","Twin Strike","Iron Wave+1","Blood for Blood","Thunderclap","Pommel Strike","Thunderclap","Inflame","Searing Blow+1","Offering","Dark Embrace","Headbutt","Rampage","Rage+1","Perfected Strike","Anger","Rupture","Evolve","Fire Breathing","Clash+1","Reckless Charge+1","Inflame"],"max_hp_per_floor":[80,80,80,80,80,80,80,80,94,94,94,94,94,94,94,94,94,94,94,104,104,104,104,104,104,104,104,104,104,104,104,104,104],"relics":["Burning Blood","Dream Catcher","Whetstone","Mango","Bag of Preparation","Smiling Mask","Black Star","Pear","Molten Egg 2","Self Forming Clay","Gremlin Horn","Dodecahedron","Mummified Hand"],"card_choices":[{"not_picked":["Feel No Pain","Twin Strike"],"picked":"Clash","floor":1},{"not_picked":["True Grit","Metallicize"],"picked":"Iron Wave","floor":4},{"not_picked":["Sword Boomerang","Cleave"],"picked":"Blood for Blood","floor":7},{"not_picked":["Hemokinesis","Reckless Charge"],"picked":"Thunderclap","floor":8},{"not_picked":["Feel No Pain","Clothesline"],"picked":"Pommel Strike","floor":10},{"not_picked":["Clothesline","Headbutt"],"picked":"Thunderclap","floor":11},{"not_picked":["Heavy Blade","Hemokinesis"],"picked":"Inflame","floor":12},{"not_picked":["Armaments","Shrug It Off"],"picked":"Searing Blow","floor":13},{"not_picked":["Armaments","Thunderclap"],"picked":"Offering","floor":14},{"not_picked":["Barricade","Limit Break"],"picked":"Dark Embrace","floor":16},{"not_picked":["Wild Strike","Metallicize"],"picked":"Headbutt","floor":18},{"not_picked":["Shrug It Off","Wild Strike"],"picked":"Rage","floor":21},{"not_picked":["Pummel","Warcry"],"picked":"Perfected Strike","floor":22},{"not_picked":["Armaments","True Grit"],"picked":"Anger","floor":23},{"not_picked":["Shrug It Off","Reckless Charge"],"picked":"Rupture","floor":25},{"not_picked":["Intimidate","Wild Strike"],"picked":"Evolve","floor":27},{"not_picked":["Clothesline","Feed"],"picked":"Fire Breathing","floor":29},{"not_picked":["Uppercut","Carnage"],"picked":"Clash","floor":30},{"not_picked":["Clothesline","Heavy Blade"],"picked":"Reckless Charge","floor":31},{"not_picked":["Clothesline","Pommel Strike"],"picked":"Inflame","floor":32}],"player_experience":249491,"potions_floor_usage":[16,16,22,22,25],"damage_taken":[{"damage":1,"enemies":"2 Louse","floor":1,"turns":2},{"damage":12,"enemies":"Small Slimes","floor":4,"turns":3},{"damage":22,"enemies":"Gremlin Nob","floor":6,"turns":4},{"damage":12,"enemies":"Jaw Worm","floor":8,"turns":2},{"damage":15,"enemies":"3 Sentries","floor":10,"turns":5},{"damage":20,"enemies":"Exordium Thugs","floor":11,"turns":3},{"damage":20,"enemies":"Gremlin Nob","floor":13,"turns":4},{"damage":15,"enemies":"Gremlin Gang","floor":14,"turns":3},{"damage":60,"enemies":"The Guardian","floor":16,"turns":11},{"damage":15,"enemies":"Spheric Guardian","floor":18,"turns":3},{"damage":10,"enemies":"3 Byrds","floor":21,"turns":3},{"damage":41,"enemies":"Snake Plant","floor":22,"turns":4},{"damage":12,"enemies":"Gremlin Leader","floor":25,"turns":7},{"damage":15,"enemies":"Centurion and Healer","floor":29,"turns":4},{"damage":42,"enemies":"Slavers","floor":30,"turns":4},{"damage":39,"enemies":"Slaver and Parasite","floor":31,"turns":4},{"damage":72,"enemies":"Collector","floor":33,"turns":6}],"event_choices":[{"event_name":"Golden Wing","player_choice":"Card Removal","floor":2,"damage_taken":0},{"event_name":"Golden Shrine","player_choice":"Pray","floor":19,"damage_taken":0},{"event_name":"Beggar","player_choice":"Ignored","floor":24,"damage_taken":0}],"boss_relics":[{"not_picked":["Runic Pyramid","Runic Dome"],"picked":"Black Star"}],"potions_floor_spawned":[1,8,13,21,22],"seed_played":"8047541091977412611","killed_by":"Collector","ascension_level":2,"is_trial":false}