{"gold_per_floor":[110,110,110,22,41,41,60,79,79,119,132,132,166,181,181,181],"floor_reached":16,"playtime":621,"items_purged":[],"score":123,"play_id":"7bcabaea-4fe7-4098-bb85-ecf2d5031e72","local_time":"20190130204759","is_ascension_mode":true,"campfire_choices":[{"floor":6,"key":"RECALL"},{"floor":12,"key":"REST"},{"floor":15,"key":"REST"}],"neow_cost":"NONE","seed_source_timestamp":1891544178726857,"circlet_count":0,"master_deck":["Strike_R","Strike_R","Strike_R","Strike_R","Strike_R","Defend_R","Defend_R","Defend_R","Bash+1","Finesse","Armaments","Searing Blow","Shrug It Off"],"relics":["Burning Blood","Golden Idol","Frozen Egg 2","Boot"],"potions_floor_usage":[11,13],"damage_taken":[{"damage":7,"enemies":"Jaw Worm","floor":1,"turns":3},{"damage":18,"enemies":"Small Slimes","floor":5,"turns":3},{"damage":1,"enemies":"Cultist","floor":7,"turns":3},{"damage":9,"enemies":"2 Fungi Beasts","floor":8,"turns":4},{"damage":15,"enemies":"Gremlin Nob","floor":10,"turns":4},{"damage":6,"enemies":"Blue Slaver","floor":11,"turns":4},{"damage":53,"enemies":"Lagavulin","floor":13,"turns":7},{"damage":28,"enemies":"Gremlin Gang","floor":14,"turns":6},{"damage":27,"enemies":"Hexaghost","floor":16,"turns":10}],"seed_played":"6988214680706087024","potions_obtained":[{"floor":7,"key":"AttackPotion"},{"floor":11,"key":"Regen Potion"}],"is_trial":false,"path_per_floor":["M","?","?","$","M","R","M","M","T","E","M","R","E","M","R","B"],"character_chosen":"IRONCLAD","items_purchased":["Finesse"],"campfire_rested":2,"item_purchase_floors":[4],"current_hp_per_floor":[79,59,59,59,47,47,52,49,49,40,40,64,31,9,33,6],"gold":181,"neow_bonus":"REMOVE_CARD","is_prod":false,"is_daily":false,"chose_seed":false,"campfire_upgraded":0,"win_rate":0,"timestamp":1548899279,"path_taken":["M","?","?","$","M","R","M","M","T","E","M","R","E","M","R","BOSS"],"build_version":"2019-01-23","purchased_purges":0,"victory":false,"max_hp_per_floor":[80,80,80,80,80,80,80,80,80,80,80,80,80,80,80,80],"card_choices":[{"not_picked":["Headbutt","Perfected Strike","Rage"],"picked":"SKIP","floor":1},{"not_picked":["Pommel Strike","Clothesline"],"picked":"Armaments","floor":5},{"not_picked":["Pommel Strike","Rupture","Wild Strike"],"picked":"SKIP","floor":7},{"not_picked":["Anger","Second Wind","Havoc"],"picked":"SKIP","floor":8},{"not_picked":["Twin Strike","Heavy Blade"],"picked":"Searing Blow","floor":10},{"not_picked":["Burning Pact","Clash","Anger"],"picked":"SKIP","floor":11},{"not_picked":["Heavy Blade","Sword Boomerang","Hemokinesis"],"picked":"SKIP","floor":13},{"not_picked":["Flex","Thunderclap"],"picked":"Shrug It Off","floor":14}],"player_experience":123289,"relics_obtained":[{"floor":10,"key":"Frozen Egg 2"},{"floor":13,"key":"Boot"}],"event_choices":[{"damage_healed":0,"gold_gain":0,"player_choice":"Take Damage","damage_taken":20,"relics_obtained":["Golden Idol"],"max_hp_gain":0,"max_hp_loss":0,"event_name":"Golden Idol","floor":2,"gold_loss":0},{"damage_healed":0,"gold_gain":0,"player_choice":"Forge","damage_taken":0,"max_hp_gain":0,"max_hp_loss":0,"event_name":"Accursed Blacksmith","floor":3,"gold_loss":0,"cards_upgraded":["Bash"]}],"is_beta":false,"boss_relics":[],"items_purged_floors":[],"is_endless":false,"potions_floor_spawned":[7,11],"killed_by":"Hexaghost","ascension_level":2}