{"gold_per_floor":[115,115,127,140,140,140,160,160,160,178,213,232,245,277,277,354,354,365,255,274,26,26,26,52,52,52,64,79,105,118,168,168,242,242,260,279,279,11,31,57,57,57,57,70,70],"floor_reached":45,"playtime":2854,"items_purged":["Strike_G","Defend_G"],"score":940,"play_id":"bb7f7ade-e877-4fcc-a492-8f1496a0c843","local_time":"20190219183150","is_ascension_mode":true,"campfire_choices":[{"data":"Tools of the Trade","floor":6.0,"key":"SMITH"},{"data":"Cloak And Dagger","floor":8.0,"key":"SMITH"},{"data":"Calculated Gamble","floor":15.0,"key":"SMITH"},{"data":"Dagger Spray","floor":23.0,"key":"SMITH"},{"data":"Adrenaline","floor":25.0,"key":"SMITH"},{"floor":32.0,"key":"REST"},{"floor":41.0,"key":"REST"}],"neow_cost":"NONE","seed_source_timestamp":155965754425758,"circlet_count":0,"master_deck":["AscendersBane","Defend_G","Defend_G","Defend_G","Defend_G","Survivor","Neutralize","Quick Slash+1","Cloak And Dagger+1","Tools of the Trade+1","Deadly Poison","Noxious Fumes","Poisoned Stab","Calculated Gamble+1","Footwork","Well Laid Plans","Adrenaline+1","Dagger Spray+1","Dagger Throw","Expertise","Deflect","Infinite Blades","Footwork","Poisoned Stab","All Out Attack","Adrenaline","Bane+1","Bouncing Flask","Quick Slash+1","Riddle With Holes","Panacea"],"special_seed":0,"relics":["Ring of the Snake","NeowsBlessing","Gremlin Horn","Bottled Tornado","Mercury Hourglass","Busted Crown","Snake Skull","Oddly Smooth Stone","Singing Bowl","Dream Catcher","WristBlade","Shuriken"],"potions_floor_usage":[],"damage_taken":[{"damage":0.0,"enemies":"Jaw Worm","floor":1.0,"turns":1.0},{"damage":0.0,"enemies":"Cultist","floor":3.0,"turns":1.0},{"damage":0.0,"enemies":"2 Louse","floor":4.0,"turns":1.0},{"damage":8.0,"enemies":"Exordium Thugs","floor":7.0,"turns":7.0},{"damage":8.0,"enemies":"Exordium Wildlife","floor":10.0,"turns":6.0},{"damage":11.0,"enemies":"3 Sentries","floor":11.0,"turns":7.0},{"damage":1.0,"enemies":"3 Louse","floor":12.0,"turns":3.0},{"damage":3.0,"enemies":"Exordium Thugs","floor":13.0,"turns":5.0},{"damage":10.0,"enemies":"Gremlin Nob","floor":14.0,"turns":5.0},{"damage":16.0,"enemies":"Slime Boss","floor":16.0,"turns":9.0},{"damage":4.0,"enemies":"3 Byrds","floor":18.0,"turns":4.0},{"damage":6.0,"enemies":"Chosen","floor":20.0,"turns":3.0},{"damage":0.0,"enemies":"Gremlin Leader","floor":24.0,"turns":6.0},{"damage":0.0,"enemies":"Centurion and Healer","floor":27.0,"turns":6.0},{"damage":6.0,"enemies":"Snake Plant","floor":28.0,"turns":4.0},{"damage":27.0,"enemies":"Slavers","floor":29.0,"turns":4.0},{"damage":2.0,"enemies":"Chosen and Byrds","floor":30.0,"turns":5.0},{"damage":19.0,"enemies":"Automaton","floor":33.0,"turns":9.0},{"damage":0.0,"enemies":"3 Shapes","floor":35.0,"turns":5.0},{"damage":5.0,"enemies":"Orb Walker","floor":36.0,"turns":3.0},{"damage":21.0,"enemies":"Sphere and 2 Shapes","floor":39.0,"turns":5.0},{"damage":34.0,"enemies":"Nemesis","floor":40.0,"turns":5.0},{"damage":27,"enemies":"Maw","floor":44,"turns":6},{"damage":16,"enemies":"Reptomancer","floor":45,"turns":2}],"seed_played":"-3295075992356823671","potions_obtained":[{"floor":1.0,"key":"Block Potion"},{"floor":10.0,"key":"Block Potion"},{"floor":13.0,"key":"Explosive Potion"},{"floor":14.0,"key":"GhostInAJar"},{"floor":18.0,"key":"Energy Potion"},{"floor":24.0,"key":"SteroidPotion"},{"floor":28.0,"key":"Strength Potion"},{"floor":30.0,"key":"EssenceOfSteel"},{"floor":33.0,"key":"SkillPotion"},{"floor":36.0,"key":"GamblersBrew"},{"floor":39.0,"key":"LiquidBronze"}],"is_trial":false,"path_per_floor":["M","?","M","M","?","R","M","R","T","M","E","M","M","E","R","B",null,"M","?","M","$","T","R","E","R","T","M","M","E","M","?","R","B",null,"M","M","?","$","M","E","R","?","T","M","E"],"character_chosen":"THE_SILENT","items_purchased":["Expertise","Deflect","Infinite Blades","Regen Potion","Bouncing Flask"],"campfire_rested":2,"item_purchase_floors":[21,21,21,38,38],"current_hp_per_floor":[59,59,59,59,59,59,51,51,51,43,32,31,28,18,18,2,50,46,46,40,40,40,40,40,40,40,40,36,11,9,9,32,13,57,59,54,54,54,33,14,38,32,32,7,0],"gold":70,"neow_bonus":"THREE_ENEMY_KILL","is_prod":false,"is_daily":false,"chose_seed":false,"campfire_upgraded":5,"win_rate":0,"timestamp":1550619110,"path_taken":["M","?","M","?","?","R","M","R","T","?","E","M","M","E","R","BOSS","M","?","M","$","?","R","E","R","T","M","?","E","M","?","R","BOSS","M","M","?","?","M","E","R","?","T","M","E"],"build_version":"2019-01-23","purchased_purges":2,"victory":false,"max_hp_per_floor":[66,66,66,66,66,66,66,66,66,66,66,66,66,66,66,66,66,66,66,66,66,66,66,66,66,66,66,68,70,70,70,72,72,72,74,74,74,74,74,74,76,80,80,82,82],"card_choices":[{"not_picked":["Catalyst","Outmaneuver"],"picked":"Quick Slash","floor":1.0},{"not_picked":["Underhanded Strike","Masterful Stab"],"picked":"Cloak And Dagger","floor":3.0},{"not_picked":["Finisher","Acrobatics"],"picked":"Tools of the Trade","floor":4.0},{"not_picked":["Prepared","Bane"],"picked":"Deadly Poison","floor":7.0},{"not_picked":["Caltrops","Finisher"],"picked":"Noxious Fumes","floor":10.0},{"not_picked":["Storm of Steel","Noxious Fumes"],"picked":"Poisoned Stab","floor":11.0},{"not_picked":["Riddle With Holes","Escape Plan"],"picked":"Calculated Gamble","floor":12.0},{"not_picked":["Tactician","Sucker Punch"],"picked":"Footwork","floor":13.0},{"not_picked":["Blade Dance","Masterful Stab"],"picked":"Well Laid Plans","floor":14.0},{"not_picked":["Envenom","Bullet Time"],"picked":"Adrenaline","floor":16.0},{"not_picked":[],"picked":"Dagger Spray","floor":18.0},{"not_picked":[],"picked":"Dagger Throw","floor":20.0},{"not_picked":[],"picked":"Footwork","floor":24.0},{"not_picked":[],"picked":"Poisoned Stab","floor":27.0},{"not_picked":["Flying Knee"],"picked":"Singing Bowl","floor":28.0},{"not_picked":["Eviscerate"],"picked":"Singing Bowl","floor":29.0},{"not_picked":[],"picked":"All Out Attack","floor":30.0},{"not_picked":["Calculated Gamble"],"picked":"Singing Bowl","floor":32.0},{"not_picked":[],"picked":"Adrenaline","floor":33.0},{"not_picked":["Bane"],"picked":"Singing Bowl","floor":35.0},{"not_picked":[],"picked":"Bane+1","floor":36.0},{"not_picked":[],"picked":"Quick Slash+1","floor":39.0},{"not_picked":[],"picked":"Riddle With Holes","floor":40.0},{"not_picked":["Dagger Spray"],"picked":"Singing Bowl","floor":41.0},{"not_picked":["Purity"],"picked":"Singing Bowl","floor":42},{"not_picked":[],"picked":"Panacea","floor":42},{"not_picked":["Panache"],"picked":"Singing Bowl","floor":42},{"not_picked":["Slice"],"picked":"Singing Bowl","floor":44}],"player_experience":502682,"relics_obtained":[{"floor":9.0,"key":"Gremlin Horn"},{"floor":11.0,"key":"Bottled Tornado"},{"floor":14.0,"key":"Mercury Hourglass"},{"floor":22.0,"key":"Snake Skull"},{"floor":24.0,"key":"Oddly Smooth Stone"},{"floor":26.0,"key":"Singing Bowl"},{"floor":29.0,"key":"Dream Catcher"},{"floor":40.0,"key":"Shuriken"}],"event_choices":[{"cards_removed":["Strike_G"],"damage_healed":0.0,"max_hp_gain":0.0,"max_hp_loss":0.0,"gold_gain":0.0,"event_name":"Bonfire Elementals","player_choice":"Offered Basic","floor":2.0,"gold_loss":0.0,"damage_taken":0.0},{"cards_removed":["Strike_G"],"damage_healed":0.0,"max_hp_gain":0.0,"max_hp_loss":0.0,"gold_gain":0.0,"event_name":"Wheel of Change","player_choice":"Card Removal","floor":5.0,"gold_loss":0.0,"damage_taken":0.0},{"cards_removed":["Strike_G"],"damage_healed":0.0,"max_hp_gain":0.0,"max_hp_loss":0.0,"gold_gain":0.0,"event_name":"Designer","player_choice":"Upgrade and Remove","floor":19.0,"gold_loss":110.0,"damage_taken":0.0,"cards_upgraded":["Quick Slash"]},{"damage_healed":0.0,"max_hp_gain":0.0,"max_hp_loss":0.0,"gold_gain":50.0,"event_name":"Nest","player_choice":"Stole From Cult","floor":31.0,"gold_loss":0.0,"damage_taken":0.0},{"cards_removed":["Strike_G"],"damage_healed":0.0,"max_hp_gain":0.0,"max_hp_loss":0.0,"gold_gain":0.0,"event_name":"Wheel of Change","player_choice":"Card Removal","floor":37.0,"gold_loss":0.0,"damage_taken":0.0},{"damage_healed":0,"gold_gain":0,"player_choice":"Memory 3","damage_taken":10,"max_hp_gain":0,"max_hp_loss":0,"event_name":"SensoryStone","floor":42,"gold_loss":0}],"is_beta":false,"boss_relics":[{"not_picked":["Lizard Tail","Fusion Hammer"],"picked":"Busted Crown"},{"not_picked":["Sozu","Runic Dome"],"picked":"WristBlade"}],"items_purged_floors":[21,38],"is_endless":false,"potions_floor_spawned":[1,10,13,14,18,24,28,30,33,36,39],"killed_by":"Reptomancer","ascension_level":16}