{"path_per_floor":["M","?","?","?","$","E","R","T","T","R","M","$","?","?","R","B",null,"M","M","?","?","?","R","M","R","T","M","R","M","$","?","R","B",null,"M","?","M"],"character_chosen":"DEFECT","items_purchased":["Genetic Algorithm","Symbiotic Virus","Static Discharge"],"gold_per_floor":[113,188,138,138,63,98,98,175,175,175,194,114,114,114,114,212,212,229,249,249,249,278,278,289,289,313,329,329,343,61,61,61,157,157,174,174,185,185],"floor_reached":38,"campfire_rested":6,"playtime":1516,"item_purchase_floors":[12,30,30],"current_hp_per_floor":[74,63,63,63,63,13,35,35,35,57,48,48,48,48,70,28,75,75,71,71,55,60,60,1,23,23,15,37,7,7,7,29,35,75,14,66,45,0],"items_purged":["Defend_B"],"gold":185,"score":368,"play_id":"4af3e8df-a370-4d4b-8c75-e3887abdf9e9","local_time":"20180622205105","is_prod":false,"is_daily":false,"chose_seed":false,"is_ascension_mode":false,"campfire_upgraded":0,"win_rate":0,"timestamp":1529664665,"campfire_choices":[{"floor":7,"key":"REST"},{"floor":10,"key":"REST"},{"floor":15,"key":"REST"},{"floor":23,"key":"DIG"},{"floor":25,"key":"REST"},{"floor":28,"key":"REST"},{"floor":32,"key":"REST"}],"path_taken":["M","?","?","?","$","E","R","?","T","R","?","?","?","?","R","BOSS","M","M","?","?","?","R","M","R","T","M","R","M","$","?","R","BOSS","M","?","M","?"],"build_version":"2018-06-21","seed_source_timestamp":600359422706,"purchased_purges":1,"circlet_count":0,"victory":false,"master_deck":["Strike_B","Strike_B","Defend_B","Defend_B","Defend_B","Zap","Dualcast","Capacitor","Echo Form+1","Genetic Algorithm+1","Electrodynamics","BootSequence","Necronomicurse","Loop","Echo Form","Coolheaded+1","Static Discharge","Amplify","Cold Snap+1","Force Field+1"],"max_hp_per_floor":[75,75,75,75,75,75,75,75,75,75,75,75,75,75,75,75,75,75,75,75,75,75,75,75,75,75,75,75,75,75,75,75,75,75,75,66,66,66],"relics":["Cracked Core","Bird Faced Urn","Letter Opener","Shovel","Ornamental Fan","Lizard Tail","Necronomicon","Red Mask","Blue Candle","Potion Belt","Symbiotic Virus","Inserter"],"card_choices":[{"not_picked":["Cold Snap","Conserve Battery"],"picked":"Capacitor","floor":1},{"not_picked":["Conserve Battery","Coolheaded"],"picked":"Echo Form","floor":6},{"not_picked":["Beam Cell","Streamline","Stack"],"picked":"SKIP","floor":11},{"not_picked":["Thunder Strike","Hyperbeam"],"picked":"Electrodynamics","floor":16},{"not_picked":["Beam Cell","Go for the Eyes"],"picked":"BootSequence","floor":18},{"not_picked":["Hologram","Steam","Barrage"],"picked":"SKIP","floor":19},{"not_picked":["Static Discharge","Barrage"],"picked":"Loop","floor":22},{"not_picked":["Hello World","Hologram"],"picked":"Echo Form","floor":24},{"not_picked":["Stack","Barrage","Sweeping Beam+1"],"picked":"SKIP","floor":27},{"not_picked":["Skim+1","Redo"],"picked":"Coolheaded+1","floor":29},{"not_picked":["Hyperbeam","Multi-Cast"],"picked":"Amplify","floor":33},{"not_picked":["Rebound","Go for the Eyes+1"],"picked":"Cold Snap+1","floor":35},{"not_picked":["Redo+1","Tempest"],"picked":"Force Field+1","floor":37}],"player_experience":445511,"potions_floor_usage":[22,27,33],"damage_taken":[{"damage":1,"enemies":"Jaw Worm","floor":1,"turns":3},{"damage":50,"enemies":"3 Sentries","floor":6,"turns":11},{"damage":9,"enemies":"2 Louse","floor":11,"turns":3},{"damage":48,"enemies":"Slime Boss","floor":16,"turns":10},{"damage":0,"enemies":"3 Byrds","floor":18,"turns":2},{"damage":8,"enemies":"Chosen","floor":19,"turns":6},{"damage":2,"floor":22,"turns":3},{"damage":65,"enemies":"Slaver and Parasite","floor":24,"turns":8},{"damage":18,"enemies":"3 Cultists","floor":27,"turns":3},{"damage":38,"enemies":"Sentry and Sphere","floor":29,"turns":6},{"damage":43,"enemies":"Champ","floor":33,"turns":13},{"damage":67,"enemies":"3 Darklings","floor":35,"turns":7},{"damage":25,"enemies":"Flame Bruiser 1 Orb","floor":37,"turns":7},{"damage":50,"enemies":"Sphere and 2 Shapes","floor":38,"turns":4}],"relics_obtained":[{"floor":6,"key":"Bird Faced Urn"},{"floor":8,"key":"Letter Opener"},{"floor":9,"key":"Shovel"},{"floor":21,"key":"Necronomicon"},{"floor":22,"key":"Red Mask"},{"floor":23,"key":"Blue Candle"},{"floor":26,"key":"Potion Belt"}],"event_choices":[{"event_name":"World of Goop","player_choice":"Gather Gold","floor":2,"damage_taken":0},{"event_name":"The Cleric","player_choice":"Card Removal","floor":3,"damage_taken":0},{"event_name":"Bonfire Elementals","player_choice":"BASIC","floor":4,"damage_taken":0},{"event_name":"Dead Adventurer","player_choice":"Searched \u00271\u0027 times","floor":13,"damage_taken":0},{"event_name":"Living Wall","player_choice":"Grow","floor":14,"damage_taken":0},{"event_name":"Accursed Blacksmith","player_choice":"Forge","floor":20,"damage_taken":0},{"event_name":"Cursed Tome","player_choice":"Obtained Book","floor":21,"damage_taken":0},{"event_name":"Masked Bandits","player_choice":"Fought over 249 gold","floor":22,"damage_taken":0},{"event_name":"Beggar","player_choice":"Ignored","floor":31,"damage_taken":0},{"event_name":"The Moai Head","player_choice":"Heal","floor":36,"damage_taken":0}],"boss_relics":[{"not_picked":["Runic Pyramid","Runic Dome"],"picked":"Lizard Tail"},{"not_picked":["Sozu","Eternal Feather"],"picked":"Inserter"}],"items_purged_floors":[5],"is_endless":true,"potions_floor_spawned":[16,24,29],"seed_played":"9001198463101388527","killed_by":"Sphere and 2 Shapes","ascension_level":0,"potions_obtained":[{"floor":16,"key":"Regen Potion"},{"floor":24,"key":"AttackPotion"},{"floor":29,"key":"AttackPotion"}],"is_trial":false}