{"gold_per_floor":[109,123,140,22,32,67,67,67,67,85,135,147,159,179,179,179],"floor_reached":16,"playtime":571,"items_purged":["Strike_B"],"score":201,"play_id":"d1024cd9-a693-494c-b25d-4f3fee73fed0","local_time":"20190122010308","is_ascension_mode":true,"campfire_choices":[{"data":"Streamline","floor":7,"key":"SMITH"},{"data":"Genetic Algorithm","floor":15,"key":"SMITH"}],"neow_cost":"TEN_PERCENT_HP_LOSS","seed_source_timestamp":981742727706100,"circlet_count":0,"master_deck":["AscendersBane","Strike_B","Strike_B","Strike_B","Defend_B","Defend_B","Defend_B","Defend_B","Zap+1","Dualcast","Ball Lightning","Steam Power","Streamline+1","Capacitor","Cold Snap","Ball Lightning","Genetic Algorithm+1","Consume","Barrage","Tempest"],"relics":["Cracked Core","Mango","Gremlin Horn","Pear"],"potions_floor_usage":[5,16],"damage_taken":[{"damage":9,"enemies":"2 Louse","floor":1,"turns":3},{"damage":5,"enemies":"Small Slimes","floor":2,"turns":4},{"damage":1,"enemies":"Cultist","floor":3,"turns":3},{"damage":0,"enemies":"Exordium Wildlife","floor":5,"turns":2},{"damage":28,"enemies":"3 Sentries","floor":6,"turns":5},{"damage":5,"enemies":"3 Louse","floor":10,"turns":2},{"damage":0,"enemies":"2 Fungi Beasts","floor":12,"turns":2},{"damage":1,"enemies":"Blue Slaver","floor":13,"turns":2},{"damage":13,"enemies":"Looter","floor":14,"turns":3},{"damage":26,"enemies":"The Guardian","floor":16,"turns":8}],"seed_played":"1140529642830137653","potions_obtained":[{"floor":1,"key":"PowerPotion"},{"floor":6,"key":"Poison Potion"},{"floor":10,"key":"Swift Potion"},{"floor":14,"key":"FearPotion"}],"is_trial":false,"path_per_floor":["M","M","M","$","M","E","R","?","T","M","?","M","M","M","R","B"],"character_chosen":"DEFECT","items_purchased":["Capacitor"],"campfire_rested":0,"item_purchase_floors":[4],"current_hp_per_floor":[69,64,63,63,63,35,35,35,45,40,40,40,39,26,26,0],"gold":179,"neow_bonus":"ONE_RARE_RELIC","is_prod":false,"is_daily":false,"chose_seed":false,"campfire_upgraded":2,"win_rate":0,"timestamp":1548147788,"path_taken":["M","M","M","$","M","E","R","?","T","M","?","M","M","M","R","BOSS"],"build_version":"2019-01-17v2","purchased_purges":1,"victory":false,"max_hp_per_floor":[78,78,78,78,78,78,78,78,88,88,88,88,88,88,88,88],"card_choices":[{"not_picked":["Scrape","Hologram"],"picked":"Ball Lightning","floor":1},{"not_picked":["Beam Cell","Steam"],"picked":"Steam Power","floor":2},{"not_picked":["FTL","Cold Snap"],"picked":"Streamline","floor":3},{"not_picked":["Steam","Melter"],"picked":"Cold Snap","floor":5},{"not_picked":["Redo","Lockon"],"picked":"Ball Lightning","floor":6},{"not_picked":["Undo","Barrage"],"picked":"Genetic Algorithm","floor":10},{"not_picked":["Gash","Reinforced Body"],"picked":"Consume","floor":12},{"not_picked":["Gash","Redo"],"picked":"Barrage","floor":13},{"not_picked":["Double Energy","Steam"],"picked":"Tempest","floor":14}],"player_experience":579039,"relics_obtained":[{"floor":6,"key":"Gremlin Horn"},{"floor":9,"key":"Pear"}],"event_choices":[{"damage_healed":0,"gold_gain":0,"player_choice":"Grow","damage_taken":0,"max_hp_gain":0,"max_hp_loss":0,"event_name":"Living Wall","floor":8,"gold_loss":0,"cards_upgraded":["Zap"]},{"damage_healed":0,"gold_gain":50,"player_choice":"Pray","damage_taken":0,"max_hp_gain":0,"max_hp_loss":0,"event_name":"Golden Shrine","floor":11,"gold_loss":0}],"is_beta":false,"boss_relics":[],"items_purged_floors":[4],"is_endless":false,"potions_floor_spawned":[1,6,10,14],"killed_by":"The Guardian","ascension_level":18}