{"gold_per_floor":[113,127,277,287,287,287,303,303,303,303,315,348,367,367,367,444,444,415,4,17,34,50,50],"floor_reached":23,"playtime":962,"items_purged":["Strike_B"],"score":390,"play_id":"0e2949da-0b37-485b-95ef-7eb21a12fdfa","local_time":"20181126110853","is_ascension_mode":true,"campfire_choices":[{"floor":6.0,"key":"REST"},{"data":"Defragment","floor":8.0,"key":"SMITH"},{"floor":10.0,"key":"REST"},{"floor":15.0,"key":"REST"}],"neow_cost":"NONE","seed_source_timestamp":261435528710407,"circlet_count":0,"master_deck":["AscendersBane","Strike_B","Defend_B","Defend_B","Defend_B","Defend_B","Zap+1","Dualcast","BootSequence","Cold Snap","Defragment+1","FTL","Creative AI","Ball Lightning","Chill"],"special_seed":0,"relics":["Cracked Core","Art of War","Meat on the Bone","Empty Cage","Calipers"],"potions_floor_usage":[23],"damage_taken":[{"damage":19.0,"enemies":"Jaw Worm","floor":1.0,"turns":4.0},{"damage":9.0,"enemies":"2 Louse","floor":2.0,"turns":3.0},{"damage":1.0,"enemies":"Small Slimes","floor":4.0,"turns":4.0},{"damage":30.0,"enemies":"Exordium Thugs","floor":7.0,"turns":6.0},{"damage":1.0,"enemies":"Exordium Wildlife","floor":11.0,"turns":2.0},{"damage":31.0,"enemies":"Gremlin Nob","floor":12.0,"turns":4.0},{"damage":4.0,"enemies":"Red Slaver","floor":13.0,"turns":3.0},{"damage":39.0,"enemies":"The Guardian","floor":16.0,"turns":11.0},{"damage":20.0,"enemies":"2 Thieves","floor":18.0,"turns":4.0},{"damage":24.0,"enemies":"3 Byrds","floor":20.0,"turns":5.0},{"damage":13.0,"enemies":"Centurion and Healer","floor":21.0,"turns":5.0},{"damage":20.0,"enemies":"Sentry and Sphere","floor":22.0,"turns":5.0},{"damage":32,"enemies":"Book of Stabbing","floor":23,"turns":4}],"seed_played":"-9115603892654382548","potions_obtained":[{"floor":1.0,"key":"Explosive Potion"},{"floor":7.0,"key":"Fruit Juice"},{"floor":11.0,"key":"EntropicBrew"},{"floor":13.0,"key":"SpeedPotion"},{"floor":22.0,"key":"Weak Potion"}],"is_trial":false,"path_per_floor":["M","M","?","M","?","R","M","R","T","R","M","E","M","?","R","B",null,"M","$","M","M","M","E"],"character_chosen":"DEFECT","items_purchased":["Calipers"],"campfire_rested":3,"item_purchase_floors":[19],"current_hp_per_floor":[52,43,43,42,35,58,33,33,33,57,56,25,33,33,57,30,70,50,50,38,37,29,0],"gold":50,"neow_bonus":"TEN_PERCENT_HP_BONUS","is_prod":false,"is_daily":false,"chose_seed":false,"campfire_upgraded":1,"win_rate":0,"timestamp":1543259333,"path_taken":["M","M","?","M","?","R","M","R","T","R","M","E","M","?","R","BOSS","M","$","M","M","M","E"],"build_version":"2018-11-15","purchased_purges":1,"victory":false,"max_hp_per_floor":[78,78,78,78,78,78,83,83,83,83,83,83,83,83,83,83,83,83,83,83,83,83,83],"card_choices":[{"not_picked":["Reprogram","Storm"],"picked":"BootSequence","floor":1.0},{"not_picked":["Steam Power","Barrage"],"picked":"Cold Snap","floor":2.0},{"not_picked":["Sweeping Beam","Aggregate","Static Discharge"],"picked":"SKIP","floor":4.0},{"not_picked":["Turbo","Streamline"],"picked":"Defragment","floor":7.0},{"not_picked":["Hello World","Darkness","Barrage"],"picked":"SKIP","floor":11.0},{"not_picked":["Turbo","Redo","Beam Cell"],"picked":"SKIP","floor":12.0},{"not_picked":["Hologram","Streamline"],"picked":"FTL","floor":13.0},{"not_picked":["Thunder Strike","Hyperbeam"],"picked":"Creative AI","floor":16.0},{"not_picked":["Melter","Hello World"],"picked":"Ball Lightning","floor":18.0},{"not_picked":["Barrage+1","Sweeping Beam","Chaos"],"picked":"SKIP","floor":20.0},{"not_picked":["Skim","Hologram","Redo"],"picked":"SKIP","floor":21.0},{"not_picked":["Recycle","Beam Cell"],"picked":"Chill","floor":22.0}],"player_experience":678511,"relics_obtained":[{"floor":9.0,"key":"Art of War"},{"floor":12.0,"key":"Meat on the Bone"}],"event_choices":[{"damage_healed":0.0,"max_hp_gain":0.0,"max_hp_loss":0.0,"gold_gain":150.0,"event_name":"Liars Game","player_choice":"AGREE","floor":3.0,"gold_loss":0.0,"damage_taken":0.0,"cards_obtained":["Doubt"]},{"cards_removed":["Doubt"],"damage_healed":0.0,"max_hp_gain":0.0,"max_hp_loss":0.0,"gold_gain":0.0,"event_name":"Golden Wing","player_choice":"Card Removal","floor":5.0,"gold_loss":0.0,"damage_taken":7.0},{"damage_healed":0.0,"max_hp_gain":0.0,"max_hp_loss":0.0,"gold_gain":0.0,"event_name":"Upgrade Shrine","player_choice":"Upgraded","floor":14.0,"gold_loss":0.0,"damage_taken":0.0,"cards_upgraded":["Zap"]}],"is_beta":false,"boss_relics":[{"not_picked":["Orrery","Busted Crown"],"picked":"Empty Cage"}],"items_purged_floors":[19],"is_endless":false,"potions_floor_spawned":[1,7,11,13,22],"killed_by":"Book of Stabbing","ascension_level":20}