{"path_per_floor":["M","M","?","M","$","R","E","M","T","M","M","R","E","M","R","B",null,"M","T","?","$","M","R","E","R","T","E","M","T","R","E","R","B",null,"M","M","?","$","T","R","?","E","T","E","$","M","$","E","R","B"],"character_chosen":"DEFECT","items_purchased":["Self Repair","Matryoshka","Genetic Algorithm","Anchor","Toolbox","White Noise","Capacitor"],"gold_per_floor":[115,135,135,148,80,80,112,125,125,144,157,157,184,202,202,297,597,608,608,608,72,84,84,117,117,117,150,163,163,163,198,198,297,327,347,358,358,358,382,382,382,413,413,443,117,133,110,141,141,141],"floor_reached":51,"campfire_rested":0,"playtime":3069,"current_hp_per_floor":[67,58,43,43,43,43,33,30,30,32,35,35,24,31,31,27,63,54,54,54,54,54,54,40,40,40,49,55,55,55,63,63,45,73,80,80,80,80,80,80,80,80,80,56,56,64,64,80,80,59],"items_purged":["Doubt"],"gold":141,"score":1134,"play_id":"974d5a70-c75e-4595-b806-9fb161bcaac9","local_time":"20180510234456","is_prod":false,"is_daily":false,"chose_seed":false,"is_ascension_mode":true,"campfire_upgraded":9,"timestamp":1525988696,"path_taken":["M","?","?","M","$","R","E","M","T","?","M","R","E","M","R","BOSS","M","?","?","$","M","R","E","R","T","E","?","?","R","E","R","BOSS","M","M","?","?","?","R","?","E","T","E","$","?","$","E","R","BOSS"],"build_version":"2018-05-10","seed_source_timestamp":51069344392393,"purchased_purges":1,"victory":true,"master_deck":["Strike_B","Strike_B","Strike_B","Defend_B","Defend_B+1","Defend_B","Defend_B","Zap+1","Dualcast","Turbo+1","Leap","Sweeping Beam+1","Self Repair+1","Capacitor+1","Hello World+1","BootSequence+1","Defragment+1","Coolheaded","Fusion+1","Parasite","Clumsy","White Noise+1","Genetic Algorithm+1","Barrage+1","Self Repair+1","Hologram+1","Buffer+1","Redo+1","Beam Cell+1","Skim","Tempest+1","Leap+1","White Noise","Capacitor","Capacitor+1"],"max_hp_per_floor":[75,75,75,75,75,75,75,75,75,75,75,75,75,75,75,75,75,75,75,75,75,75,75,75,75,75,75,75,75,75,75,75,75,80,80,80,80,80,80,80,80,80,80,80,80,80,80,80,80,80],"relics":["Cracked Core","Bronze Scales","Dead Branch","Du-Vu Doll","Gambling Chip","Calling Bell","Regal Pillow","Molten Egg 2","Old Coin","Meat on the Bone","Matryoshka","Anchor","Torii","Art of War","Turnip","Ancient Tea Set","DataDisk","Kunai","War Paint","Tiny House","Lantern","Bag of Preparation","Centennial Puzzle","Bottled Lightning","Toolbox","Bottled Tornado"],"card_choices":[{"not_picked":["Sweeping Beam","Rebound"],"picked":"Turbo","floor":1},{"not_picked":["FTL","Go for the Eyes"],"picked":"Leap","floor":2},{"not_picked":["Redo","Barrage"],"picked":"Sweeping Beam","floor":4},{"not_picked":["Hologram","Cold Snap"],"picked":"Capacitor","floor":7},{"not_picked":["Beam Cell","Darkness"],"picked":"Hello World","floor":8},{"not_picked":["Hologram","Loop"],"picked":"BootSequence","floor":10},{"not_picked":["Capacitor","Skim"],"picked":"Defragment","floor":11},{"not_picked":["Chill","Steam"],"picked":"Coolheaded","floor":14},{"not_picked":["Biased Cognition","Thunder Strike"],"picked":"Fusion","floor":16},{"not_picked":["Recycle","Aggregate"],"picked":"White Noise","floor":18},{"not_picked":["Leap","Double Energy"],"picked":"Barrage","floor":24},{"not_picked":["Go for the Eyes","BootSequence"],"picked":"Self Repair","floor":27},{"not_picked":["Leap","Buffer"],"picked":"Hologram","floor":31},{"not_picked":["Amplify","All For One"],"picked":"Buffer","floor":33},{"not_picked":["Leap","Stack"],"picked":"Redo","floor":34},{"not_picked":["Aggregate","Reinforced Body"],"picked":"Beam Cell","floor":35},{"not_picked":["Go for the Eyes","Steam"],"picked":"Skim","floor":36},{"not_picked":["Hyperbeam","Reboot"],"picked":"Tempest","floor":42},{"not_picked":["Steam","Gash"],"picked":"Leap","floor":44},{"not_picked":["Biased Cognition","Turbo"],"picked":"Capacitor","floor":48}],"player_experience":549362,"potions_floor_usage":[10,13,16,16,31,35,50,50,50],"damage_taken":[{"damage":1,"enemies":"Cultist","floor":1,"turns":3},{"damage":9,"enemies":"2 Louse","floor":2,"turns":2},{"damage":0,"enemies":"Small Slimes","floor":4,"turns":3},{"damage":17,"enemies":"3 Sentries","floor":7,"turns":5},{"damage":10,"enemies":"Exordium Thugs","floor":8,"turns":3},{"damage":5,"enemies":"Gremlin Gang","floor":10,"turns":4},{"damage":4,"enemies":"Red Slaver","floor":11,"turns":3},{"damage":18,"enemies":"Gremlin Nob","floor":13,"turns":3},{"damage":0,"enemies":"3 Louse","floor":14,"turns":2},{"damage":11,"enemies":"The Guardian","floor":16,"turns":9},{"damage":16,"enemies":"Spheric Guardian","floor":18,"turns":4},{"damage":0,"enemies":"Chosen","floor":22,"turns":5},{"damage":40,"enemies":"Slavers","floor":24,"turns":6},{"damage":20,"enemies":"Book of Stabbing","floor":27,"turns":5},{"damage":26,"enemies":"Centurion and Healer","floor":28,"turns":6},{"damage":2,"enemies":"Slavers","floor":31,"turns":4},{"damage":50,"enemies":"Automaton","floor":33,"turns":8},{"damage":15,"enemies":"3 Darklings","floor":35,"turns":7},{"damage":0,"enemies":"Orb Walker","floor":36,"turns":4},{"damage":8,"enemies":"Nemesis","floor":42,"turns":5},{"damage":24,"enemies":"2 Orb Walkers","floor":44,"turns":5},{"damage":12,"enemies":"Flame Bruiser 2 Orb","floor":46,"turns":6},{"damage":0,"enemies":"Nemesis","floor":48,"turns":5},{"damage":50,"enemies":"Time Eater","floor":50,"turns":13}],"event_choices":[{"event_name":"Shining Light","player_choice":"Entered Light","floor":3,"damage_taken":0},{"event_name":"Drug Dealer","player_choice":"Ignored","floor":20,"damage_taken":0},{"event_name":"Purifier","player_choice":"One Purge","floor":37,"damage_taken":0},{"event_name":"Tomb of Lord Red Mask","player_choice":"Ignored","floor":41,"damage_taken":0}],"boss_relics":[{"not_picked":["Orrery","White Beast Statue"],"picked":"Calling Bell"},{"not_picked":["Black Star","Runic Pyramid"],"picked":"Tiny House"}],"potions_floor_spawned":[2,8,10,11,28,31,33,35,44,46,48],"seed_played":"-2275843435859937672","ascension_level":6,"is_trial":false}