{"gold_per_floor":[110,110,35,35,51,76,76,93,117,128,163,163],"floor_reached":12,"playtime":667,"items_purged":["Decay"],"score":124,"play_id":"e586eadd-3821-4811-905b-e6fc2388ead3","local_time":"20190204022930","is_ascension_mode":true,"campfire_choices":[],"neow_cost":"NONE","seed_source_timestamp":0,"circlet_count":0,"master_deck":["Defend_G","Defend_G","Defend_G","Defend_G","Defend_G","Strike_G","Strike_G","Strike_G","Strike_G","Survivor","Neutralize","Backflip","Infinite Blades","Tools of the Trade","Well Laid Plans","Dodge and Roll","Blade Dance"],"special_seed":0,"relics":["Ring of the Snake","Bottled Lightning","Thread and Needle","Happy Flower","Potion Belt"],"potions_floor_usage":[],"damage_taken":[{"damage":0.0,"enemies":"Cultist","floor":1.0,"turns":4.0},{"damage":10.0,"enemies":"2 Louse","floor":5.0,"turns":3.0},{"damage":43.0,"enemies":"Gremlin Nob","floor":6.0,"turns":6.0},{"damage":0.0,"enemies":"Small Slimes","floor":8.0,"turns":6.0},{"damage":0.0,"enemies":"Red Slaver","floor":10.0,"turns":6.0},{"damage":0.0,"enemies":"3 Sentries","floor":11.0,"turns":11.0}],"seed_played":"2654191838332168593","potions_obtained":[{"floor":6.0,"key":"GhostInAJar"},{"floor":10.0,"key":"LiquidBronze"},{"floor":11.0,"key":"SpeedPotion"}],"is_trial":false,"path_per_floor":["M","?","$","T","M","E","?","M","T","M","E","?"],"character_chosen":"THE_SILENT","items_purchased":[],"campfire_rested":0,"item_purchase_floors":[],"current_hp_per_floor":[77,77,77,77,67,24,24,24,24,24,24,0],"gold":163,"neow_bonus":"TEN_PERCENT_HP_BONUS","is_prod":false,"is_daily":false,"chose_seed":false,"campfire_upgraded":0,"win_rate":0,"timestamp":1549236570,"path_taken":["M","?","$","?","?","E","?","M","T","M","E","?"],"build_version":"2019-01-23","purchased_purges":1,"victory":false,"max_hp_per_floor":[77,77,77,77,77,77,77,77,77,77,77,77],"card_choices":[{"not_picked":["Prepared","Flying Knee"],"picked":"Backflip","floor":1.0},{"not_picked":["Tactician","Leg Sweep"],"picked":"Infinite Blades","floor":5.0},{"not_picked":["Deflect","Outmaneuver"],"picked":"Tools of the Trade","floor":6.0},{"not_picked":["Flechettes","Eviscerate"],"picked":"Well Laid Plans","floor":8.0},{"not_picked":["Underhanded Strike","Leg Sweep"],"picked":"Dodge and Roll","floor":10.0},{"not_picked":["Underhanded Strike","Acrobatics"],"picked":"Blade Dance","floor":11.0}],"player_experience":243394,"relics_obtained":[{"floor":4.0,"key":"Bottled Lightning"},{"floor":6.0,"key":"Thread and Needle"},{"floor":9.0,"key":"Happy Flower"},{"floor":11.0,"key":"Potion Belt"}],"event_choices":[{"damage_healed":0.0,"max_hp_gain":0.0,"max_hp_loss":0.0,"gold_gain":0.0,"event_name":"Wheel of Change","player_choice":"Cursed","floor":2.0,"gold_loss":0.0,"damage_taken":0.0,"cards_obtained":["Decay"]},{"cards_removed":["Strike_G"],"damage_healed":0.0,"max_hp_gain":0.0,"max_hp_loss":0.0,"gold_gain":0.0,"event_name":"Living Wall","player_choice":"Forget","floor":7.0,"gold_loss":0.0,"damage_taken":0.0}],"is_beta":false,"boss_relics":[],"items_purged_floors":[3],"is_endless":false,"potions_floor_spawned":[6,10,11],"ascension_level":2}