{"gold_per_floor":[218,228,10,10,85,118,118,135,158,168,12,12,45,55,55,55],"floor_reached":16,"playtime":601,"items_purged":["Corruption"],"score":110,"play_id":"09b27b0a-e3ea-4b4e-9fad-33440c6800b3","local_time":"20181204153956","is_ascension_mode":false,"campfire_choices":[{"data":"Body Slam","floor":7,"key":"SMITH"},{"data":"Entrench","floor":12,"key":"SMITH"},{"floor":15,"key":"REST"}],"neow_cost":"NONE","seed_source_timestamp":270823374271456,"circlet_count":0,"master_deck":["Strike_R","Strike_R","Strike_R","Strike_R","Strike_R","Defend_R","Defend_R","Defend_R","Defend_R","Bash","Feel No Pain","Body Slam+1","Dark Embrace","Offering","Sentinel","Entrench+1","Warcry"],"relics":["Burning Blood","Bronze Scales","Oddly Smooth Stone","Bottled Lightning"],"potions_floor_usage":[6,16,16],"damage_taken":[{"damage":10,"enemies":"Jaw Worm","floor":1,"turns":4},{"damage":5,"enemies":"Small Slimes","floor":2,"turns":4},{"damage":23,"enemies":"3 Sentries","floor":6,"turns":9},{"damage":6,"enemies":"Cultist","floor":8,"turns":2},{"damage":14,"enemies":"Exordium Thugs","floor":10,"turns":6},{"damage":37,"enemies":"Lagavulin","floor":13,"turns":8},{"damage":6,"enemies":"Red Slaver","floor":14,"turns":3},{"damage":44,"enemies":"The Guardian","floor":16,"turns":11}],"seed_played":"7424555313512076169","potions_obtained":[{"floor":1,"key":"AttackPotion"},{"floor":2,"key":"Weak Potion"},{"floor":6,"key":"EssenceOfSteel"}],"is_trial":false,"path_per_floor":["M","M","$","?","?","E","R","M","T","M","$","R","E","M","R","B"],"character_chosen":"IRONCLAD","items_purchased":["Dark Embrace","Offering","Entrench"],"campfire_rested":1,"item_purchase_floors":[3,3,11],"current_hp_per_floor":[76,77,77,77,66,49,49,49,49,41,41,41,10,10,34,0],"gold":55,"neow_bonus":"HUNDRED_GOLD","is_prod":false,"is_daily":false,"chose_seed":false,"campfire_upgraded":2,"win_rate":0,"timestamp":1543905596,"path_taken":["M","M","$","?","?","E","R","M","T","M","?","R","E","M","R","BOSS"],"build_version":"2018-11-15","purchased_purges":1,"victory":false,"max_hp_per_floor":[80,80,80,80,80,80,80,80,80,80,80,80,80,80,80,80],"card_choices":[{"not_picked":["Havoc","Evolve"],"picked":"Feel No Pain","floor":1},{"not_picked":["Heavy Blade","Sever Soul"],"picked":"Body Slam","floor":2},{"not_picked":["Sword Boomerang","Cleave","Wild Strike"],"picked":"SKIP","floor":6},{"not_picked":["Battle Trance","Heavy Blade"],"picked":"Corruption","floor":8},{"not_picked":["Wild Strike","Clash"],"picked":"Sentinel","floor":10},{"not_picked":["Brutality","Blood for Blood","Clothesline"],"picked":"SKIP","floor":13},{"not_picked":["Perfected Strike","Spot Weakness"],"picked":"Warcry","floor":14}],"player_experience":743390,"relics_obtained":[{"floor":6,"key":"Bronze Scales"},{"floor":9,"key":"Oddly Smooth Stone"},{"floor":13,"key":"Bottled Lightning"}],"event_choices":[{"damage_healed":0,"gold_gain":0,"player_choice":"Ignored","damage_taken":0,"max_hp_gain":0,"max_hp_loss":0,"event_name":"Liars Game","floor":4,"gold_loss":0},{"damage_healed":0,"gold_gain":75,"player_choice":"Gather Gold","damage_taken":11,"max_hp_gain":0,"max_hp_loss":0,"event_name":"World of Goop","floor":5,"gold_loss":0}],"is_beta":false,"boss_relics":[],"items_purged_floors":[11],"is_endless":false,"potions_floor_spawned":[1,2,6],"killed_by":"The Guardian","ascension_level":0}