{"gold_per_floor":[109,34,34,48,48,48,83,83,83,118,134,151,162,180,180,280,280,296,296,310,326,326],"floor_reached":22,"playtime":1086,"items_purged":["Strike_R"],"score":198,"play_id":"5b060fbc-020b-4aa4-b421-f40f07f4dab6","local_time":"20181215085906","is_ascension_mode":false,"campfire_choices":[{"data":"Bludgeon","floor":6.0,"key":"SMITH"},{"data":"Thunderclap","floor":8.0,"key":"SMITH"},{"data":"Limit Break","floor":15.0,"key":"SMITH"}],"neow_cost":"PERCENT_DAMAGE","seed_source_timestamp":0,"circlet_count":0,"master_deck":["Strike_R","Strike_R","Strike_R","Strike_R","Defend_R","Defend_R","Defend_R","Defend_R","Bludgeon+1","Cleave","Bash","Thunderclap+1","Shrug It Off","Limit Break+1","Heavy Blade","Whirlwind","Heavy Blade","Iron Wave","Battle Trance","Flex","Offering","Heavy Blade","Iron Wave+1","Clash+1"],"special_seed":0,"relics":["Burning Blood","Prayer Wheel","Shuriken","Dodecahedron","Cursed Key"],"potions_floor_usage":[16,16],"damage_taken":[{"damage":7.0,"enemies":"Small Slimes","floor":1.0,"turns":3.0},{"damage":0.0,"enemies":"Cultist","floor":4.0,"turns":2.0},{"damage":22.0,"enemies":"3 Sentries","floor":7.0,"turns":7.0},{"damage":13.0,"enemies":"Lagavulin","floor":10.0,"turns":5.0},{"damage":6.0,"enemies":"Jaw Worm","floor":11.0,"turns":2.0},{"damage":8.0,"enemies":"Exordium Thugs","floor":12.0,"turns":4.0},{"damage":0.0,"enemies":"3 Louse","floor":13.0,"turns":1.0},{"damage":0.0,"enemies":"2 Fungi Beasts","floor":14.0,"turns":3.0},{"damage":39,"enemies":"Hexaghost","floor":16,"turns":10},{"damage":8,"enemies":"3 Byrds","floor":18,"turns":4},{"damage":19,"enemies":"2 Thieves","floor":20,"turns":4},{"damage":30,"enemies":"Snake Plant","floor":21,"turns":3},{"damage":34,"enemies":"Shelled Parasite and Fungi","floor":22,"turns":4}],"seed_played":"8514631084117314089","potions_obtained":[{"floor":7.0,"key":"Fire Potion"},{"floor":10.0,"key":"Energy Potion"},{"floor":11.0,"key":"Poison Potion"},{"floor":12.0,"key":"SkillPotion"}],"is_trial":false,"path_per_floor":["M","$","?","M","$","R","E","R","T","E","M","M","M","M","R","B",null,"M","?","M","M","M"],"character_chosen":"IRONCLAD","items_purchased":[],"campfire_rested":0,"item_purchase_floors":[],"current_hp_per_floor":[55,55,55,61,61,61,45,45,45,38,38,36,42,48,48,15,80,78,70,57,33,0],"gold":326,"neow_bonus":"THREE_RARE_CARDS","is_prod":false,"is_daily":false,"chose_seed":false,"campfire_upgraded":3,"win_rate":0,"timestamp":1544882346,"path_taken":["M","$","?","M","?","R","E","R","T","E","M","M","?","?","R","BOSS","M","?","M","?","M"],"build_version":"2018-12-13","purchased_purges":1,"victory":false,"max_hp_per_floor":[80,80,80,80,80,80,80,80,80,80,80,80,80,80,80,80,80,80,80,80,80,80],"card_choices":[{"not_picked":["Juggernaut","Feed"],"picked":"Bludgeon","floor":0.0},{"not_picked":["Twin Strike","Clothesline"],"picked":"Cleave","floor":1.0},{"not_picked":["Shrug It Off","Sentinel"],"picked":"Thunderclap","floor":4.0},{"not_picked":["Armaments","Rupture"],"picked":"Shrug It Off","floor":7.0},{"not_picked":["Headbutt","Rupture"],"picked":"Limit Break","floor":10.0},{"not_picked":["Burning Pact","Whirlwind"],"picked":"Heavy Blade","floor":11.0},{"not_picked":["Dual Wield","Pommel Strike","Clothesline"],"picked":"SKIP","floor":11.0},{"not_picked":["Evolve","Sever Soul"],"picked":"Whirlwind","floor":12.0},{"not_picked":["Cleave","Uppercut"],"picked":"Heavy Blade","floor":12.0},{"not_picked":["Warcry","Anger"],"picked":"Iron Wave","floor":13.0},{"not_picked":["Juggernaut","Twin Strike"],"picked":"Battle Trance","floor":13.0},{"not_picked":["Wild Strike","Pommel Strike"],"picked":"Flex","floor":14.0},{"not_picked":["Searing Blow","Dropkick","Sword Boomerang"],"picked":"SKIP","floor":14.0},{"not_picked":["Barricade","Reaper"],"picked":"Offering","floor":16},{"not_picked":["Thunderclap","Shrug It Off"],"picked":"Heavy Blade","floor":18},{"not_picked":["Havoc","Thunderclap+1","Body Slam"],"picked":"SKIP","floor":18},{"not_picked":["Searing Blow","Havoc"],"picked":"Iron Wave+1","floor":20},{"not_picked":["Perfected Strike","Thunderclap+1","Uppercut"],"picked":"SKIP","floor":20},{"not_picked":["Clothesline","Body Slam+1"],"picked":"Clash+1","floor":21},{"not_picked":["Headbutt","Anger","Perfected Strike"],"picked":"SKIP","floor":21}],"player_experience":304408,"relics_obtained":[{"floor":7.0,"key":"Prayer Wheel"},{"floor":9.0,"key":"Shuriken"},{"floor":10.0,"key":"Dodecahedron"}],"event_choices":[{"cards_removed":["Bash"],"damage_healed":0.0,"max_hp_gain":0.0,"max_hp_loss":0.0,"gold_gain":0.0,"event_name":"NoteForYourself","player_choice":"Took Card","floor":3.0,"gold_loss":0.0,"damage_taken":0.0,"cards_obtained":["Bash"]},{"damage_healed":0,"gold_gain":0,"player_choice":"","damage_taken":8,"max_hp_gain":0,"max_hp_loss":0,"event_name":"Knowing Skull","floor":19,"potions_obtained":[],"gold_loss":0,"cards_obtained":[]}],"is_beta":false,"boss_relics":[{"not_picked":["Runic Dome","Lizard Tail"],"picked":"Cursed Key"}],"items_purged_floors":[2],"is_endless":false,"potions_floor_spawned":[7,10,11,12],"killed_by":"Shelled Parasite and Fungi","ascension_level":0}