{"gold_per_floor":[118,118,130,10,10,10,10,35,35,52,52,67,94,108,108,206,206,220,239,254,101,101,134,134,169,192,192,212,212,212,118,118,221,221,239,165,165,175,18,18,53,53,101,131,141,168,168,168,168,168,168,168,17,45,45],"floor_reached":55,"playtime":4009,"items_purged":["Defend_B"],"score":889,"play_id":"945751d5-7ef8-4619-ab40-9870e03f0657","local_time":"20190302143243","is_ascension_mode":true,"campfire_choices":[{"floor":6,"key":"REST"},{"data":"Zap","floor":11,"key":"SMITH"},{"floor":15,"key":"DIG"},{"floor":24,"key":"REST"},{"data":"Go for the Eyes","floor":27,"key":"SMITH"},{"floor":30,"key":"DIG"},{"floor":32,"key":"DIG"},{"floor":40,"key":"DIG"},{"floor":47,"key":"REST"},{"floor":49,"key":"RECALL"},{"data":"Hologram","floor":52,"key":"SMITH"}],"neow_cost":"CURSE","seed_source_timestamp":13753288223077,"circlet_count":0,"master_deck":["Defend_B+1","Defend_B+1","Defend_B","Zap+1","Dualcast+1","Go for the Eyes+1","Hologram+1","All For One","Sweeping Beam","Gash","FTL","Gash","Cold Snap","Seek","White Noise+1","Leap+1","Cold Snap+1","Stack","Capacitor","RitualDagger","Reinforced Body","Aggregate","Hologram","Conserve Battery","Machine Learning","FTL+1","Turbo+1","Glacier","Leap+1","Steam","Loop+1","Loop+1","Beam Cell","FTL+1"],"relics":["Cracked Core","WingedGreaves","Bottled Flame","Shovel","Nunchaku","Astrolabe","Lantern","Happy Flower","Omamori","Art of War","Bag of Marbles","Prayer Wheel","Pen Nib","Inserter","War Paint","Bottled Tornado","Bag of Preparation","Dream Catcher","Smiling Mask","Mango"],"potions_floor_usage":[8,16,20,23,33,41,50,55,55,55],"damage_taken":[{"damage":6,"enemies":"Jaw Worm","floor":1,"turns":3},{"damage":0,"enemies":"2 Louse","floor":3,"turns":2},{"damage":20,"enemies":"3 Sentries","floor":8,"turns":7},{"damage":0,"enemies":"Cultist","floor":10,"turns":3},{"damage":0,"enemies":"Exordium Wildlife","floor":12,"turns":3},{"damage":13,"enemies":"Lagavulin","floor":13,"turns":6},{"damage":0,"enemies":"Large Slime","floor":14,"turns":4},{"damage":12,"enemies":"The Guardian","floor":16,"turns":9},{"damage":14,"enemies":"Spheric Guardian","floor":18,"turns":5},{"damage":2,"enemies":"Shell Parasite","floor":19,"turns":5},{"damage":3,"enemies":"Shelled Parasite and Fungi","floor":20,"turns":3},{"damage":23,"enemies":"Gremlin Leader","floor":23,"turns":8},{"damage":21,"enemies":"Book of Stabbing","floor":25,"turns":6},{"damage":12,"enemies":"Centurion and Healer","floor":28,"turns":7},{"damage":39,"enemies":"Champ","floor":33,"turns":15},{"damage":6,"enemies":"3 Shapes","floor":35,"turns":8},{"damage":25,"enemies":"3 Darklings","floor":38,"turns":4},{"damage":20,"enemies":"Nemesis","floor":41,"turns":9},{"damage":0,"enemies":"Reptomancer","floor":44,"turns":4},{"damage":0,"enemies":"Transient","floor":45,"turns":5},{"damage":0,"enemies":"Nemesis","floor":46,"turns":7},{"damage":17,"enemies":"Awakened One","floor":50,"turns":16},{"damage":19,"enemies":"Shield and Spear","floor":54,"turns":5},{"damage":92,"enemies":"The Heart","floor":55,"turns":6}],"seed_played":"-6860028519501556985","potions_obtained":[{"floor":3,"key":"Weak Potion"},{"floor":10,"key":"FocusPotion"},{"floor":14,"key":"Poison Potion"},{"floor":19,"key":"Fire Potion"},{"floor":33,"key":"Dexterity Potion"},{"floor":38,"key":"AttackPotion"},{"floor":41,"key":"Fire Potion"},{"floor":44,"key":"Swift Potion"}],"is_trial":false,"path_per_floor":["M","?","M","$","?","R","?","E","T","M","R","M","E","M","R","B",null,"M","M","M","$","?","E","R","E","T","R","M","?","R","$","R","B",null,"M","$","?","M","$","R","E","?","T","E","M","E","R","?","R","B",null,"R","$","E","B"],"character_chosen":"DEFECT","items_purchased":["All For One","Sweeping Beam","Lantern","Conserve Battery","Weak Potion","Glacier","War Paint","Beam Cell","AttackPotion"],"campfire_rested":3,"item_purchase_floors":[4,4,21,31,31,36,39,53,53],"current_hp_per_floor":[83,76,76,76,58,84,89,69,69,69,69,69,56,56,56,44,94,80,78,75,75,69,46,74,53,53,53,41,41,41,41,41,2,94,88,88,88,63,63,63,43,67,67,67,67,67,94,94,94,77,94,94,94,89,0],"gold":45,"neow_bonus":"TWENTY_PERCENT_HP_BONUS","is_prod":false,"is_daily":false,"chose_seed":false,"campfire_upgraded":3,"win_rate":0,"timestamp":1551533563,"path_taken":["M","?","M","$","?","R","?","E","T","M","R","?","E","M","R","BOSS","M","?","M","$","?","E","R","E","T","R","M","?","R","$","R","BOSS","M","$","?","M","$","R","E","?","T","E","M","E","R","?","R","BOSS","R","$","E","BOSS"],"build_version":"2019-01-23","purchased_purges":1,"victory":false,"max_hp_per_floor":[89,89,89,89,89,89,94,94,94,94,94,94,94,94,94,94,94,94,94,94,94,94,94,94,94,94,94,94,94,94,94,94,94,94,94,94,94,94,94,94,94,94,94,94,94,94,94,94,94,94,94,94,94,108,108],"card_choices":[{"not_picked":["Recycle","Barrage"],"picked":"Go for the Eyes","floor":1},{"not_picked":["Double Energy","Loop"],"picked":"Hologram","floor":3},{"not_picked":["Heatsinks","Coolheaded"],"picked":"Gash","floor":8},{"not_picked":["Turbo","Recycle"],"picked":"FTL","floor":10},{"not_picked":["Rebound","Storm"],"picked":"Gash","floor":12},{"not_picked":["Streamline","Ball Lightning"],"picked":"Cold Snap","floor":13},{"not_picked":["Beam Cell","Scrape"],"picked":"Seek","floor":14},{"not_picked":["Fission","Thunder Strike"],"picked":"Biased Cognition","floor":16},{"not_picked":["Force Field+1","Gash","Streamline"],"picked":"SKIP","floor":18},{"not_picked":["Redo","Sweeping Beam"],"picked":"Stack","floor":19},{"not_picked":["Leap","Undo"],"picked":"Capacitor","floor":20},{"not_picked":["Leap","Barrage"],"picked":"Reinforced Body","floor":23},{"not_picked":["Go for the Eyes","Redo"],"picked":"Aggregate","floor":25},{"not_picked":["Coolheaded","Barrage+1"],"picked":"Hologram","floor":28},{"not_picked":["Thunder Strike","Buffer"],"picked":"Machine Learning","floor":33},{"not_picked":["Coolheaded+1","Ball Lightning+1"],"picked":"FTL+1","floor":35},{"not_picked":["Compile Driver","Reprogram"],"picked":"Turbo+1","floor":35},{"not_picked":["Tempest+1","Rebound+1"],"picked":"Leap+1","floor":38},{"not_picked":["Gash+1","Multi-Cast"],"picked":"Steam","floor":38},{"not_picked":["Heatsinks+1","Go for the Eyes","Ball Lightning+1"],"picked":"SKIP","floor":41},{"not_picked":["Static Discharge","Go for the Eyes+1","Ball Lightning+1"],"picked":"SKIP","floor":44},{"not_picked":["Streamline","Self Repair"],"picked":"Loop+1","floor":45},{"not_picked":["Sweeping Beam+1","Undo","Glacier"],"picked":"SKIP","floor":45},{"not_picked":["Sweeping Beam+1","Compile Driver+1"],"picked":"Loop+1","floor":46},{"not_picked":["Sweeping Beam","Force Field"],"picked":"FTL+1","floor":54}],"player_experience":1032850,"relics_obtained":[{"floor":8,"key":"WingedGreaves"},{"floor":9,"key":"Bottled Flame"},{"floor":13,"key":"Shovel"},{"floor":15,"key":"Nunchaku"},{"floor":23,"key":"Happy Flower"},{"floor":25,"key":"Omamori"},{"floor":26,"key":"Art of War"},{"floor":30,"key":"Prayer Wheel"},{"floor":32,"key":"Pen Nib"},{"floor":40,"key":"Bottled Tornado"},{"floor":41,"key":"Bag of Preparation"},{"floor":44,"key":"Dream Catcher"},{"floor":46,"key":"Smiling Mask"},{"floor":54,"key":"Mango"}],"event_choices":[{"cards_removed":["Writhe"],"damage_healed":0,"gold_gain":0,"player_choice":"Card Removal","damage_taken":7,"max_hp_gain":0,"max_hp_loss":0,"event_name":"Golden Wing","floor":2,"gold_loss":0},{"damage_healed":0,"gold_gain":0,"player_choice":"Entered Light","damage_taken":18,"max_hp_gain":0,"max_hp_loss":0,"event_name":"Shining Light","floor":5,"gold_loss":0,"cards_upgraded":["Strike_B","Defend_B"]},{"damage_healed":0,"gold_gain":0,"player_choice":"Donut","damage_taken":0,"max_hp_gain":5,"max_hp_loss":0,"event_name":"Big Fish","floor":7,"gold_loss":0},{"damage_healed":0,"gold_gain":0,"player_choice":"Joined the Cult","damage_taken":6,"max_hp_gain":0,"max_hp_loss":0,"event_name":"Nest","floor":22,"gold_loss":0,"cards_obtained":["RitualDagger"]},{"damage_healed":0,"gold_gain":0,"player_choice":"Opened","damage_taken":0,"relics_obtained":["Bag of Marbles"],"max_hp_gain":0,"max_hp_loss":0,"event_name":"The Mausoleum","floor":29,"gold_loss":0},{"cards_removed":["Biased Cognition"],"damage_healed":0,"gold_gain":0,"player_choice":"Removed Power","damage_taken":0,"max_hp_gain":0,"max_hp_loss":0,"event_name":"Falling","floor":37,"gold_loss":0},{"damage_healed":24,"gold_gain":0,"player_choice":"Writhe","damage_taken":0,"max_hp_gain":0,"max_hp_loss":0,"event_name":"Winding Halls","floor":42,"gold_loss":0,"cards_obtained":["Writhe"]},{"cards_removed":["Strike_B"],"damage_healed":0,"gold_gain":0,"player_choice":"Purged","damage_taken":0,"max_hp_gain":0,"max_hp_loss":0,"event_name":"Purifier","floor":48,"gold_loss":0}],"is_beta":false,"boss_relics":[{"not_picked":["FrozenCore","Black Star"],"picked":"Astrolabe"},{"not_picked":["Eternal Feather","Snecko Eye"],"picked":"Inserter"}],"items_purged_floors":[53],"is_endless":false,"potions_floor_spawned":[3,10,14,19,33,38,41,44,45],"killed_by":"The Heart","ascension_level":1}