{"path_per_floor":["M","?","M","M","M","M","E","?","T","E","T","R","E","$","R","B",null,"M","?","M","?","M","E","M","E","T","R","E","M","R","?","R","B",null,"M","?","?","$","M","M","E","M","T","E","?","M","E","$","R","B"],"character_chosen":"THE_SILENT","items_purchased":["Frozen Egg 2","Infinite Blades","Shuriken","Tools of the Trade","Strength Potion","Apotheosis"],"gold_per_floor":[14,89,100,119,135,155,183,183,183,214,295,295,328,50,50,125,125,141,141,157,157,176,202,217,248,248,248,274,284,284,284,284,358,358,378,378,378,133,146,161,188,203,203,260,309,323,348,23,23,23],"floor_reached":51,"campfire_rested":0,"playtime":3988,"current_hp_per_floor":[59,48,48,48,48,48,39,61,61,60,60,60,46,46,46,27,56,64,33,33,33,33,27,30,33,33,33,33,33,33,33,33,33,33,33,33,33,33,33,33,32,37,37,39,41,43,43,43,43,45],"items_purged":[],"gold":23,"score":1633,"play_id":"03afa7fd-b119-419c-89b3-86a17220f025","local_time":"20180423204340","is_prod":false,"is_daily":false,"chose_seed":false,"is_ascension_mode":true,"campfire_upgraded":6,"timestamp":1524509020,"path_taken":["M","?","M","M","?","M","E","?","T","E","?","R","E","?","R","BOSS","M","?","M","?","M","E","M","E","T","R","E","M","R","?","R","BOSS","M","?","?","$","M","M","E","?","T","E","?","M","E","$","R","BOSS"],"build_version":"2018-04-19","seed_source_timestamp":42257798538756,"purchased_purges":0,"victory":true,"master_deck":["Defend_G","Defend_G","Defend_G","Survivor","Neutralize","AscendersBane","Sucker Punch+1","Quick Slash","Caltrops","Crippling Poison+1","Leg Sweep+1","Die Die Die","Infinite Blades+1","Envenom+1","Ghostly+1","Ghostly+1","Ghostly+1","Ghostly","Ghostly","Caltrops+1","Caltrops+1","Riddle With Holes","Backflip","Noxious Fumes+1","Bite","Bite","Bite","Bite","Bite","After Image+1","Deadly Poison+1","Distraction+1","Reflex+1","Acrobatics","Envenom+1","Footwork+1","Quick Slash+1","Tools of the Trade+1","Apotheosis"],"max_hp_per_floor":[66,66,66,66,66,66,66,66,66,66,66,66,66,66,66,66,66,66,33,33,33,33,33,33,33,33,33,33,33,33,33,33,33,33,33,33,33,33,33,33,35,37,37,39,41,43,45,45,45,45],"relics":["Ring of the Snake","Thread and Needle","Ice Cream","Darkstone Periapt","Mummified Hand","Bird Faced Urn","Frozen Egg 2","Cursed Key","Happy Flower","Gambling Chip","Omamori","Astrolabe","Shuriken","Singing Bowl","Blue Candle","Tiny Chest","Calipers","The Courier"],"card_choices":[{"not_picked":["Backflip","Dodge and Roll"],"picked":"Dagger Spray","floor":1},{"not_picked":["Crippling Poison","Flying Knee"],"picked":"Sucker Punch","floor":3},{"not_picked":["Acrobatics","Deflect"],"picked":"Quick Slash","floor":4},{"not_picked":["Cloak And Dagger","Bouncing Flask"],"picked":"Backstab","floor":5},{"not_picked":["Heel Hook","Flying Knee"],"picked":"Caltrops","floor":6},{"not_picked":["Acrobatics","Caltrops"],"picked":"Crippling Poison","floor":7},{"not_picked":["Terror","Prepared"],"picked":"Leg Sweep","floor":10},{"not_picked":["Dagger Spray","Flechettes"],"picked":"Die Die Die","floor":13},{"not_picked":["Corpse Explosion","Grand Finale"],"picked":"Envenom","floor":16},{"not_picked":["Dagger Spray","Poisoned Stab"],"picked":"Caltrops","floor":20},{"not_picked":["Backstab","Deadly Poison"],"picked":"Caltrops","floor":22},{"not_picked":["Underhanded Strike","Slice"],"picked":"Riddle With Holes","floor":23},{"not_picked":["Dodge and Roll","Dagger Throw"],"picked":"Backflip","floor":28},{"not_picked":["Deadly Poison","Prepared"],"picked":"Noxious Fumes","floor":29},{"not_picked":["Grand Finale","A Thousand Cuts"],"picked":"After Image","floor":33},{"not_picked":["Cloak And Dagger","Slice"],"picked":"Acrobatics","floor":35},{"not_picked":["Backstab","Dagger Spray"],"picked":"Footwork","floor":39},{"not_picked":["Envenom","Underhanded Strike"],"picked":"Quick Slash","floor":40}],"player_experience":419364,"potions_floor_usage":[16,16,16,47,50,50],"damage_taken":[{"damage":0,"enemies":"2 Louse","floor":1,"turns":4},{"damage":0,"enemies":"Small Slimes","floor":3,"turns":3},{"damage":0,"enemies":"Cultist","floor":4,"turns":4},{"damage":0,"enemies":"Blue Slaver","floor":5,"turns":4},{"damage":0,"enemies":"3 Louse","floor":6,"turns":3},{"damage":9,"enemies":"Gremlin Nob","floor":7,"turns":5},{"damage":1,"enemies":"3 Sentries","floor":10,"turns":8},{"damage":16,"enemies":"Lagavulin","floor":13,"turns":8},{"damage":25,"enemies":"Slime Boss","floor":16,"turns":11},{"damage":0,"enemies":"Spheric Guardian","floor":18,"turns":4},{"damage":0,"enemies":"Chosen","floor":20,"turns":4},{"damage":0,"enemies":"Snake Plant","floor":22,"turns":5},{"damage":10,"enemies":"Gremlin Leader","floor":23,"turns":6},{"damage":5,"enemies":"Sentry and Sphere","floor":24,"turns":5},{"damage":0,"enemies":"Book of Stabbing","floor":25,"turns":5},{"damage":0,"enemies":"Slavers","floor":28,"turns":5},{"damage":0,"enemies":"Snecko","floor":29,"turns":4},{"damage":0,"enemies":"Automaton","floor":33,"turns":8},{"damage":3,"enemies":"3 Darklings","floor":35,"turns":4},{"damage":0,"enemies":"Orb Walker","floor":39,"turns":4},{"damage":0,"enemies":"4 Shapes","floor":40,"turns":4},{"damage":5,"enemies":"2 Orb Walkers","floor":41,"turns":5},{"damage":0,"enemies":"Sphere and 2 Shapes","floor":42,"turns":4},{"damage":0,"enemies":"Nemesis","floor":44,"turns":7},{"damage":0,"enemies":"Mysterious Sphere","floor":45,"turns":5},{"damage":0,"enemies":"3 Darklings","floor":46,"turns":4},{"damage":4,"enemies":"2 Orb Walkers","floor":47,"turns":5},{"damage":5,"enemies":"Time Eater","floor":50,"turns":8}],"event_choices":[{"event_name":"World of Goop","player_choice":"Gather Gold","floor":2,"damage_taken":0},{"event_name":"Big Fish","player_choice":"Banana","floor":8,"damage_taken":0},{"event_name":"Ghosts","player_choice":"Became a Ghost","floor":19,"damage_taken":0},{"event_name":"N\u0027loth","player_choice":"Ignored","floor":21,"damage_taken":0},{"event_name":"Vampires","player_choice":"Became a vampire (Vial)","floor":31,"damage_taken":0},{"event_name":"Duplicator","player_choice":"One dupe","floor":36,"damage_taken":0},{"event_name":"Mysterious Sphere","player_choice":"Fight","floor":45,"damage_taken":0}],"boss_relics":[{"not_picked":["Black Star","Calling Bell"],"picked":"Cursed Key"},{"not_picked":["Sozu","Snecko Eye"],"picked":"Astrolabe"}],"potions_floor_spawned":[5,7,10,13,18,24,25,28,39,40,41],"seed_played":"-308735023251686770","ascension_level":15,"is_trial":false}