{"gold_per_floor":[109,109,124,37,37,66,81,81,158,158,158,193,39,54,54,152,152,124,143,54,54,54,54,67,80,80,80,80,80,130,147,147,245,245,257,275,23,43,93,93,125,143,143,242,242,262,277,295,295,295],"floor_reached":51,"playtime":3291,"items_purged":["Strike_R","Strike_R"],"score":916,"play_id":"d8e10299-89ad-40c9-abfa-e9e17ff7d90b","local_time":"20181112190054","is_ascension_mode":true,"campfire_choices":[{"data":"True Grit","floor":8,"key":"SMITH"},{"data":"Feel No Pain","floor":10,"key":"SMITH"},{"data":"Evolve","floor":15,"key":"SMITH"},{"data":"Bash","floor":23,"key":"SMITH"},{"data":"Shrug It Off","floor":28,"key":"SMITH"},{"data":"Deep Breath","floor":32,"key":"SMITH"},{"data":"Demon Form","floor":40,"key":"SMITH"},{"floor":45,"key":"DIG"},{"data":"1","floor":49,"key":"LIFT"}],"neow_cost":"NONE","seed_source_timestamp":720684808829616,"circlet_count":0,"master_deck":["Strike_R+1","Strike_R","Defend_R","Defend_R","Defend_R","Bash+1","Bloodletting","Pommel Strike+1","Corruption","Feel No Pain+1","True Grit+1","Evolve+1","Disarm","Reckless Charge","Sentinel","Reaper","Carnage+1","Enlightenment","Shrug It Off+1","Clothesline+1","Finesse","Deep Breath+1","Demon Form+1","Pommel Strike+1","Shockwave","Offering","Carnage","Offering"],"relics":["Burning Blood","Potion Belt","Magic Flower","Pantograph","Spirit Poop","Juzu Bracelet","Snecko Eye","Omamori","Letter Opener","SsserpentHead","Mark of Pain","Oddly Smooth Stone","Girya","Self Forming Clay","Shovel","Champion Belt"],"potions_floor_usage":[6,12,18,47,50,50],"damage_taken":[{"damage":11,"enemies":"Small Slimes","floor":1,"turns":5},{"damage":1,"enemies":"Cultist","floor":3,"turns":4},{"damage":27,"enemies":"3 Sentries","floor":6,"turns":13},{"damage":3,"enemies":"2 Louse","floor":7,"turns":3},{"damage":32,"enemies":"Gremlin Nob","floor":12,"turns":4},{"damage":2,"enemies":"Large Slime","floor":14,"turns":7},{"damage":33,"enemies":"Hexaghost","floor":16,"turns":13},{"damage":10,"enemies":"2 Thieves","floor":18,"turns":5},{"damage":3,"enemies":"Chosen","floor":19,"turns":6},{"damage":8,"enemies":"Sentry and Sphere","floor":24,"turns":5},{"damage":20,"enemies":"Shelled Parasite and Fungi","floor":25,"turns":6},{"damage":3,"enemies":"Centurion and Healer","floor":31,"turns":6},{"damage":66,"enemies":"Automaton","floor":33,"turns":13},{"damage":0,"enemies":"Orb Walker","floor":35,"turns":3},{"damage":12,"enemies":"3 Shapes","floor":36,"turns":8},{"damage":24,"enemies":"3 Darklings","floor":38,"turns":4},{"damage":3,"enemies":"Nemesis","floor":41,"turns":9},{"damage":7,"enemies":"4 Shapes","floor":42,"turns":4},{"damage":23,"enemies":"2 Orb Walkers","floor":44,"turns":4},{"damage":6,"enemies":"Spire Growth","floor":46,"turns":4},{"damage":8,"enemies":"Jaw Worm Horde","floor":47,"turns":3},{"damage":12,"enemies":"Sphere and 2 Shapes","floor":48,"turns":3},{"damage":19,"enemies":"Time Eater","floor":50,"turns":5}],"seed_played":"2536100132061098072","potions_obtained":[{"floor":1,"key":"Poison Potion"},{"floor":6,"key":"SkillPotion"},{"floor":16,"key":"Block Potion"},{"floor":19,"key":"GamblersBrew"},{"floor":24,"key":"Explosive Potion"},{"floor":33,"key":"SpeedPotion"},{"floor":36,"key":"Weak Potion"},{"floor":38,"key":"Energy Potion"},{"floor":47,"key":"BloodPotion"},{"floor":48,"key":"SkillPotion"}],"is_trial":false,"path_per_floor":["M","?","M","$","?","E","M","R","T","R","?","E","$","M","R","B",null,"M","M","$","?","?","R","M","M","T","?","R","?","?","M","R","B",null,"M","M","$","M","?","R","E","M","T","?","R","M","M","M","R","B",null],"character_chosen":"IRONCLAD","items_purchased":["Feel No Pain","True Grit","Reckless Charge","Enlightenment","Oddly Smooth Stone"],"campfire_rested":0,"item_purchase_floors":[4,4,13,20,37],"current_hp_per_floor":[67,51,56,56,56,35,41,41,41,41,41,18,18,25,25,39,70,78,80,80,80,80,80,80,75,75,75,75,75,51,72,72,29,67,80,77,77,80,80,80,80,80,80,80,80,80,80,80,80,80],"gold":295,"neow_bonus":"TRANSFORM_CARD","is_prod":false,"is_daily":false,"chose_seed":false,"campfire_upgraded":7,"win_rate":0,"timestamp":1542067254,"path_taken":["M","?","M","$","?","E","M","R","T","R","?","E","$","M","R","BOSS","M","M","$","?","?","R","M","M","T","?","R","?","?","M","R","BOSS","M","M","$","M","?","R","E","M","T","?","R","M","M","M","R","BOSS"],"build_version":"2018-11-08","purchased_purges":2,"victory":true,"max_hp_per_floor":[80,80,80,80,80,80,80,80,80,80,80,80,80,80,80,80,80,80,80,80,80,80,80,80,80,80,80,80,80,80,80,80,80,80,80,80,80,80,80,80,80,80,80,80,80,80,80,80,80,80],"card_choices":[{"not_picked":["Intimidate","Wild Strike"],"picked":"Pommel Strike","floor":1},{"not_picked":["Iron Wave","Blood for Blood"],"picked":"Corruption","floor":3},{"not_picked":["Evolve","Iron Wave","Clothesline"],"picked":"SKIP","floor":6},{"not_picked":["Iron Wave","Clothesline"],"picked":"Evolve","floor":6},{"not_picked":["Clash","Heavy Blade","Iron Wave"],"picked":"SKIP","floor":7},{"not_picked":["Sever Soul","Clothesline"],"picked":"Disarm","floor":12},{"not_picked":["Metallicize","Sword Boomerang"],"picked":"Sentinel","floor":14},{"not_picked":["Berserk","Brutality"],"picked":"Reaper","floor":16},{"not_picked":["Heavy Blade","Body Slam","Iron Wave"],"picked":"SKIP","floor":18},{"not_picked":["Corruption","Entrench+1"],"picked":"Carnage+1","floor":19},{"not_picked":["Clash","Sword Boomerang+1"],"picked":"Shrug It Off","floor":24},{"not_picked":["Inflame","Flex"],"picked":"Clothesline+1","floor":25},{"not_picked":["Thunderclap","Clash+1","Wild Strike"],"picked":"SKIP","floor":31},{"not_picked":["Impervious","Fiend Fire"],"picked":"Demon Form","floor":33},{"not_picked":["Havoc+1","Second Wind+1"],"picked":"Pommel Strike+1","floor":35},{"not_picked":["Corruption+1","Cleave+1","Armaments+1"],"picked":"SKIP","floor":36},{"not_picked":["Clash","Thunderclap"],"picked":"Shockwave","floor":38},{"not_picked":["Infernal Blade","Pommel Strike"],"picked":"Offering","floor":41},{"not_picked":["Ghostly Armor","Dual Wield+1"],"picked":"Carnage","floor":42},{"not_picked":["Clash+1","True Grit","Warcry+1"],"picked":"SKIP","floor":46},{"not_picked":["Anger","Shockwave+1"],"picked":"Offering","floor":47},{"not_picked":["True Grit","Rupture+1","Intimidate"],"picked":"SKIP","floor":48}],"player_experience":357037,"relics_obtained":[{"floor":6,"key":"Magic Flower"},{"floor":9,"key":"Pantograph"},{"floor":12,"key":"Juzu Bracelet"},{"floor":26,"key":"Omamori"},{"floor":41,"key":"Girya"},{"floor":43,"key":"Self Forming Clay"},{"floor":44,"key":"Shovel"},{"floor":45,"key":"Champion Belt"}],"event_choices":[{"damage_healed":0,"gold_gain":0,"player_choice":"Entered Light","damage_taken":16,"max_hp_gain":0,"max_hp_loss":0,"event_name":"Shining Light","floor":2,"gold_loss":0,"cards_upgraded":["Strike_R","Pommel Strike"]},{"damage_healed":0,"gold_gain":0,"player_choice":"Box","damage_taken":0,"relics_obtained":["Potion Belt"],"max_hp_gain":0,"max_hp_loss":0,"event_name":"Big Fish","floor":5,"gold_loss":0,"cards_obtained":["Regret"]},{"cards_removed":["Regret"],"damage_healed":0,"gold_gain":0,"player_choice":"Offered Curse","damage_taken":0,"relics_obtained":["Spirit Poop"],"max_hp_gain":0,"max_hp_loss":0,"event_name":"Bonfire Elementals","floor":11,"gold_loss":0},{"damage_healed":0,"gold_gain":0,"player_choice":"Ignored","damage_taken":0,"max_hp_gain":0,"max_hp_loss":0,"event_name":"Ghosts","floor":21,"gold_loss":0},{"damage_healed":0,"gold_gain":0,"player_choice":"Ignored","damage_taken":0,"max_hp_gain":0,"max_hp_loss":0,"event_name":"Vampires","floor":22,"gold_loss":0},{"damage_healed":0,"gold_gain":0,"player_choice":"Opened","damage_taken":0,"relics_obtained":["Letter Opener"],"max_hp_gain":0,"max_hp_loss":0,"event_name":"The Mausoleum","floor":27,"gold_loss":0},{"damage_healed":0,"gold_gain":0,"player_choice":"Trade","damage_taken":0,"relics_obtained":["SsserpentHead"],"max_hp_gain":0,"max_hp_loss":0,"event_name":"FaceTrader","floor":29,"gold_loss":0},{"damage_healed":0,"gold_gain":0,"player_choice":"CARD CARD ","damage_taken":24,"max_hp_gain":0,"max_hp_loss":0,"event_name":"Knowing Skull","floor":30,"potions_obtained":[],"gold_loss":0,"cards_obtained":["Finesse","Deep Breath"]},{"cards_removed":["Defend_R"],"damage_healed":0,"gold_gain":0,"player_choice":"Removed Skill","damage_taken":0,"max_hp_gain":0,"max_hp_loss":0,"event_name":"Falling","floor":39,"gold_loss":0},{"damage_healed":0,"gold_gain":0,"player_choice":"Fight","damage_taken":0,"max_hp_gain":0,"max_hp_loss":0,"event_name":"Mysterious Sphere","floor":44,"gold_loss":0}],"is_beta":true,"boss_relics":[{"not_picked":["Eternal Feather","Pandora\u0027s Box"],"picked":"Snecko Eye"},{"not_picked":["Runic Cube","Velvet Choker"],"picked":"Mark of Pain"}],"items_purged_floors":[13,37],"is_endless":false,"potions_floor_spawned":[1,6,16,19,24,33,36,38,41,47,48],"ascension_level":8}