{"gold_per_floor":[112,112,44,63,74,101,117,12,12,0],"floor_reached":10,"playtime":946,"items_purged":[],"score":68,"play_id":"32be8e3e-3434-474a-b52c-3aadefbc63bc","local_time":"20190121194814","is_ascension_mode":false,"campfire_choices":[],"neow_cost":"NONE","seed_source_timestamp":962473381402100,"circlet_count":0,"master_deck":["Strike_Br","Strike_Br","Strike_Br","Strike_Br","Defend_Br","Defend_Br","Defend_Br","Defend_Br","SecondHand","PatternShift","WindUp","LockedOrichalcum","LockedAnchor","VestedLegacy","CrunchTime","ReapSow","SlimeSpray","Allegro"],"relics":["Chronometer","NeowsBlessing","Pear","Torii"],"potions_floor_usage":[],"damage_taken":[{"damage":0,"enemies":"Small Slimes","floor":1,"turns":1},{"damage":0,"enemies":"Cultist","floor":4,"turns":1},{"damage":0,"enemies":"2 Louse","floor":5,"turns":1},{"damage":51,"enemies":"Lagavulin","floor":6,"turns":13},{"damage":12,"enemies":"Blue Slaver","floor":7,"turns":4},{"damage":12,"enemies":"Exordium Thugs","floor":10,"turns":2}],"seed_played":"2599597892075958187","potions_obtained":[{"floor":1,"key":"Ancient Potion"},{"floor":4,"key":"Dexterity Potion"}],"is_trial":false,"path_per_floor":["M","?","$","M","M","E","M","$","T","M"],"character_chosen":"CHRONO_CLASS","items_purchased":["LockedOrichalcum","SlimeSpray","Tempo"],"campfire_rested":0,"item_purchase_floors":[3,8,8],"current_hp_per_floor":[65,65,65,65,65,24,12,12,12,0],"gold":0,"neow_bonus":"THREE_ENEMY_KILL","is_prod":false,"is_daily":false,"chose_seed":false,"campfire_upgraded":0,"win_rate":0.0,"timestamp":1548128894,"path_taken":["M","?","$","M","?","E","M","?","T","M"],"build_version":"2019-01-17v2","purchased_purges":0,"victory":false,"max_hp_per_floor":[65,65,65,65,65,75,75,75,75,75],"card_choices":[{"not_picked":["Break","BlueShift"],"picked":"WindUp","floor":1},{"not_picked":["BlueShift","LockedMedicine"],"picked":"LockedAnchor","floor":4},{"not_picked":["BiteCommand","ReapSow"],"picked":"VestedLegacy","floor":5},{"not_picked":["Echoward","BeatsPerMinute"],"picked":"CrunchTime","floor":6},{"not_picked":["Parity","Tempo"],"picked":"ReapSow","floor":7}],"player_experience":606856,"relics_obtained":[{"floor":6,"key":"Pear"},{"floor":9,"key":"Torii"}],"event_choices":[{"damage_healed":0,"gold_gain":0,"player_choice":"Ignored","damage_taken":0,"max_hp_gain":0,"max_hp_loss":0,"event_name":"NoteForYourself","floor":2,"gold_loss":0}],"is_beta":false,"boss_relics":[],"items_purged_floors":[],"is_endless":false,"potions_floor_spawned":[1,4],"killed_by":"Exordium Thugs","ascension_level":0}