{"gold_per_floor":[119,119,119,139,157,192,192,39,64,90,90,104,104,117,117,218,218,235,415,77,77,77,77,108,85,85,113,126,146,146,161,161,261,261,280,280,299,299,319,319,345,345,425,110,136,248,260,14,14,14],"floor_reached":50,"playtime":2370,"items_purged":["Defend_R","Defend_R","Defend_R"],"score":678,"play_id":"38be8488-8000-47d4-866e-a6e9acff9a26","local_time":"20190201200729","is_ascension_mode":true,"campfire_choices":[{"floor":7,"key":"RECALL"},{"floor":11,"key":"REST"},{"data":"Infernal Blade","floor":13,"key":"SMITH"},{"floor":15,"key":"REST"},{"floor":23,"key":"REST"},{"floor":32,"key":"REST"},{"floor":40,"key":"REST"},{"floor":42,"key":"REST"},{"floor":49,"key":"REST"}],"neow_cost":"NONE","seed_source_timestamp":2060164232117911,"circlet_count":0,"master_deck":["Strike_R","Strike_R","Strike_R","Bash","Thunderclap","Spot Weakness","Ghostly Armor","Cleave","Infernal Blade+1","Headbutt","Disarm","Headbutt","Immolate","True Grit+1","Clash","Iron Wave+1","Uppercut","Warcry","Clash","Demon Form+1","Cleave","Shockwave+1","Secret Weapon","Infernal Blade+1","Clash","Flex+1","Clash"],"relics":["Burning Blood","Strawberry","Mummified Hand","Runic Pyramid","Bottled Flame","Ancient Tea Set","Singing Bowl","Kunai","Frozen Egg 2","Fusion Hammer","Happy Flower","Blue Candle","Potion Belt","MawBank","Dead Branch","HandDrill"],"potions_floor_usage":[10,33,33,47,50,50],"damage_taken":[{"damage":7,"enemies":"Small Slimes","floor":1,"turns":3},{"damage":7,"enemies":"Jaw Worm","floor":4,"turns":3},{"damage":3,"enemies":"2 Louse","floor":5,"turns":2},{"damage":30,"enemies":"3 Sentries","floor":6,"turns":8},{"damage":40,"enemies":"Lagavulin","floor":10,"turns":5},{"damage":6,"enemies":"Exordium Thugs","floor":12,"turns":3},{"damage":2,"enemies":"3 Louse","floor":14,"turns":2},{"damage":57,"enemies":"Hexaghost","floor":16,"turns":12},{"damage":20,"enemies":"Shell Parasite","floor":18,"turns":6},{"damage":36,"enemies":"Slavers","floor":24,"turns":3},{"damage":21,"enemies":"Gremlin Leader","floor":27,"turns":4},{"damage":0,"enemies":"Chosen","floor":28,"turns":4},{"damage":15,"enemies":"Centurion and Healer","floor":29,"turns":3},{"damage":9,"enemies":"3 Cultists","floor":31,"turns":4},{"damage":48,"enemies":"Automaton","floor":33,"turns":8},{"damage":22,"enemies":"3 Darklings","floor":35,"turns":3},{"damage":15,"enemies":"Orb Walker","floor":37,"turns":3},{"damage":6,"enemies":"Jaw Worm Horde","floor":39,"turns":3},{"damage":25,"enemies":"Reptomancer","floor":41,"turns":3},{"damage":35,"enemies":"Giant Head","floor":45,"turns":6},{"damage":15,"enemies":"Mind Bloom Boss Battle","floor":46,"turns":3},{"damage":5,"enemies":"Maw","floor":47,"turns":4},{"damage":83,"enemies":"Time Eater","floor":50,"turns":9}],"seed_played":"6810849970376327162","potions_obtained":[{"floor":5,"key":"Swift Potion"},{"floor":6,"key":"Poison Potion"},{"floor":12,"key":"SteroidPotion"},{"floor":14,"key":"Ancient Potion"},{"floor":27,"key":"PowerPotion"},{"floor":33,"key":"SmokeBomb"},{"floor":35,"key":"Ancient Potion"},{"floor":37,"key":"Weak Potion"}],"is_trial":false,"path_per_floor":["M","?","?","M","M","E","R","$","T","E","R","M","R","M","R","B",null,"M","?","$","?","$","R","E","$","T","E","M","M","T","M","R","B",null,"M","?","M","?","M","R","E","R","T","$","E","?","M","$","R","B"],"character_chosen":"IRONCLAD","items_purchased":["Infernal Blade","Bottled Flame","Clash","Potion Belt","Clash","Clash","HandDrill"],"campfire_rested":7,"item_purchase_floors":[8,20,25,44,44,48,48],"current_hp_per_floor":[79,72,72,71,74,57,57,57,57,23,49,49,49,53,79,28,87,73,49,49,49,49,75,45,45,45,30,36,27,27,24,50,8,87,71,71,62,62,62,87,70,89,89,89,60,53,54,54,81,0],"gold":14,"neow_bonus":"REMOVE_CARD","is_prod":false,"is_daily":false,"chose_seed":false,"campfire_upgraded":1,"win_rate":0,"timestamp":1549069649,"path_taken":["M","?","?","M","?","E","R","$","T","E","R","M","R","M","R","BOSS","M","?","?","?","?","R","E","$","T","E","M","?","?","M","R","BOSS","M","?","M","?","M","R","E","R","T","$","E","?","M","?","R","BOSS"],"build_version":"2019-01-23","purchased_purges":3,"victory":false,"max_hp_per_floor":[80,80,80,80,80,87,87,87,87,87,87,87,87,87,87,87,87,87,87,87,87,87,87,87,87,87,87,87,87,87,87,87,87,87,87,87,87,87,87,87,89,89,89,89,89,91,91,91,91,91],"card_choices":[{"not_picked":["Wild Strike","Combust"],"picked":"Thunderclap","floor":1},{"not_picked":["Rampage","Sword Boomerang"],"picked":"Spot Weakness","floor":4},{"not_picked":["Havoc","Whirlwind"],"picked":"Ghostly Armor","floor":5},{"not_picked":["Armaments","Thunderclap"],"picked":"Cleave","floor":6},{"not_picked":["Heavy Blade","True Grit"],"picked":"Headbutt","floor":10},{"not_picked":["Headbutt","True Grit"],"picked":"Disarm","floor":12},{"not_picked":["Havoc","Sword Boomerang"],"picked":"Headbutt","floor":14},{"not_picked":["Barricade","Reaper"],"picked":"Immolate","floor":16},{"not_picked":["Twin Strike","Pommel Strike"],"picked":"True Grit+1","floor":18},{"not_picked":["Second Wind","Bloodletting"],"picked":"Offering","floor":24},{"not_picked":["Whirlwind+1","Intimidate"],"picked":"Iron Wave+1","floor":27},{"not_picked":["Clothesline","Clash+1"],"picked":"Uppercut","floor":28},{"not_picked":["Havoc","Evolve"],"picked":"Warcry","floor":29},{"not_picked":["Havoc","Combust+1"],"picked":"Clash","floor":31},{"not_picked":["Reaper","Dark Embrace+1"],"picked":"Demon Form+1","floor":33},{"not_picked":["Fire Breathing+1","Warcry+1"],"picked":"Cleave","floor":35},{"not_picked":["Anger","Twin Strike+1"],"picked":"Shockwave+1","floor":37},{"not_picked":["Blind","Deep Breath"],"picked":"Secret Weapon","floor":38},{"not_picked":["Clash+1","Heavy Blade+1"],"picked":"Infernal Blade+1","floor":39},{"not_picked":["Iron Wave","Disarm","Pommel Strike"],"picked":"Singing Bowl","floor":41},{"not_picked":["Immolate","Perfected Strike+1"],"picked":"Flex+1","floor":45},{"not_picked":["Metallicize+1","Second Wind","Evolve+1"],"picked":"Singing Bowl","floor":46}],"player_experience":128078,"relics_obtained":[{"floor":6,"key":"Strawberry"},{"floor":10,"key":"Mummified Hand"},{"floor":24,"key":"Ancient Tea Set"},{"floor":26,"key":"Singing Bowl"},{"floor":27,"key":"Kunai"},{"floor":30,"key":"Frozen Egg 2"},{"floor":41,"key":"Happy Flower"},{"floor":43,"key":"Blue Candle"},{"floor":45,"key":"MawBank"},{"floor":46,"key":"Dead Branch"}],"event_choices":[{"cards_removed":["Strike_R"],"damage_healed":0,"gold_gain":0,"player_choice":"Card Removal","damage_taken":7,"max_hp_gain":0,"max_hp_loss":0,"event_name":"Golden Wing","floor":2,"gold_loss":0},{"cards_removed":["Strike_R"],"damage_healed":0,"gold_gain":0,"player_choice":"Forget","damage_taken":0,"max_hp_gain":0,"max_hp_loss":0,"event_name":"Living Wall","floor":3,"gold_loss":0},{"damage_healed":0,"gold_gain":180,"player_choice":"GOLD GOLD ","damage_taken":24,"max_hp_gain":0,"max_hp_loss":0,"event_name":"Knowing Skull","floor":19,"potions_obtained":[],"gold_loss":0,"cards_obtained":[]},{"cards_removed":["Offering"],"damage_healed":0,"gold_gain":0,"player_choice":"Removed Skill","damage_taken":0,"max_hp_gain":0,"max_hp_loss":0,"event_name":"Falling","floor":36,"gold_loss":0},{"damage_healed":0,"gold_gain":0,"player_choice":"Memory 1","damage_taken":0,"max_hp_gain":0,"max_hp_loss":0,"event_name":"SensoryStone","floor":38,"gold_loss":0},{"damage_healed":0,"gold_gain":0,"player_choice":"Fight","damage_taken":0,"max_hp_gain":0,"max_hp_loss":0,"event_name":"MindBloom","floor":46,"gold_loss":0}],"is_beta":false,"boss_relics":[{"not_picked":["Busted Crown","Lizard Tail"],"picked":"Runic Pyramid"},{"not_picked":["White Beast Statue","Sozu"],"picked":"Fusion Hammer"}],"items_purged_floors":[8,20,44],"is_endless":false,"potions_floor_spawned":[5,6,12,14,18,27,33,35,37,39,41],"killed_by":"Time Eater","ascension_level":3}