{"gold_per_floor":[116,116,116,116,127,127,140,172,172,172,191,203,220,285,285,285],"floor_reached":16,"playtime":428,"items_purged":[],"score":102,"play_id":"67242ba1-c30d-49bd-8422-d4ae8f7440f8","local_time":"20180822170135","is_ascension_mode":false,"campfire_choices":[{"floor":6,"key":"REST"},{"data":"Quick Slash","floor":10,"key":"SMITH"},{"floor":15,"key":"REST"}],"neow_cost":"PERCENT_DAMAGE","seed_source_timestamp":68077661717200,"circlet_count":0,"master_deck":["Defend_G","Defend_G","Defend_G+1","Defend_G+1","Defend_G","Strike_G","Strike_G","Strike_G","Strike_G","Survivor","Neutralize","Backstab","A Thousand Cuts","Dagger Throw","Quick Slash+1","Dagger Throw","Sucker Punch","Dagger Throw","Poisoned Stab"],"relics":["Ring of the Snake","Tough Bandages","NlothsMask","Question Card","Orichalcum"],"potions_floor_usage":[],"damage_taken":[{"damage":3,"enemies":"Jaw Worm","floor":1,"turns":4},{"damage":0,"enemies":"2 Louse","floor":5,"turns":3},{"damage":0,"enemies":"Small Slimes","floor":7,"turns":4},{"damage":9,"enemies":"3 Sentries","floor":8,"turns":11},{"damage":5,"enemies":"Looter","floor":11,"turns":3},{"damage":0,"enemies":"2 Fungi Beasts","floor":12,"turns":3},{"damage":12,"enemies":"Lots of Slimes","floor":13,"turns":3},{"damage":20,"enemies":"3 Sentries","floor":14,"turns":6},{"damage":0,"enemies":"Slime Boss","floor":16,"turns":1}],"seed_played":"7905046677589570080","potions_obtained":[{"floor":1,"key":"Energy Potion"},{"floor":7,"key":"Dexterity Potion"},{"floor":12,"key":"FairyPotion"}],"is_trial":false,"path_per_floor":["M","?","?","?","M","R","M","E","T","R","M","M","M","?","R"],"character_chosen":"THE_SILENT","items_purchased":[],"campfire_rested":2,"item_purchase_floors":[],"current_hp_per_floor":[46,32,32,32,32,53,53,44,44,44,39,39,27,7,28,28],"gold":285,"neow_bonus":"ONE_RARE_RELIC","is_prod":false,"is_daily":false,"chose_seed":false,"campfire_upgraded":1,"win_rate":0,"timestamp":1534971695,"path_taken":["M","?","?","?","M","R","M","E","T","R","M","?","?","?","R","BOSS"],"build_version":"2018-08-16","purchased_purges":0,"victory":false,"max_hp_per_floor":[70,70,70,70,70,70,70,70,70,70,70,70,70,70,70,70],"card_choices":[{"not_picked":["PiercingWail","Reflex"],"picked":"Backstab","floor":1},{"not_picked":["Infinite Blades","Quick Slash"],"picked":"Dagger Throw","floor":5},{"not_picked":["Backflip","Dash","PiercingWail"],"picked":"SKIP","floor":7},{"not_picked":["Bullet Time","Underhanded Strike"],"picked":"Quick Slash","floor":8},{"not_picked":["Sucker Punch","Slice","PiercingWail"],"picked":"Dagger Throw","floor":11},{"not_picked":["Outmaneuver","Blur","Deflect"],"picked":"Sucker Punch","floor":12},{"not_picked":["Dagger Spray","Venomology","Distraction"],"picked":"Dagger Throw","floor":13},{"not_picked":["Dash","Dodge and Roll","Well Laid Plans"],"picked":"Poisoned Stab","floor":14}],"player_experience":133432,"relics_obtained":[{"floor":8,"key":"Question Card"},{"floor":14,"key":"Orichalcum"}],"event_choices":[{"event_name":"Shining Light","player_choice":"Entered Light","floor":2,"damage_taken":0},{"event_name":"Transmorgrifier","player_choice":"Transform","floor":3,"damage_taken":0},{"event_name":"FaceTrader","player_choice":"Trade","floor":4,"damage_taken":0},{"event_name":"Dead Adventurer","player_choice":"Searched \u00271\u0027 times","floor":14,"damage_taken":0}],"is_beta":false,"boss_relics":[],"items_purged_floors":[],"is_endless":false,"potions_floor_spawned":[1,7,12,14],"killed_by":"Slime Boss","ascension_level":0}