{"gold_per_floor":[115,115,40,11,11,41,58,90,115,140,140,151,170,90,90,161,161,179,179,192,209,159,159,193,193,193,218,58,71,71,86,86,163,163,180,180,197,197,208,208,4,17,44,44,44,69,69,84,84,84],"floor_reached":50,"playtime":2402,"items_purged":[],"score":1218,"play_id":"b121f6ee-3ba1-441f-adb2-bff6a99445f8","local_time":"20190117212209","is_ascension_mode":true,"campfire_choices":[{"data":"Sunder","floor":11,"key":"SMITH"},{"data":"Ball Lightning","floor":15,"key":"SMITH"},{"floor":23,"key":"REST"},{"data":"Sunder","floor":25,"key":"SMITH"},{"floor":30,"key":"DIG"},{"floor":32,"key":"DIG"},{"floor":40,"key":"DIG"},{"floor":44,"key":"DIG"},{"floor":47,"key":"DIG"},{"floor":49,"key":"RECALL"}],"neow_cost":"NONE","seed_source_timestamp":621051625152800,"circlet_count":0,"master_deck":["AscendersBane","Strike_B","Strike_B+1","Defend_B","Defend_B","Defend_B+1","Defend_B","Zap","Dualcast+1","FTL","Ball Lightning+1","Glacier","Conserve Battery","Compile Driver","Sunder+1","Ball Lightning+1","White Noise+1","Self Repair","Buffer","Loop","Necronomicurse","Chill+1","Defragment+1","Sunder+1","Doom and Gloom+1","Seek","Defragment","Self Repair+1","Seek","Heatsinks","Madness","Madness","Apotheosis","Echo Form","Dark Shackles"],"relics":["Cracked Core","NeowsBlessing","PreservedInsect","Whetstone","Blue Candle","Regal Pillow","Pen Nib","Philosopher\u0027s Stone","Necronomicon","Question Card","Shovel","War Paint","Letter Opener","Cables","Snecko Eye","Boot","Sundial","Pocketwatch","Ancient Tea Set"],"potions_floor_usage":[8,16,27,27,33,46,50],"damage_taken":[{"damage":0,"enemies":"Small Slimes","floor":1,"turns":1},{"damage":0,"enemies":"3 Sentries","floor":6,"turns":1},{"damage":0,"enemies":"Jaw Worm","floor":7,"turns":1},{"damage":6,"enemies":"Lagavulin","floor":8,"turns":5},{"damage":3,"enemies":"3 Sentries","floor":10,"turns":5},{"damage":0,"enemies":"2 Louse","floor":12,"turns":1},{"damage":12,"enemies":"Exordium Wildlife","floor":13,"turns":3},{"damage":0,"enemies":"Slime Boss","floor":16,"turns":5},{"damage":15,"enemies":"Shell Parasite","floor":18,"turns":6},{"damage":0,"enemies":"Chosen","floor":20,"turns":3},{"damage":21,"enemies":"Shelled Parasite and Fungi","floor":21,"turns":4},{"damage":28,"enemies":"Gremlin Leader","floor":24,"turns":5},{"damage":9,"enemies":"Book of Stabbing","floor":27,"turns":2},{"damage":24,"enemies":"Snake Plant","floor":29,"turns":3},{"damage":0,"enemies":"3 Cultists","floor":31,"turns":5},{"damage":3,"enemies":"Champ","floor":33,"turns":8},{"damage":8,"enemies":"3 Darklings","floor":35,"turns":2},{"damage":13,"enemies":"Orb Walker","floor":37,"turns":2},{"damage":7,"enemies":"Maw","floor":39,"turns":7},{"damage":0,"enemies":"Transient","floor":42,"turns":6},{"damage":0,"enemies":"Nemesis","floor":46,"turns":3},{"damage":21,"enemies":"Writhing Mass","floor":48,"turns":5},{"damage":45,"enemies":"Time Eater","floor":50,"turns":2}],"seed_played":"6531422350175703877","potions_obtained":[{"floor":7,"key":"GamblersBrew"},{"floor":10,"key":"EssenceOfSteel"},{"floor":12,"key":"GamblersBrew"},{"floor":13,"key":"FearPotion"},{"floor":18,"key":"Swift Potion"},{"floor":27,"key":"FearPotion"},{"floor":33,"key":"Energy Potion"},{"floor":35,"key":"Strength Potion"},{"floor":37,"key":"FocusPotion"}],"is_trial":false,"path_per_floor":["M","?","?","$","?","E","M","E","T","E","R","M","M","$","R","B",null,"M","?","M","M","?","R","E","R","T","E","$","M","R","M","R","B",null,"M","?","M","?","M","R","$","M","T","R","?","E","R","M","R","B"],"character_chosen":"DEFECT","items_purchased":["Ball Lightning","Self Repair","Seek","Defragment","Apotheosis"],"campfire_rested":1,"item_purchase_floors":[4,14,28,28,41],"current_hp_per_floor":[64,57,57,57,31,31,31,25,25,22,22,22,10,10,10,17,58,57,36,43,22,22,58,44,44,44,35,35,18,18,35,35,49,66,68,55,42,42,42,42,42,59,59,59,59,59,59,45,45,0],"gold":84,"neow_bonus":"THREE_ENEMY_KILL","is_prod":false,"is_daily":false,"chose_seed":false,"campfire_upgraded":3,"win_rate":0,"timestamp":1547788929,"path_taken":["M","?","?","$","?","E","M","E","T","E","R","?","?","?","R","BOSS","M","?","M","M","?","R","E","R","T","E","$","?","R","M","R","BOSS","M","?","M","?","?","R","$","M","T","R","?","E","R","M","R","BOSS"],"build_version":"2019-01-17","purchased_purges":0,"victory":false,"max_hp_per_floor":[71,71,71,71,71,71,71,71,71,71,71,71,71,71,71,71,71,71,71,71,71,71,71,71,71,71,71,71,71,71,71,71,71,71,71,71,71,71,71,71,71,71,71,71,71,71,71,71,71,71],"card_choices":[{"not_picked":["Compile Driver","Redo"],"picked":"FTL","floor":1},{"not_picked":["FTL","Streamline"],"picked":"Glacier","floor":6},{"not_picked":["Tempest","Barrage"],"picked":"Conserve Battery","floor":7},{"not_picked":["Meteor Strike","Hello World"],"picked":"Compile Driver","floor":8},{"not_picked":["Darkness","Barrage"],"picked":"Sunder","floor":10},{"not_picked":["Rebound","Storm"],"picked":"Ball Lightning","floor":12},{"not_picked":["Rebound","Undo"],"picked":"White Noise","floor":13},{"not_picked":["Amplify","Fission"],"picked":"Buffer","floor":16},{"not_picked":["Steam","Sweeping Beam"],"picked":"Loop","floor":18},{"not_picked":["Redo","Compile Driver+1"],"picked":"Chill+1","floor":20},{"not_picked":["Coolheaded+1","Beam Cell"],"picked":"Defragment","floor":21},{"not_picked":["Auto Shields+1","Aggregate"],"picked":"Sunder","floor":24},{"not_picked":["Rip and Tear","Defragment","Go for the Eyes"],"picked":"Doom and Gloom+1","floor":27},{"not_picked":["Compile Driver+1","Hologram","Steam"],"picked":"Self Repair+1","floor":29},{"not_picked":["Rip and Tear","Conserve Battery","Steam+1","Darkness"],"picked":"SKIP","floor":31},{"not_picked":["Meteor Strike","Hyperbeam","Core Surge"],"picked":"Seek","floor":33},{"not_picked":["Sunder","Turbo","Leap"],"picked":"Heatsinks","floor":35},{"not_picked":["Sweeping Beam","Rebound","Compile Driver","Darkness"],"picked":"SKIP","floor":37},{"not_picked":["Scrape","Darkness+1","Turbo+1","Beam Cell+1"],"picked":"SKIP","floor":39},{"not_picked":["Go for the Eyes","Barrage","Cold Snap"],"picked":"Echo Form","floor":42},{"not_picked":["The Bomb","Apotheosis","Dramatic Entrance"],"picked":"Dark Shackles","floor":45},{"not_picked":["Steam","Barrage","Redo","Go for the Eyes"],"picked":"SKIP","floor":46},{"not_picked":["Steam","Hyperbeam","Sweeping Beam","Go for the Eyes+1"],"picked":"SKIP","floor":48}],"player_experience":523980,"relics_obtained":[{"floor":6,"key":"Whetstone"},{"floor":8,"key":"Blue Candle"},{"floor":9,"key":"Regal Pillow"},{"floor":10,"key":"Pen Nib"},{"floor":19,"key":"Necronomicon"},{"floor":24,"key":"Question Card"},{"floor":26,"key":"Shovel"},{"floor":27,"key":"War Paint"},{"floor":30,"key":"Letter Opener"},{"floor":32,"key":"Cables"},{"floor":40,"key":"Boot"},{"floor":44,"key":"Sundial"},{"floor":46,"key":"Pocketwatch"},{"floor":47,"key":"Ancient Tea Set"}],"event_choices":[{"cards_removed":["Strike_B"],"damage_healed":0,"gold_gain":0,"player_choice":"Card Removal","damage_taken":7,"max_hp_gain":0,"max_hp_loss":0,"event_name":"Golden Wing","floor":2,"gold_loss":0},{"cards_removed":["Strike_B"],"damage_healed":0,"gold_gain":0,"player_choice":"Card Removal","damage_taken":0,"max_hp_gain":0,"max_hp_loss":0,"event_name":"The Cleric","floor":3,"gold_loss":75},{"damage_healed":0,"gold_gain":0,"player_choice":"Success","damage_taken":26,"relics_obtained":["PreservedInsect"],"max_hp_gain":0,"max_hp_loss":0,"event_name":"Scrap Ooze","floor":5,"gold_loss":0},{"damage_healed":0,"gold_gain":0,"player_choice":"Obtained Book","damage_taken":21,"max_hp_gain":0,"max_hp_loss":0,"event_name":"Cursed Tome","floor":19,"gold_loss":0},{"damage_healed":0,"gold_gain":0,"player_choice":"Upgraded Two","damage_taken":0,"max_hp_gain":0,"max_hp_loss":0,"event_name":"Designer","floor":22,"gold_loss":50,"cards_upgraded":["Defragment","Defend_B"]},{"damage_healed":0,"gold_gain":0,"player_choice":"Embrace Madness","damage_taken":13,"max_hp_gain":0,"max_hp_loss":0,"event_name":"Winding Halls","floor":36,"gold_loss":0,"cards_obtained":["Madness","Madness"]},{"damage_healed":0,"gold_gain":0,"player_choice":"Ignored","damage_taken":0,"max_hp_gain":0,"max_hp_loss":0,"event_name":"SecretPortal","floor":38,"gold_loss":0},{"damage_healed":0,"gold_gain":0,"player_choice":"Memory 1","damage_taken":0,"max_hp_gain":0,"max_hp_loss":0,"event_name":"SensoryStone","floor":45,"gold_loss":0}],"is_beta":false,"boss_relics":[{"not_picked":["Sozu","Pandora\u0027s Box"],"picked":"Philosopher\u0027s Stone"},{"not_picked":["Busted Crown","Cursed Key"],"picked":"Snecko Eye"}],"items_purged_floors":[],"is_endless":false,"potions_floor_spawned":[7,10,12,13,18,24,27,33,35,37],"killed_by":"Time Eater","ascension_level":18}