{"gold_per_floor":[114,14,24,24,42,77,29,61,142,142,217,242,242,252,252,350,350,350,350,350,153,68,68,68,68,68,68,8,8,8,8,8,8,8,8,8,8,8,8,8,8,8],"floor_reached":42,"playtime":2623,"items_purged":["Strike_R"],"score":643,"play_id":"045ae82c-2d47-441e-a742-8ed3992ae925","local_time":"20181112165455","is_ascension_mode":true,"campfire_choices":[{"floor":10,"key":"REST"},{"data":"Body Slam","floor":15,"key":"SMITH"},{"floor":23,"key":"REST"},{"data":"Feel No Pain","floor":25,"key":"SMITH"},{"floor":27,"key":"REST"},{"data":"Rampage","floor":32,"key":"SMITH"},{"data":"Juggernaut","floor":40,"key":"SMITH"}],"neow_cost":"NONE","seed_source_timestamp":713801525199374,"circlet_count":0,"master_deck":["Strike_R","Defend_R","Defend_R","Defend_R","Defend_R+1","Bash","Body Slam+1","Shrug It Off+1","Feel No Pain+1","Intimidate","Ghostly Armor","True Grit+1","Entrench+1","Body Slam+1","Feed","Rampage+1","Necronomicurse","Master of Strategy","Battle Trance","Decay","Offering","Juggernaut+1","Body Slam","Iron Wave+1"],"relics":["Burning Blood","Ginger","War Paint","Shuriken","Dodecahedron","Ectoplasm","Necronomicon","Red Mask","Tiny Chest","Bottled Tornado","Question Card","Empty Cage","Happy Flower"],"potions_floor_usage":[12,20,33,42],"damage_taken":[{"damage":7,"enemies":"2 Louse","floor":1,"turns":5},{"damage":11,"enemies":"Cultist","floor":3,"turns":5},{"damage":3,"enemies":"Jaw Worm","floor":5,"turns":5},{"damage":26,"enemies":"Gremlin Nob","floor":6,"turns":5},{"damage":15,"enemies":"3 Sentries","floor":8,"turns":15},{"damage":12,"enemies":"Lagavulin","floor":12,"turns":9},{"damage":6,"enemies":"Large Slime","floor":14,"turns":11},{"damage":11,"enemies":"The Guardian","floor":16,"turns":10},{"damage":1,"enemies":"Chosen","floor":18,"turns":5},{"damage":55,"enemies":"Masked Bandits","floor":20,"turns":6},{"damage":28,"enemies":"Book of Stabbing","floor":24,"turns":5},{"damage":7,"enemies":"2 Thieves","floor":28,"turns":4},{"damage":0,"enemies":"Cultist and Chosen","floor":29,"turns":7},{"damage":21,"enemies":"Sentry and Sphere","floor":31,"turns":6},{"damage":11,"enemies":"Automaton","floor":33,"turns":5},{"damage":7,"enemies":"3 Shapes","floor":35,"turns":6},{"damage":19,"enemies":"3 Darklings","floor":38,"turns":3},{"damage":0,"enemies":"Maw","floor":39,"turns":7},{"damage":19,"enemies":"Jaw Worm Horde","floor":41,"turns":3},{"damage":73,"enemies":"Reptomancer","floor":42,"turns":6}],"seed_played":"-2865000696760608319","potions_obtained":[{"floor":1,"key":"FearPotion"},{"floor":12,"key":"FairyPotion"},{"floor":14,"key":"PowerPotion"},{"floor":28,"key":"Strength Potion"},{"floor":29,"key":"LiquidBronze"},{"floor":31,"key":"PowerPotion"},{"floor":33,"key":"Poison Potion"},{"floor":39,"key":"PowerPotion"}],"is_trial":false,"path_per_floor":["M","$","M","?","M","E","$","E","T","R","?","E","?","M","R","B",null,"M","?","?","$","?","R","E","R","T","R","M","M","?","M","R","B",null,"M","?","T","M","M","R","M","E"],"character_chosen":"IRONCLAD","items_purchased":["Shrug It Off","True Grit","Master of Strategy"],"campfire_rested":3,"item_purchase_floors":[2,7,21],"current_hp_per_floor":[71,71,66,50,53,33,33,24,24,48,37,31,31,31,31,26,67,72,56,10,10,10,34,12,12,12,36,38,44,44,29,29,24,71,73,73,73,60,69,69,56,0],"gold":8,"neow_bonus":"REMOVE_CARD","is_prod":false,"is_daily":false,"chose_seed":false,"campfire_upgraded":4,"win_rate":0,"timestamp":1542059695,"path_taken":["M","$","M","?","M","E","$","E","T","R","?","E","?","?","R","BOSS","M","?","?","$","?","R","E","R","T","R","M","M","?","M","R","BOSS","M","?","?","?","M","R","M","E"],"build_version":"2018-11-08","purchased_purges":1,"victory":false,"max_hp_per_floor":[80,80,80,80,80,80,80,80,80,80,80,80,80,80,80,80,80,80,80,83,83,83,83,83,83,83,83,86,86,86,86,86,86,86,89,89,89,89,92,92,92,92],"card_choices":[{"not_picked":["Uppercut","Second Wind"],"picked":"Body Slam","floor":1},{"not_picked":["Dual Wield","True Grit"],"picked":"Feel No Pain","floor":3},{"not_picked":["Fire Breathing","Blood for Blood"],"picked":"Intimidate","floor":5},{"not_picked":["Clash","Berserk"],"picked":"Ghostly Armor","floor":6},{"not_picked":["Fiend Fire","Berserk"],"picked":"Entrench","floor":8},{"not_picked":["Combust","Headbutt","Dropkick"],"picked":"SKIP","floor":12},{"not_picked":["Dropkick","Perfected Strike"],"picked":"Body Slam","floor":14},{"not_picked":["Double Tap","Exhume"],"picked":"Feed","floor":16},{"not_picked":["Flex","Clash"],"picked":"Rampage","floor":18},{"not_picked":["Reckless Charge","Cleave"],"picked":"Battle Trance","floor":24},{"not_picked":["Headbutt","Cleave","Hemokinesis+1","Sever Soul"],"picked":"SKIP","floor":28},{"not_picked":["Thunderclap+1","Rage+1","Headbutt+1","Sword Boomerang"],"picked":"SKIP","floor":29},{"not_picked":["Twin Strike+1","Iron Wave","Pummel"],"picked":"Offering","floor":31},{"not_picked":["Demon Form","Berserk","Double Tap"],"picked":"Juggernaut","floor":33},{"not_picked":["Cleave+1","Perfected Strike+1","Iron Wave"],"picked":"Body Slam","floor":35},{"not_picked":["Anger","Cleave+1","Wild Strike","Flex+1"],"picked":"SKIP","floor":38},{"not_picked":["Heavy Blade","Thunderclap+1","Searing Blow"],"picked":"Iron Wave+1","floor":39},{"not_picked":["Whirlwind+1","Seeing Red","Cleave","Thunderclap+1"],"picked":"SKIP","floor":41}],"player_experience":350234,"relics_obtained":[{"floor":6,"key":"Ginger"},{"floor":8,"key":"War Paint"},{"floor":9,"key":"Shuriken"},{"floor":12,"key":"Dodecahedron"},{"floor":19,"key":"Necronomicon"},{"floor":20,"key":"Red Mask"},{"floor":24,"key":"Bottled Tornado"},{"floor":26,"key":"Question Card"},{"floor":37,"key":"Happy Flower"}],"event_choices":[{"damage_healed":0,"gold_gain":0,"player_choice":"Entered Light","damage_taken":16,"max_hp_gain":0,"max_hp_loss":0,"event_name":"Shining Light","floor":4,"gold_loss":0,"cards_upgraded":["Body Slam","Defend_R"]},{"damage_healed":0,"gold_gain":75,"player_choice":"Gather Gold","damage_taken":11,"max_hp_gain":0,"max_hp_loss":0,"event_name":"World of Goop","floor":11,"gold_loss":0},{"damage_healed":0,"gold_gain":0,"player_choice":"Upgraded","damage_taken":0,"max_hp_gain":0,"max_hp_loss":0,"event_name":"Upgrade Shrine","floor":13,"gold_loss":0,"cards_upgraded":["Entrench"]},{"damage_healed":0,"gold_gain":0,"player_choice":"Obtained Book","damage_taken":16,"max_hp_gain":0,"max_hp_loss":0,"event_name":"Cursed Tome","floor":19,"gold_loss":0},{"damage_healed":0,"gold_gain":0,"player_choice":"Fought Bandits","damage_taken":0,"max_hp_gain":0,"max_hp_loss":0,"event_name":"Masked Bandits","floor":20,"gold_loss":0},{"damage_healed":0,"gold_gain":0,"player_choice":"Obtained Relic","damage_taken":0,"relics_obtained":["Tiny Chest"],"max_hp_gain":0,"max_hp_loss":0,"event_name":"Addict","floor":22,"gold_loss":85},{"damage_healed":0,"gold_gain":0,"player_choice":"Smashed Altar","damage_taken":0,"max_hp_gain":0,"max_hp_loss":0,"event_name":"Forgotten Altar","floor":30,"gold_loss":0,"cards_obtained":["Decay"]},{"damage_healed":0,"gold_gain":222,"player_choice":"Wore Mask","damage_taken":0,"max_hp_gain":0,"max_hp_loss":0,"event_name":"Tomb of Lord Red Mask","floor":36,"gold_loss":0}],"is_beta":true,"boss_relics":[{"not_picked":["Black Star","Lizard Tail"],"picked":"Ectoplasm"},{"not_picked":["White Beast Statue","Sozu"],"picked":"Empty Cage"}],"items_purged_floors":[2],"is_endless":false,"potions_floor_spawned":[1,12,14,28,29,31,33,39],"killed_by":"Reptomancer","ascension_level":8}