{"gold_per_floor":[110,129,144,42,57,92,92,117,186,213,239,251,338,363,375,458,470,498,228,240,13,28,61,61,88,88,88,99,99,116,143,143,215,215,231,241,241,260,272,304,304,333,360,392,64,75,86,6,6,6],"floor_reached":51,"playtime":3691,"items_purged":["Strike_G"],"score":1527,"play_id":"40c9b91e-86f7-429b-8ced-ebf08bb2fd05","local_time":"20180806230202","is_ascension_mode":true,"campfire_choices":[{"data":"Neutralize","floor":7,"key":"SMITH"},{"floor":12,"key":"REST"},{"data":"Skewer","floor":15,"key":"SMITH"},{"floor":24,"key":"REST"},{"floor":27,"key":"REST"},{"floor":29,"key":"REST"},{"floor":32,"key":"REST"},{"floor":41,"key":"REST"},{"floor":49,"key":"REST"}],"neow_cost":"NONE","seed_source_timestamp":2260438061125730,"circlet_count":0,"master_deck":["Defend_G","Defend_G","Defend_G","Defend_G","Strike_G","Strike_G","Strike_G","Strike_G","Survivor","Neutralize+1","AscendersBane","Sucker Punch","Sucker Punch","Dash","Backstab","Dagger Throw","Skewer+1","Backflip","After Image","Cloak And Dagger","Finisher","Predator","Burst","Blade Dance","After Image","Infinite Blades","Finisher","Well Laid Plans","Infinite Blades","Leg Sweep","Cloak And Dagger","Prepared+1","Backstab","Predator","Glass Knife","Skewer+1","Footwork","After Image","Dodge and Roll+1","Prepared+1","PiercingWail+1","Bullet Time+1","Blur+1"],"relics":["Ring of the Snake","Orichalcum","Prayer Wheel","Mango","Bottled Lightning","MawBank","Fusion Hammer","Chemical X","HandDrill","Incense Burner","Happy Flower","Ice Cream","Singing Bowl","WristBlade","Kunai","Bottled Tornado","Lantern","Toxic Egg 2","Pen Nib"],"potions_floor_usage":[8,10,10,16,23,40,42,50,50],"damage_taken":[{"damage":0,"enemies":"Cultist","floor":1,"turns":5},{"damage":3,"enemies":"Small Slimes","floor":2,"turns":3},{"damage":0,"enemies":"Jaw Worm","floor":3,"turns":4},{"damage":5,"enemies":"2 Fungi Beasts","floor":5,"turns":3},{"damage":2,"enemies":"3 Sentries","floor":6,"turns":8},{"damage":14,"enemies":"Gremlin Nob","floor":8,"turns":4},{"damage":17,"enemies":"Lagavulin","floor":10,"turns":8},{"damage":11,"enemies":"Exordium Thugs","floor":11,"turns":5},{"damage":0,"enemies":"Exordium Wildlife","floor":14,"turns":3},{"damage":43,"enemies":"Slime Boss","floor":16,"turns":17},{"damage":1,"enemies":"3 Byrds","floor":18,"turns":7},{"damage":1,"enemies":"Shell Parasite","floor":20,"turns":5},{"damage":10,"enemies":"3 Cultists","floor":22,"turns":6},{"damage":20,"enemies":"Slavers","floor":23,"turns":5},{"damage":20,"enemies":"Book of Stabbing","floor":25,"turns":5},{"damage":6,"enemies":"Cultist and Chosen","floor":28,"turns":5},{"damage":10,"enemies":"Centurion and Healer","floor":30,"turns":6},{"damage":0,"enemies":"Gremlin Leader","floor":31,"turns":6},{"damage":0,"enemies":"Champ","floor":33,"turns":11},{"damage":6,"enemies":"Orb Walker","floor":35,"turns":2},{"damage":0,"enemies":"3 Shapes","floor":36,"turns":3},{"damage":0,"enemies":"Sphere and 2 Shapes","floor":38,"turns":4},{"damage":6,"enemies":"4 Shapes","floor":39,"turns":7},{"damage":12,"enemies":"Giant Head","floor":40,"turns":7},{"damage":24,"enemies":"2 Orb Walkers","floor":42,"turns":5},{"damage":16,"enemies":"Nemesis","floor":44,"turns":5},{"damage":3,"enemies":"3 Darklings","floor":46,"turns":4},{"damage":3,"enemies":"Sphere and 2 Shapes","floor":47,"turns":4},{"damage":13,"enemies":"Awakened One","floor":50,"turns":10}],"seed_played":"-7677527712361874750","potions_obtained":[{"floor":1,"key":"SkillPotion"},{"floor":5,"key":"Regen Potion"},{"floor":8,"key":"Swift Potion"},{"floor":14,"key":"Weak Potion"},{"floor":20,"key":"Strength Potion"},{"floor":25,"key":"GamblersBrew"},{"floor":28,"key":"Strength Potion"},{"floor":38,"key":"PowerPotion"},{"floor":44,"key":"Strength Potion"}],"is_trial":false,"path_per_floor":["M","M","M","$","M","E","R","E","T","E","M","R","?","M","R","B",null,"M","$","M","$","M","E","R","E","T","R","M","R","M","E","R","B",null,"M","M","?","M","M","E","R","E","T","E","$","M","M","$","R","B"],"character_chosen":"THE_SILENT","items_purchased":["Backstab","Dagger Throw","Infinite Blades","Chemical X","HandDrill","Well Laid Plans","Pen Nib","Block Potion","Prepared+1","Blur+1"],"campfire_rested":7,"item_purchase_floors":[4,4,19,19,21,21,45,45,45,48],"current_hp_per_floor":[59,56,56,56,51,49,49,49,49,47,36,60,49,49,49,6,62,61,61,60,60,50,30,54,34,34,58,52,76,66,66,80,80,80,76,80,80,84,78,68,92,70,70,54,54,53,52,52,81,68],"gold":6,"neow_bonus":"RANDOM_COMMON_RELIC","is_prod":false,"is_daily":false,"chose_seed":false,"campfire_upgraded":2,"win_rate":0,"timestamp":1533589322,"path_taken":["M","?","M","$","M","E","R","E","T","E","M","R","?","M","R","BOSS","M","$","?","$","M","E","R","E","T","R","M","R","M","E","R","BOSS","M","M","?","M","M","E","R","E","T","E","$","M","M","?","R","BOSS"],"build_version":"2018-08-02","purchased_purges":1,"victory":true,"max_hp_per_floor":[66,66,66,66,66,66,66,80,80,80,80,80,80,80,80,80,80,80,80,80,80,80,80,80,80,80,80,80,80,80,80,80,80,80,82,86,86,90,90,92,92,94,94,94,94,96,98,98,98,98],"card_choices":[{"not_picked":["Reflex","Deadly Poison"],"picked":"Sucker Punch","floor":1},{"not_picked":["Flechettes","Outmaneuver"],"picked":"Sucker Punch","floor":2},{"not_picked":["Dagger Spray","Backflip"],"picked":"Dash","floor":3},{"not_picked":["Poisoned Stab","Acrobatics"],"picked":"Skewer","floor":5},{"not_picked":["Flying Knee","Poisoned Stab"],"picked":"Backflip","floor":6},{"not_picked":["Outmaneuver","Storm of Steel","Bane"],"picked":"SKIP","floor":8},{"not_picked":["Deadly Poison","Dash"],"picked":"After Image","floor":10},{"not_picked":["Concentrate","Bouncing Flask"],"picked":"Cloak And Dagger","floor":11},{"not_picked":["Cloak And Dagger","Slice"],"picked":"Finisher","floor":11},{"not_picked":["Backstab","Eviscerate"],"picked":"Predator","floor":14},{"not_picked":["Reflex","Masterful Stab","Underhanded Strike"],"picked":"SKIP","floor":14},{"not_picked":["Wraith Form v2","Venomology"],"picked":"Burst","floor":16},{"not_picked":["Deflect","Acrobatics"],"picked":"Blade Dance","floor":18},{"not_picked":["Underhanded Strike+1","Terror"],"picked":"After Image","floor":18},{"not_picked":["Bane","Underhanded Strike"],"picked":"Finisher","floor":20},{"not_picked":["Eviscerate","Distraction","Sucker Punch"],"picked":"SKIP","floor":20},{"not_picked":["Riddle With Holes","Blade Dance"],"picked":"Infinite Blades","floor":22},{"not_picked":["Poisoned Stab","Endless Agony","Blade Dance"],"picked":"SKIP","floor":22},{"not_picked":["Blur","Finisher"],"picked":"Leg Sweep","floor":23},{"not_picked":["Dodge and Roll","Acrobatics"],"picked":"Cloak And Dagger","floor":25},{"not_picked":["Quick Slash","PiercingWail"],"picked":"Prepared+1","floor":28},{"not_picked":["Flechettes","Eviscerate","Crippling Poison+1"],"picked":"SKIP","floor":28},{"not_picked":["Prepared","Deflect"],"picked":"Backstab","floor":30},{"not_picked":["Dagger Throw+1","Quick Slash","Bouncing Flask"],"picked":"SKIP","floor":30},{"not_picked":["Caltrops","Quick Slash"],"picked":"Predator","floor":31},{"not_picked":["Unload","Envenom"],"picked":"Glass Knife","floor":33},{"not_picked":["Leg Sweep","Slice"],"picked":"Skewer+1","floor":35},{"not_picked":["Bane","Noxious Fumes+1","Cloak And Dagger"],"picked":"Singing Bowl","floor":35},{"not_picked":["Dagger Throw+1","Caltrops","Well Laid Plans"],"picked":"Singing Bowl","floor":36},{"not_picked":["Poisoned Stab","Riddle With Holes","Reflex"],"picked":"Singing Bowl","floor":36},{"not_picked":["Bouncing Flask","Reflex+1","Expertise"],"picked":"Singing Bowl","floor":38},{"not_picked":["Finisher","Quick Slash+1","Prepared"],"picked":"Singing Bowl","floor":38},{"not_picked":["Flying Knee","Outmaneuver"],"picked":"Footwork","floor":39},{"not_picked":["Flying Knee","Deadly Poison"],"picked":"After Image","floor":39},{"not_picked":["Crippling Poison","Catalyst+1","Deflect"],"picked":"Singing Bowl","floor":40},{"not_picked":["Blade Dance","Flying Knee","Venomology"],"picked":"Singing Bowl","floor":42},{"not_picked":["Calculated Gamble+1","Flying Knee"],"picked":"Dodge and Roll+1","floor":44},{"not_picked":["Deflect+1","Dagger Throw+1"],"picked":"PiercingWail+1","floor":46},{"not_picked":["Masterful Stab","Reflex+1","Flying Knee"],"picked":"Singing Bowl","floor":46},{"not_picked":["Setup+1","Dagger Spray","Distraction+1"],"picked":"Singing Bowl","floor":47},{"not_picked":["Dagger Spray","Prepared+1"],"picked":"Bullet Time+1","floor":47}],"player_experience":918185,"relics_obtained":[{"floor":6,"key":"Prayer Wheel"},{"floor":8,"key":"Mango"},{"floor":9,"key":"Bottled Lightning"},{"floor":10,"key":"MawBank"},{"floor":23,"key":"Incense Burner"},{"floor":25,"key":"Happy Flower"},{"floor":26,"key":"Ice Cream"},{"floor":31,"key":"Singing Bowl"},{"floor":40,"key":"Kunai"},{"floor":42,"key":"Bottled Tornado"},{"floor":43,"key":"Lantern"},{"floor":44,"key":"Toxic Egg 2"}],"event_choices":[{"event_name":"World of Goop","player_choice":"Gather Gold","floor":13,"damage_taken":0},{"event_name":"Falling","player_choice":"Removed Skill","floor":37,"damage_taken":0}],"is_beta":false,"boss_relics":[{"not_picked":["Busted Crown","Empty Cage"],"picked":"Fusion Hammer"},{"not_picked":["Snecko Eye","Eternal Feather"],"picked":"WristBlade"}],"items_purged_floors":[45],"is_endless":false,"potions_floor_spawned":[1,5,8,14,20,25,28,31,33,38,39,44,47],"ascension_level":15}