{"gold_per_floor":[111,121,132,81,81,108,108,61,88,163,163,193,225,235,235,235],"floor_reached":16,"playtime":510,"items_purged":[],"score":146,"play_id":"fe8ed982-8c47-4758-8f9d-1a1fca944ea5","local_time":"20181017123132","is_ascension_mode":true,"campfire_choices":[{"data":"Zap","floor":7,"key":"SMITH"},{"data":"Conserve Battery","floor":11,"key":"SMITH"},{"floor":15,"key":"REST"}],"neow_cost":"NONE","seed_source_timestamp":8557353786562406,"circlet_count":0,"master_deck":["Strike_B","Strike_B","Strike_B","Strike_B","Defend_B","Defend_B","Defend_B","Defend_B","Zap+1","Dualcast","Conserve Battery+1","Ball Lightning","Sweeping Beam","Turbo","Turbo","Conserve Battery","Gash","Tempest","Streamline"],"relics":["Cracked Core","Centennial Puzzle","Orichalcum","Tiny Chest","Potion Belt"],"potions_floor_usage":[6,6],"damage_taken":[{"damage":1,"enemies":"Cultist","floor":1,"turns":3},{"damage":0,"enemies":"2 Louse","floor":2,"turns":2},{"damage":7,"enemies":"Small Slimes","floor":3,"turns":3},{"damage":30,"enemies":"Lagavulin","floor":6,"turns":4},{"damage":7,"enemies":"3 Sentries","floor":13,"turns":5},{"damage":10,"enemies":"3 Louse","floor":14,"turns":2},{"damage":30,"enemies":"Hexaghost","floor":16,"turns":7}],"seed_played":"-5259950732729786954","potions_obtained":[{"floor":2,"key":"FocusPotion"},{"floor":3,"key":"SteroidPotion"}],"is_trial":false,"path_per_floor":["M","M","M","$","?","E","R","$","T","?","R","?","E","M","R"],"character_chosen":"DEFECT","items_purchased":["Turbo","Gash"],"campfire_rested":1,"item_purchase_floors":[4,8],"current_hp_per_floor":[67,67,60,60,65,35,35,35,35,24,24,21,14,4,28,0],"gold":235,"neow_bonus":"THREE_CARDS","is_prod":false,"is_daily":false,"chose_seed":false,"campfire_upgraded":2,"win_rate":0,"timestamp":1539804692,"path_taken":["M","M","?","?","?","E","R","$","T","?","R","?","E","M","R","BOSS"],"build_version":"2018-10-11","purchased_purges":0,"victory":false,"max_hp_per_floor":[75,75,75,75,80,80,80,80,80,80,80,80,80,80,80,80],"card_choices":[{"not_picked":["Sweeping Beam","Rebound"],"picked":"Conserve Battery","floor":0},{"not_picked":["Turbo","Double Energy"],"picked":"Ball Lightning","floor":1},{"not_picked":["Rebound","Recycle"],"picked":"Sweeping Beam","floor":2},{"not_picked":["Steam Power","Reinforced Body"],"picked":"Turbo","floor":3},{"not_picked":["Scrape","Genetic Algorithm"],"picked":"Conserve Battery","floor":6},{"not_picked":["Turbo","Reprogram"],"picked":"Tempest","floor":13},{"not_picked":["Stack","Hello World"],"picked":"Streamline","floor":14}],"player_experience":290625,"relics_obtained":[{"floor":6,"key":"Centennial Puzzle"},{"floor":9,"key":"Orichalcum"},{"floor":13,"key":"Potion Belt"}],"event_choices":[{"event_name":"Big Fish","player_choice":"Donut","floor":5,"damage_taken":0},{"event_name":"World of Goop","player_choice":"Gather Gold","floor":10,"damage_taken":0},{"event_name":"Scrap Ooze","player_choice":"success","floor":12,"damage_taken":3}],"is_beta":false,"boss_relics":[],"items_purged_floors":[],"is_endless":false,"potions_floor_spawned":[2,3],"killed_by":"Hexaghost","ascension_level":7}