{"path_per_floor":["M","M","?","M","M","R","M","E","T","M","M","E","$","E","R","B",null,"M","?","?","?","M","R","$","E","T","$","?","R","E","M","R","B",null,"M","?","?","?","?","R","?","R","T","?","E","M","$","T","R","B"],"character_chosen":"DEFECT","items_purchased":["Whetstone","Skim+1","Bronze Scales","Art of War","Loop"],"gold_per_floor":[114,130,130,142,159,159,173,203,256,271,291,319,19,51,51,156,156,176,126,126,41,57,57,57,86,109,9,109,109,142,161,161,266,266,279,279,279,279,279,279,279,279,325,377,405,416,35,35,35,35],"floor_reached":51,"campfire_rested":3,"playtime":3486,"item_purchase_floors":[13,13,47,47,47],"current_hp_per_floor":[67,61,61,54,57,57,57,47,47,40,39,29,29,35,57,36,65,65,65,72,72,63,63,63,33,33,33,33,72,76,58,58,31,69,62,62,62,62,52,52,52,52,52,46,40,47,47,47,82,82],"items_purged":["Strike_B","Writhe"],"gold":35,"score":1036,"play_id":"11ac886b-63b2-4d30-b821-d64610f63bbf","local_time":"20180531113411","is_prod":false,"is_daily":false,"chose_seed":false,"is_ascension_mode":true,"campfire_upgraded":5,"win_rate":0,"timestamp":1527759251,"campfire_choices":[{"data":"Zap","floor":6,"key":"SMITH"},{"floor":15,"key":"REST"},{"data":"Consume","floor":23,"key":"SMITH"},{"floor":29,"key":"REST"},{"data":"Go for the Eyes","floor":32,"key":"SMITH"},{"data":"Machine Learning","floor":40,"key":"SMITH"},{"data":"Seek","floor":42,"key":"SMITH"},{"floor":49,"key":"REST"}],"path_taken":["M","M","?","M","M","R","M","E","T","M","M","E","$","E","R","BOSS","M","?","?","?","M","R","$","E","T","$","?","R","E","M","R","BOSS","M","?","?","?","?","R","?","R","T","?","E","M","?","?","R","BOSS"],"build_version":"2018-05-30v2","seed_source_timestamp":48230232414127,"purchased_purges":2,"victory":true,"master_deck":["Zap+1","Dualcast","Hello World","Go for the Eyes","Self Repair","Consume+1","Ball Lightning+1","Turbo","Compile Driver","Seek+1","Conserve Battery+1","Skim+1","Leap+1","Double Energy+1","Seek+1","Go for the Eyes+1","Melter","Redo+1","Cold Snap","Ball Lightning","Fusion+1","Hologram+1","Auto Shields+1","Stack+1","Skim+1","FTL+1","Machine Learning+1","BootSequence+1","Flash of Steel","Panacea+1","Secret Technique+1","Force Field+1","Electrodynamics","Loop","Double Energy+1"],"max_hp_per_floor":[75,75,75,75,75,75,75,75,75,75,75,75,75,75,75,75,75,75,75,82,82,82,82,82,82,82,82,82,82,82,82,82,82,82,82,82,82,82,82,82,82,82,82,82,82,82,82,82,82,82],"relics":["Cracked Core","Juzu Bracelet","Dream Catcher","Orichalcum","Toxic Egg 2","Whetstone","Ancient Tea Set","Pandora\u0027s Box","Strawberry","Bag of Marbles","Regal Pillow","Boot","Cables","Runic Dome","DataDisk","Dead Branch","Ornamental Fan","Bronze Scales","Art of War","Prayer Wheel"],"card_choices":[{"not_picked":["Coolheaded","Streamline"],"picked":"Hello World","floor":1},{"not_picked":["Cold Snap","Hello World"],"picked":"Go for the Eyes","floor":2},{"not_picked":["White Noise","Conserve Battery"],"picked":"Self Repair","floor":4},{"not_picked":["Rebound","Barrage"],"picked":"Consume","floor":5},{"not_picked":["Sweeping Beam","Tempest"],"picked":"Ball Lightning","floor":7},{"not_picked":["Gash","Force Field"],"picked":"Turbo","floor":8},{"not_picked":["Steam","Beam Cell"],"picked":"Compile Driver","floor":10},{"not_picked":["Compile Driver","Tempest"],"picked":"Seek","floor":11},{"not_picked":["Storm","Rebound"],"picked":"Conserve Battery","floor":12},{"not_picked":["Rainbow+1","Streamline"],"picked":"Leap+1","floor":14},{"not_picked":["Conserve Battery+1","Heatsinks"],"picked":"Double Energy+1","floor":15},{"not_picked":["All For One","Multi-Cast+1"],"picked":"Seek+1","floor":16},{"not_picked":["Steam+1","Barrage"],"picked":"Fusion+1","floor":18},{"not_picked":["Force Field+1","Steam Power+1"],"picked":"Hologram+1","floor":22},{"not_picked":["Hologram+1","Rainbow+1"],"picked":"Auto Shields+1","floor":25},{"not_picked":["Steam+1","Streamline"],"picked":"Stack+1","floor":29},{"not_picked":["Scrape+1","Lockon"],"picked":"Skim+1","floor":30},{"not_picked":["Streamline","Leap+1"],"picked":"FTL+1","floor":31},{"not_picked":["Echo Form","Rainbow+1"],"picked":"Machine Learning","floor":33},{"not_picked":["Melter","Reinforced Body+1"],"picked":"BootSequence+1","floor":35},{"not_picked":["Dramatic Entrance","Jack Of All Trades+1"],"picked":"Flash of Steel","floor":39},{"not_picked":["Dramatic Entrance","Good Instincts+1"],"picked":"Panacea+1","floor":39},{"not_picked":["Magnetism","Mind Blast"],"picked":"Secret Technique+1","floor":39},{"not_picked":["Leap+1","Heatsinks"],"picked":"Force Field+1","floor":45},{"not_picked":["Recycle+1","Turbo+1"],"picked":"Electrodynamics","floor":46},{"not_picked":["Ball Lightning+1","Turbo+1"],"picked":"Double Energy+1","floor":49}],"player_experience":582930,"potions_floor_usage":[7,8,12,16,33,33,33,33,33,44,45],"damage_taken":[{"damage":1,"enemies":"Cultist","floor":1,"turns":3},{"damage":6,"enemies":"Jaw Worm","floor":2,"turns":4},{"damage":7,"enemies":"Small Slimes","floor":4,"turns":4},{"damage":4,"enemies":"Red Slaver","floor":5,"turns":4},{"damage":0,"enemies":"3 Louse","floor":7,"turns":1},{"damage":10,"enemies":"3 Sentries","floor":8,"turns":5},{"damage":14,"enemies":"Exordium Thugs","floor":10,"turns":3},{"damage":8,"enemies":"Blue Slaver","floor":11,"turns":3},{"damage":10,"enemies":"Gremlin Nob","floor":12,"turns":3},{"damage":1,"enemies":"Lagavulin","floor":14,"turns":6},{"damage":28,"enemies":"The Guardian","floor":16,"turns":10},{"damage":0,"enemies":"Spheric Guardian","floor":18,"turns":1},{"damage":9,"enemies":"Shell Parasite","floor":22,"turns":5},{"damage":30,"enemies":"Slavers","floor":25,"turns":6},{"damage":3,"enemies":"Book of Stabbing","floor":30,"turns":7},{"damage":18,"enemies":"Snake Plant","floor":31,"turns":2},{"damage":34,"enemies":"Champ","floor":33,"turns":11},{"damage":14,"enemies":"Flame Bruiser 1 Orb","floor":35,"turns":5},{"damage":13,"enemies":"Mysterious Sphere","floor":44,"turns":5},{"damage":13,"enemies":"Nemesis","floor":45,"turns":6},{"damage":0,"enemies":"3 Shapes","floor":46,"turns":5},{"damage":4,"enemies":"Donu and Deca","floor":50,"turns":6}],"relics_obtained":[{"floor":8,"key":"Dream Catcher"},{"floor":9,"key":"Orichalcum"},{"floor":12,"key":"Toxic Egg 2"},{"floor":14,"key":"Ancient Tea Set"},{"floor":25,"key":"Regal Pillow"},{"floor":26,"key":"Boot"},{"floor":30,"key":"Cables"},{"floor":43,"key":"DataDisk"},{"floor":44,"key":"Dead Branch"},{"floor":45,"key":"Ornamental Fan"},{"floor":48,"key":"Prayer Wheel"}],"event_choices":[{"event_name":"Purifier","player_choice":"One Purge","floor":3,"damage_taken":0},{"event_name":"The Joust","player_choice":"Bet on Murderer","floor":19,"damage_taken":0},{"event_name":"The Mausoleum","player_choice":"Yes","floor":20,"damage_taken":0},{"event_name":"Addict","player_choice":"Obtained Relic","floor":21,"damage_taken":0},{"event_name":"Golden Shrine","player_choice":"Pray","floor":28,"damage_taken":0},{"event_name":"Match and Keep!","player_choice":"0 cards matched","floor":36,"damage_taken":0},{"event_name":"Tomb of Lord Red Mask","player_choice":"Ignored","floor":37,"damage_taken":0},{"event_name":"Purifier","player_choice":"One Purge","floor":38,"damage_taken":0},{"event_name":"SensoryStone","player_choice":"Memory 3","floor":39,"damage_taken":0},{"event_name":"The Lab","player_choice":"Got Potions","floor":41,"damage_taken":0},{"event_name":"Mysterious Sphere","player_choice":"Fight","floor":44,"damage_taken":0}],"boss_relics":[{"not_picked":["Astrolabe","Snecko Eye"],"picked":"Pandora\u0027s Box"},{"not_picked":["Nuclear Battery","Runic Pyramid"],"picked":"Runic Dome"}],"items_purged_floors":[13,27],"potions_floor_spawned":[2,5,8,11,14,30,31,33,44,45],"seed_played":"-888225163941499275","ascension_level":8,"potions_obtained":[{"floor":2,"key":"Block Potion"},{"floor":5,"key":"Explosive Potion"},{"floor":8,"key":"FocusPotion"},{"floor":11,"key":"Strength Potion"},{"floor":14,"key":"SpeedPotion"},{"floor":30,"key":"EntropicBrew"},{"floor":31,"key":"SteroidPotion"},{"floor":33,"key":"FearPotion"},{"floor":41,"key":"SkillPotion"},{"floor":44,"key":"Weak Potion"},{"floor":45,"key":"Block Potion"}],"is_trial":false}