{"gold_per_floor":[111,130,205,223,223,223,258,268,291,291,325,12,12,26,26,26],"floor_reached":16,"playtime":1270,"items_purged":[],"score":121,"play_id":"dbfd6ca0-9b1a-4013-bf67-d9825621c8f0","local_time":"20190203131216","is_ascension_mode":true,"campfire_choices":[{"data":"Chill","floor":6,"key":"SMITH"},{"data":"Beam Cell","floor":10,"key":"SMITH"},{"floor":13,"key":"REST"},{"data":"Echo Form","floor":15,"key":"SMITH"}],"neow_cost":"NONE","seed_source_timestamp":100605174112857,"circlet_count":0,"master_deck":["Strike_B","Strike_B","Defend_B","Defend_B","Defend_B","Defend_B","Zap","Dualcast","Redo","Chill+1","Cold Snap","Conserve Battery","Beam Cell+1","Echo Form+1","Static Discharge"],"relics":["Cracked Core","Potion Belt","Strawberry","Pen Nib","Bird Faced Urn"],"potions_floor_usage":[7,7,8],"damage_taken":[{"damage":1,"enemies":"Cultist","floor":1,"turns":3},{"damage":0,"enemies":"2 Louse","floor":2,"turns":3},{"damage":0,"enemies":"Jaw Worm","floor":4,"turns":4},{"damage":4,"enemies":"Lagavulin","floor":7,"turns":6},{"damage":50,"enemies":"Gremlin Gang","floor":8,"turns":9},{"damage":28,"enemies":"Gremlin Nob","floor":11,"turns":5},{"damage":6,"enemies":"3 Louse","floor":14,"turns":3},{"damage":27,"enemies":"The Guardian","floor":16,"turns":6}],"seed_played":"-9033976476013026080","potions_obtained":[{"floor":1,"key":"Fire Potion"},{"floor":2,"key":"PowerPotion"},{"floor":7,"key":"Regen Potion"}],"is_trial":false,"path_per_floor":["M","M","?","M","?","R","E","M","T","R","E","$","R","M","R","B"],"character_chosen":"DEFECT","items_purchased":["Bird Faced Urn"],"campfire_rested":1,"item_purchase_floors":[12],"current_hp_per_floor":[74,74,63,63,63,63,59,24,31,31,3,3,27,23,23,0],"gold":26,"neow_bonus":"TRANSFORM_CARD","is_prod":false,"is_daily":false,"chose_seed":false,"campfire_upgraded":3,"win_rate":0,"timestamp":1549199536,"path_taken":["M","M","?","M","?","R","E","M","T","R","E","$","R","M","R","BOSS"],"build_version":"2019-01-23","purchased_purges":0,"victory":false,"max_hp_per_floor":[75,75,75,75,75,75,75,75,82,82,82,82,82,82,82,82],"card_choices":[{"not_picked":["Hologram","Steam"],"picked":"Chill","floor":1},{"not_picked":["Stack","Double Energy"],"picked":"Cold Snap","floor":2},{"not_picked":["Aggregate","Rip and Tear","Chill"],"picked":"SKIP","floor":4},{"not_picked":["Darkness","Reprogram"],"picked":"Conserve Battery","floor":7},{"not_picked":["FTL","Reinforced Body"],"picked":"Beam Cell","floor":8},{"not_picked":["Storm","FTL"],"picked":"Echo Form","floor":11},{"not_picked":["Steam","Ball Lightning"],"picked":"Static Discharge","floor":14}],"player_experience":344402,"relics_obtained":[{"floor":7,"key":"Potion Belt"},{"floor":9,"key":"Strawberry"},{"floor":11,"key":"Pen Nib"}],"event_choices":[{"damage_healed":0,"gold_gain":75,"player_choice":"Gather Gold","damage_taken":11,"max_hp_gain":0,"max_hp_loss":0,"event_name":"World of Goop","floor":3,"gold_loss":0},{"cards_removed":["Strike_B"],"damage_healed":0,"gold_gain":0,"player_choice":"Forget","damage_taken":0,"max_hp_gain":0,"max_hp_loss":0,"event_name":"Living Wall","floor":5,"gold_loss":0}],"is_beta":false,"boss_relics":[],"items_purged_floors":[],"is_endless":false,"potions_floor_spawned":[1,2,7],"killed_by":"The Guardian","ascension_level":2}