{"path_per_floor":["M","M","?","M","M","E","M","R","T","R","?","M","E","M","R"],"character_chosen":"IRONCLAD","items_purchased":[],"gold_per_floor":[115,126,76,87,106,136,153,153,230,230,230,241,266,278,278],"floor_reached":16,"campfire_rested":1,"playtime":921,"current_hp_per_floor":[74,73,73,72,71,30,27,27,37,37,20,22,16,17,43],"items_purged":[],"gold":278,"score":177,"play_id":"56006ef9-6fb2-4d88-b982-80ece88e55cd","local_time":"20180322181329","is_prod":false,"is_daily":false,"is_ascension_mode":true,"campfire_upgraded":2,"timestamp":1521710009,"path_taken":["M","M","?","M","M","E","M","R","T","R","?","M","E","M","R","BOSS"],"build_version":"2018-03-15v3","purchased_purges":0,"victory":false,"master_deck":["Strike_R","Strike_R","Strike_R","Strike_R","Strike_R","Defend_R","Defend_R","Defend_R+1","Defend_R","Bash","Exhume","Shrug It Off","Armaments+1","Bloodletting","Metallicize","Burning Pact+1","Perfected Strike+1","Havoc+1","True Grit+1"],"max_hp_per_floor":[80,80,77,77,77,77,77,77,87,87,87,87,87,87,87],"relics":["Burning Blood","Prayer Wheel","Pear","Toxic Egg 2"],"card_choices":[{"not_picked":["Double Tap","Heavy Blade"],"picked":"Shrug It Off"},{"not_picked":["Shrug It Off","Sword Boomerang"],"picked":"Armaments"},{"not_picked":["Iron Wave","Body Slam"],"picked":"Bloodletting"},{"not_picked":["Reaper","Anger"],"picked":"Metallicize"},{"not_picked":["Intimidate","Armaments"],"picked":"Burning Pact"},{"not_picked":["Uppercut","Clash"],"picked":"Perfected Strike"},{"not_picked":["Corruption","Bludgeon"],"picked":"Havoc"},{"not_picked":["Heavy Blade","Pommel Strike"],"picked":"True Grit"}],"player_experience":332539,"potions_floor_usage":[5,6,13,13,16],"damage_taken":[{"damage":4,"enemies":"2 Louse","floor":1,"turns":7},{"damage":7,"enemies":"Small Slimes","floor":2,"turns":4},{"damage":7,"enemies":"Cultist","floor":4,"turns":6},{"damage":7,"enemies":"Looter","floor":5,"turns":4},{"damage":47,"enemies":"3 Sentries","floor":6,"turns":17},{"damage":9,"enemies":"2 Fungi Beasts","floor":7,"turns":6},{"damage":4,"enemies":"Exordium Wildlife","floor":12,"turns":4},{"damage":12,"enemies":"Lagavulin","floor":13,"turns":10},{"damage":5,"enemies":"3 Louse","floor":14,"turns":5},{"damage":45,"enemies":"Hexaghost","floor":16,"turns":11}],"event_choices":[{"event_name":"The Cleric","player_choice":"Card Removal","floor":3,"damage_taken":0},{"event_name":"Shining Light","player_choice":"Entered Light","floor":11,"damage_taken":0}],"boss_relics":[],"potions_floor_spawned":[2,4,5,12,13],"seed_played":"-2148051877374461399","killed_by":"Hexaghost","ascension_level":11,"is_trial":false}