{"gold_per_floor":[114,126,57,57,33,67,81,81,106,171,346,362,362,362,362,362],"floor_reached":16,"playtime":529,"items_purged":[],"score":133,"play_id":"3c7bda68-a8b6-4ea7-9c7a-7e6efe153889","local_time":"20190102050609","is_ascension_mode":false,"campfire_choices":[{"data":"Clothesline","floor":8,"key":"SMITH"},{"data":"Body Slam","floor":13,"key":"SMITH"},{"data":"Whirlwind","floor":15,"key":"SMITH"}],"neow_cost":"NONE","seed_source_timestamp":670209363668919,"circlet_count":0,"master_deck":["Strike_R","Strike_R","Strike_R","Strike_R","Strike_R","Defend_R","Defend_R","Defend_R","Defend_R","Bash","Seeing Red","Clothesline+1","Feel No Pain","Shrug It Off","Warcry","Body Slam+1","Doubt","Whirlwind+1"],"relics":["Burning Blood","NeowsBlessing","Vajra","FossilizedHelix","Regal Pillow","Tiny Chest","Pantograph"],"potions_floor_usage":[10,10,16],"damage_taken":[{"damage":0,"enemies":"Cultist","floor":1,"turns":1},{"damage":0,"enemies":"Jaw Worm","floor":2,"turns":1},{"damage":0,"enemies":"Lagavulin","floor":6,"turns":1},{"damage":0,"enemies":"Small Slimes","floor":7,"turns":3},{"damage":16,"enemies":"Gremlin Nob","floor":10,"turns":4},{"damage":7,"enemies":"Exordium Wildlife","floor":12,"turns":6},{"damage":81,"enemies":"Hexaghost","floor":16,"turns":12}],"seed_played":"-7850305354709570170","potions_obtained":[{"floor":6,"key":"Swift Potion"},{"floor":7,"key":"SteroidPotion"},{"floor":12,"key":"Poison Potion"}],"is_trial":false,"path_per_floor":["M","M","$","?","$","E","M","R","T","E","?","M","R","T","R","B"],"character_chosen":"IRONCLAD","items_purchased":["Feel No Pain","Shrug It Off"],"campfire_rested":0,"item_purchase_floors":[3,5],"current_hp_per_floor":[80,80,80,55,55,61,67,67,67,57,57,56,56,56,56,0],"gold":362,"neow_bonus":"THREE_ENEMY_KILL","is_prod":false,"is_daily":false,"chose_seed":false,"campfire_upgraded":3,"win_rate":0,"timestamp":1546423569,"path_taken":["M","M","$","?","$","E","M","R","T","E","?","M","R","?","R","BOSS"],"build_version":"2018-12-20","purchased_purges":0,"victory":false,"max_hp_per_floor":[80,80,80,80,80,80,80,80,80,80,80,80,80,80,80,80],"card_choices":[{"not_picked":["Thunderclap","Reckless Charge"],"picked":"Seeing Red","floor":1},{"not_picked":["Anger","Flex"],"picked":"Clothesline","floor":2},{"not_picked":["Brutality","True Grit"],"picked":"Warcry","floor":6},{"not_picked":["Thunderclap","Fire Breathing","Warcry"],"picked":"SKIP","floor":7},{"not_picked":["Armaments","Whirlwind"],"picked":"Body Slam","floor":10},{"not_picked":["True Grit","Clothesline"],"picked":"Whirlwind","floor":12}],"player_experience":401187,"relics_obtained":[{"floor":6,"key":"FossilizedHelix"},{"floor":9,"key":"Regal Pillow"},{"floor":10,"key":"Tiny Chest"},{"floor":14,"key":"Pantograph"}],"event_choices":[{"damage_healed":0,"gold_gain":0,"player_choice":"Success","damage_taken":25,"relics_obtained":["Vajra"],"max_hp_gain":0,"max_hp_loss":0,"event_name":"Scrap Ooze","floor":4,"gold_loss":0},{"damage_healed":0,"gold_gain":175,"player_choice":"AGREE","damage_taken":0,"max_hp_gain":0,"max_hp_loss":0,"event_name":"Liars Game","floor":11,"gold_loss":0,"cards_obtained":["Doubt"]}],"is_beta":false,"boss_relics":[],"items_purged_floors":[],"is_endless":false,"potions_floor_spawned":[6,7,12],"killed_by":"Hexaghost","ascension_level":0}