{"gold_per_floor":[116,136,22,38,213,213,229,229,253,253,253,253,280,280],"floor_reached":14,"playtime":346,"items_purged":[],"score":132,"play_id":"804ff067-7a46-4ced-9a70-135695128758","local_time":"20180921181643","is_ascension_mode":true,"campfire_choices":[{"data":"Storm","floor":6,"key":"SMITH"},{"data":"Capacitor","floor":8,"key":"SMITH"},{"data":"Fusion","floor":10,"key":"SMITH"},{"floor":12,"key":"REST"}],"neow_cost":"NONE","seed_source_timestamp":605287594596923,"circlet_count":0,"master_deck":["Strike_B","Strike_B+1","Strike_B","Strike_B+1","Defend_B","Defend_B","Defend_B","Defend_B","Zap","Dualcast+1","AscendersBane","Fusion+1","Auto Shields","Storm+1","Rip and Tear","Heatsinks","Doubt","Capacitor+1","Defragment"],"relics":["Cracked Core","Oddly Smooth Stone","Potion Belt"],"potions_floor_usage":[7,14],"damage_taken":[{"damage":1,"enemies":"Cultist","floor":1,"turns":3},{"damage":17,"enemies":"Small Slimes","floor":2,"turns":3},{"damage":0,"enemies":"2 Louse","floor":4,"turns":2},{"damage":0,"enemies":"Lots of Slimes","floor":7,"turns":1},{"damage":40,"enemies":"3 Sentries","floor":13,"turns":9},{"damage":27,"enemies":"Exordium Thugs","floor":14,"turns":3}],"seed_played":"-4972222415597545161","potions_obtained":[{"floor":2,"key":"SkillPotion"},{"floor":4,"key":"AttackPotion"}],"is_trial":false,"path_per_floor":["M","M","$","M","?","R","M","R","T","R","?","R","E"],"character_chosen":"DEFECT","items_purchased":["Storm","Rip and Tear"],"campfire_rested":1,"item_purchase_floors":[3,3],"current_hp_per_floor":[67,50,50,50,50,50,50,50,50,50,35,57,17,0],"gold":280,"neow_bonus":"UPGRADE_CARD","is_prod":false,"is_daily":false,"chose_seed":false,"campfire_upgraded":3,"win_rate":0,"timestamp":1537568203,"path_taken":["M","M","$","M","?","R","M","R","T","R","?","R","E","M"],"build_version":"2018-09-20","purchased_purges":0,"victory":false,"max_hp_per_floor":[75,75,75,75,75,75,75,75,75,75,75,75,75,75],"card_choices":[{"not_picked":["Beam Cell","Blizzard"],"picked":"Fusion","floor":1},{"not_picked":["Redo","Ball Lightning"],"picked":"Auto Shields","floor":2},{"not_picked":["Coolheaded","Steam"],"picked":"Heatsinks","floor":4},{"not_picked":["Melter","Leap"],"picked":"Capacitor","floor":7},{"not_picked":["Static Discharge","FTL"],"picked":"Defragment","floor":13}],"player_experience":228116,"relics_obtained":[{"floor":9,"key":"Oddly Smooth Stone"},{"floor":13,"key":"Potion Belt"}],"event_choices":[{"event_name":"Liars Game","player_choice":"agreed","floor":5,"damage_taken":0},{"event_name":"Shining Light","player_choice":"Entered Light","floor":11,"damage_taken":0}],"is_beta":false,"boss_relics":[],"items_purged_floors":[],"is_endless":false,"potions_floor_spawned":[2,4],"killed_by":"Exordium Thugs","ascension_level":10}