{"path_per_floor":["M","$","?","T","M","R","?","M","T","M","M","$","M","E","R","B",null,"M","M","?","$","M","R","M","$","T","R","M","M","R","?","R"],"character_chosen":"DEFECT","items_purchased":["Static Discharge","Static Discharge"],"gold_per_floor":[109,34,34,34,52,52,52,65,92,106,116,41,53,78,78,176,176,193,203,153,18,37,37,52,52,52,52,62,75,75,75,75,75],"floor_reached":33,"campfire_rested":4,"playtime":1381,"item_purchase_floors":[12,21],"current_hp_per_floor":[72,72,77,77,76,76,69,68,68,64,48,48,49,38,62,44,80,56,50,50,50,39,39,27,27,27,51,53,25,49,49,73,0],"items_purged":["Meteor Strike","Strike_B"],"gold":75,"score":261,"play_id":"4967af62-696c-4bbb-942c-022ffb2b4528","local_time":"20180613200950","is_prod":false,"is_daily":false,"chose_seed":false,"is_ascension_mode":true,"campfire_upgraded":2,"win_rate":0,"timestamp":1528884590,"campfire_choices":[{"data":"Loop","floor":6,"key":"SMITH"},{"floor":15,"key":"REST"},{"data":"Reinforced Body","floor":23,"key":"SMITH"},{"floor":27,"key":"REST"},{"floor":30,"key":"REST"},{"floor":32,"key":"REST"}],"path_taken":["M","$","?","?","?","R","?","M","T","M","?","$","?","E","R","BOSS","M","M","?","?","?","R","M","$","T","R","M","?","R","?","R","BOSS"],"build_version":"2018-06-12","seed_source_timestamp":202178546839068,"purchased_purges":2,"victory":false,"master_deck":["Strike_B","Strike_B","Strike_B","Defend_B","Defend_B","Defend_B+1","Defend_B","Zap","Dualcast+1","Doom and Gloom","Loop+1","Cold Snap","Storm","Static Discharge","Storm","BootSequence","Creative AI","Storm","Conserve Battery","Static Discharge","Reinforced Body+1","Auto Shields+1","White Noise","Chill"],"max_hp_per_floor":[75,75,80,80,80,80,80,80,80,80,80,80,80,80,80,80,80,80,80,80,80,80,80,80,80,80,80,80,80,80,80,80,80],"special_seed":0,"relics":["Cracked Core","Question Card","Blood Vial","Bronze Scales","War Paint","Inserter","Pen Nib"],"card_choices":[{"not_picked":["Go for the Eyes","Lockon"],"picked":"Doom and Gloom","floor":1},{"not_picked":["Ball Lightning","Hologram","Aggregate"],"picked":"Loop","floor":5},{"not_picked":["Coolheaded","Force Field","Conserve Battery"],"picked":"Cold Snap","floor":8},{"not_picked":["Streamline","Steam Power","Compile Driver","Hologram"],"picked":"SKIP","floor":10},{"not_picked":["Double Energy","Coolheaded","Machine Learning"],"picked":"Storm","floor":11},{"not_picked":["White Noise","Consume","Tempest"],"picked":"Storm","floor":13},{"not_picked":["Beam Cell","Chaos","Conserve Battery"],"picked":"BootSequence","floor":14},{"not_picked":["Electrodynamics","Rainbow","Thunder Strike"],"picked":"Creative AI","floor":16},{"not_picked":["Cold Snap","Go for the Eyes+1","Gash"],"picked":"Storm","floor":18},{"not_picked":["Leap","Scrape","Rebound"],"picked":"Conserve Battery","floor":19},{"not_picked":["Reinforced Body","Streamline","Hologram","Go for the Eyes"],"picked":"SKIP","floor":22},{"not_picked":["Streamline","Hologram","Go for the Eyes"],"picked":"Reinforced Body","floor":22},{"not_picked":["Redo","Doom and Gloom","All For One"],"picked":"Auto Shields+1","floor":24},{"not_picked":["Streamline","Ball Lightning","Gash+1"],"picked":"White Noise","floor":28},{"not_picked":["Capacitor","Turbo+1","Rebound"],"picked":"Chill","floor":29}],"player_experience":403971,"potions_floor_usage":[10,11,13,18,19,24,33],"damage_taken":[{"damage":3,"enemies":"Jaw Worm","floor":1,"turns":4},{"damage":1,"enemies":"Cultist","floor":5,"turns":3},{"damage":3,"enemies":"2 Louse","floor":8,"turns":3},{"damage":6,"enemies":"Lots of Slimes","floor":10,"turns":3},{"damage":18,"enemies":"Gremlin Gang","floor":11,"turns":3},{"damage":6,"enemies":"3 Louse","floor":13,"turns":2},{"damage":13,"enemies":"Gremlin Nob","floor":14,"turns":3},{"damage":20,"enemies":"The Guardian","floor":16,"turns":8},{"damage":24,"enemies":"Chosen","floor":18,"turns":5},{"damage":20,"enemies":"Spheric Guardian","floor":19,"turns":4},{"damage":13,"enemies":"Snecko","floor":22,"turns":6},{"damage":14,"enemies":"Cultist and Chosen","floor":24,"turns":5},{"damage":0,"enemies":"Chosen and Byrds","floor":28,"turns":4},{"damage":30,"enemies":"Snecko","floor":29,"turns":5},{"damage":86,"enemies":"Collector","floor":33,"turns":7}],"relics_obtained":[{"floor":4,"key":"Question Card"},{"floor":9,"key":"Bronze Scales"},{"floor":14,"key":"War Paint"},{"floor":26,"key":"Pen Nib"}],"event_choices":[{"event_name":"Big Fish","player_choice":"Donut","floor":3,"damage_taken":0},{"event_name":"Scrap Ooze","player_choice":"success","floor":7,"damage_taken":7},{"event_name":"The Joust","player_choice":"Bet on Murderer","floor":20,"damage_taken":0},{"event_name":"Ghosts","player_choice":"Ignored","floor":31,"damage_taken":0}],"boss_relics":[{"not_picked":["Coffee Dripper","Velvet Choker"],"picked":"Inserter"}],"items_purged_floors":[2,21],"potions_floor_spawned":[1,5,8,11,16,18,22,29],"seed_played":"-3023112530687400785","killed_by":"Collector","ascension_level":1,"potions_obtained":[{"floor":1,"key":"SteroidPotion"},{"floor":5,"key":"SpeedPotion"},{"floor":8,"key":"SkillPotion"},{"floor":11,"key":"Regen Potion"},{"floor":16,"key":"Explosive Potion"},{"floor":18,"key":"Regen Potion"},{"floor":22,"key":"LiquidBronze"},{"floor":29,"key":"Strength Potion"}],"is_trial":false}