{"gold_per_floor":[112,126,55,55,67,67,102,102,125,50,85,85,102,115,115,188,188,128,128,144,17,17,17,45,45,45,78,95,108,29,43,43,120,120,137,152,152,152,171,171,171],"floor_reached":41,"playtime":2254,"items_purged":[],"score":768,"play_id":"f07110cc-527d-461e-84b7-256c47ad9e4e","local_time":"20180708011754","is_ascension_mode":true,"campfire_choices":[{"data":"Zap","floor":6,"key":"SMITH"},{"data":"Dualcast","floor":8,"key":"SMITH"},{"data":"Capacitor","floor":12,"key":"SMITH"},{"data":"Loop","floor":15,"key":"SMITH"},{"data":"Capacitor","floor":23,"key":"SMITH"},{"data":"White Noise","floor":25,"key":"SMITH"},{"floor":32,"key":"REST"},{"data":"Defragment","floor":40,"key":"SMITH"}],"neow_cost":"","seed_source_timestamp":281250825908552,"circlet_count":0,"master_deck":["Strike_B+1","Strike_B","Strike_B+1","Defend_B","Defend_B","Defend_B","Defend_B","Zap+1","Dualcast+1","AscendersBane","Self Repair","Glacier","Defragment+1","Conserve Battery","Hello World","Capacitor+1","Go for the Eyes","Loop+1","White Noise+1","Barrage","Capacitor+1","Coolheaded","Cold Snap","Echo Form","Fusion","Defragment+1","Conserve Battery","Doom and Gloom","Rainbow","Auto Shields","Coolheaded","Apotheosis","Magnetism"],"relics":["Cracked Core","Whetstone","Potion Belt","Thread and Needle","White Beast Statue","Mercury Hourglass","Ice Cream","Bottled Lightning","Sundial","Snecko Eye"],"potions_floor_usage":[16,16,16,16,18,24,24,24,27,27,29,29,33,35,36,41,41,41],"damage_taken":[{"damage":2,"enemies":"Jaw Worm","floor":1,"turns":3},{"damage":10,"enemies":"2 Louse","floor":2,"turns":2},{"damage":2,"enemies":"Small Slimes","floor":5,"turns":4},{"damage":20,"enemies":"3 Sentries","floor":7,"turns":9},{"damage":11,"enemies":"Lagavulin","floor":11,"turns":9},{"damage":0,"enemies":"Exordium Thugs","floor":13,"turns":5},{"damage":0,"enemies":"2 Fungi Beasts","floor":14,"turns":4},{"damage":7,"enemies":"Hexaghost","floor":16,"turns":10},{"damage":0,"enemies":"2 Thieves","floor":18,"turns":4},{"damage":2,"enemies":"3 Byrds","floor":20,"turns":4},{"damage":26,"enemies":"Slavers","floor":24,"turns":6},{"damage":49,"enemies":"Gremlin Leader","floor":27,"turns":10},{"damage":18,"enemies":"Snake Plant","floor":28,"turns":4},{"damage":8,"enemies":"Chosen and Byrds","floor":29,"turns":7},{"damage":4,"enemies":"Centurion and Healer","floor":31,"turns":9},{"damage":12,"enemies":"Champ","floor":33,"turns":8},{"damage":1,"enemies":"3 Shapes","floor":35,"turns":5},{"damage":10,"enemies":"3 Darklings","floor":36,"turns":4},{"damage":36,"enemies":"4 Shapes","floor":39,"turns":7},{"damage":74,"enemies":"2 Orb Walkers","floor":41,"turns":4}],"seed_played":"-4632611081006745363","potions_obtained":[{"floor":1,"key":"SpeedPotion"},{"floor":2,"key":"Regen Potion"},{"floor":14,"key":"EntropicBrew"},{"floor":18,"key":"Weak Potion"},{"floor":20,"key":"Regen Potion"},{"floor":24,"key":"SkillPotion"},{"floor":27,"key":"Fire Potion"},{"floor":28,"key":"SpeedPotion"},{"floor":29,"key":"AttackPotion"},{"floor":31,"key":"Swift Potion"},{"floor":33,"key":"SkillPotion"},{"floor":35,"key":"SkillPotion"},{"floor":36,"key":"Regen Potion"},{"floor":39,"key":"GamblersBrew"}],"is_trial":false,"path_per_floor":["M","M","$","?","M","R","E","R","T","?","E","R","M","M","R","B",null,"M","T","M","$","?","R","E","R","T","E","M","M","$","M","R","B",null,"M","M","?","$","M","R"],"character_chosen":"DEFECT","items_purchased":["Defragment","Capacitor","Coolheaded","Conserve Battery","SpeedPotion"],"campfire_rested":1,"item_purchase_floors":[3,21,21,30,30],"current_hp_per_floor":[62,59,59,59,64,64,51,51,51,51,47,47,47,47,47,62,69,71,71,69,69,81,81,62,62,62,35,24,30,30,33,57,52,74,80,77,67,67,51,51,0],"gold":171,"neow_bonus":"","is_prod":false,"is_daily":false,"chose_seed":false,"campfire_upgraded":7,"win_rate":0,"timestamp":1531005474,"path_taken":["M","M","$","?","M","R","E","R","T","?","E","R","M","M","R","BOSS","M","?","M","$","?","R","E","R","T","E","M","?","$","M","R","BOSS","M","M","?","?","?","R","E"],"build_version":"2018-07-05","purchased_purges":0,"victory":false,"max_hp_per_floor":[71,71,71,71,71,71,71,71,71,71,71,71,71,71,71,71,71,71,71,71,71,81,81,81,81,81,81,81,81,81,81,81,81,81,81,81,81,81,81,81,81],"card_choices":[{"not_picked":["Darkness","Hologram"],"picked":"Self Repair","floor":1},{"not_picked":["Leap","Reinforced Body"],"picked":"Glacier","floor":2},{"not_picked":["Darkness","Ball Lightning"],"picked":"Conserve Battery","floor":5},{"not_picked":["Undo","Ball Lightning"],"picked":"Hello World","floor":7},{"not_picked":["Leap","Stack"],"picked":"Capacitor","floor":11},{"not_picked":["Heatsinks","Redo"],"picked":"Go for the Eyes","floor":13},{"not_picked":["Blizzard","Go for the Eyes"],"picked":"Loop","floor":14},{"not_picked":["All For One","Multi-Cast"],"picked":"Reboot","floor":16},{"not_picked":["Leap","Force Field+1"],"picked":"White Noise","floor":18},{"not_picked":["Beam Cell","Redo"],"picked":"Barrage","floor":20},{"not_picked":["Steam","Rip and Tear"],"picked":"Cold Snap","floor":24},{"not_picked":["Tempest","Beam Cell"],"picked":"Echo Form","floor":27},{"not_picked":["Darkness","Coolheaded"],"picked":"Fusion","floor":28},{"not_picked":["Conserve Battery","Compile Driver"],"picked":"Defragment","floor":29},{"not_picked":["Heatsinks","Hologram"],"picked":"Doom and Gloom","floor":31},{"not_picked":["Reboot","Thunder Strike"],"picked":"Rainbow","floor":33},{"not_picked":["Go for the Eyes","Streamline"],"picked":"Auto Shields","floor":35},{"not_picked":["Steam+1","Fission"],"picked":"Coolheaded","floor":36},{"not_picked":["Bandage Up","Magnetism"],"picked":"Apotheosis","floor":37},{"not_picked":["Finesse","Deep Breath"],"picked":"Magnetism","floor":37},{"not_picked":["Coolheaded","Double Energy","Aggregate"],"picked":"SKIP","floor":39}],"player_experience":776255,"relics_obtained":[{"floor":7,"key":"Whetstone"},{"floor":9,"key":"Potion Belt"},{"floor":11,"key":"Thread and Needle"},{"floor":19,"key":"Mercury Hourglass"},{"floor":24,"key":"Ice Cream"},{"floor":26,"key":"Bottled Lightning"},{"floor":27,"key":"Sundial"}],"event_choices":[{"event_name":"Living Wall","player_choice":"Grow","floor":4,"damage_taken":0},{"event_name":"The Cleric","player_choice":"Card Removal","floor":10,"damage_taken":0},{"event_name":"Bonfire Elementals","player_choice":"RARE","floor":22,"damage_taken":0},{"event_name":"SensoryStone","player_choice":"Memory 3","floor":37,"damage_taken":0}],"boss_relics":[{"not_picked":["Empty Cage","Tiny House"],"picked":"White Beast Statue"},{"not_picked":["Astrolabe","Pandora\u0027s Box"],"picked":"Snecko Eye"}],"items_purged_floors":[],"is_endless":false,"potions_floor_spawned":[1,2,7,14,18,20,24,27,28,29,31,33,35,36,39],"killed_by":"2 Orb Walkers","ascension_level":15}