{"path_per_floor":["M","M","M","?","M","R","M","?","T","M","?","E","$","M","R","B",null,"M","M","?","M","$","R","T","M","T","R","?","M","?","$","R","B",null,"M","?","?","M","?","R","E","R","T","M","M","M","$","M","R"],"character_chosen":"IRONCLAD","items_purchased":["Dramatic Entrance","Flex","Mind Blast","Bottled Tornado"],"gold_per_floor":[114,130,145,211,226,226,236,265,265,280,340,371,148,166,166,264,264,282,294,294,310,117,117,187,197,197,197,197,211,211,86,86,181,181,198,198,253,272,272,272,302,302,326,343,356,372,128,141,141,141],"floor_reached":50,"campfire_rested":3,"playtime":5769,"current_hp_per_floor":[80,80,80,80,67,67,68,60,60,62,48,54,54,55,55,55,80,80,80,80,70,70,70,70,71,71,71,63,44,44,44,68,39,80,71,61,54,52,52,52,19,43,43,51,57,49,49,47,71,0],"items_purged":["Bash","Defend_R","Clash"],"gold":141,"score":553,"play_id":"3498c4a0-b794-4ea4-8d80-735dbf428152","local_time":"20180405195642","is_prod":false,"is_daily":false,"is_ascension_mode":false,"campfire_upgraded":5,"timestamp":1522951002,"path_taken":["M","M","M","?","?","R","M","?","T","M","?","E","$","M","R","BOSS","M","M","?","?","$","R","?","M","T","R","?","?","?","$","R","BOSS","M","?","?","M","?","R","E","R","T","M","M","M","$","M","R","BOSS"],"build_version":"2018-03-29v2","purchased_purges":3,"victory":false,"master_deck":["Strike_R","Strike_R","Strike_R","Strike_R","Defend_R","Seeing Red","Iron Wave+1","Shrug It Off","Iron Wave+1","Metallicize","Iron Wave+1","Perfected Strike+1","Dramatic Entrance","Flex+1","Iron Wave","Demon Form","Cleave+1","Iron Wave+1","Body Slam+1","Pommel Strike","Seeing Red","Shrug It Off","Clash+1","Mind Blast","Flex+1","Pommel Strike","Brutality","Shrug It Off+1","Madness","Madness","True Grit+1","Warcry","Pummel","Perfected Strike+1","Headbutt","Shrug It Off+1"],"max_hp_per_floor":[80,80,80,80,80,80,80,80,80,80,80,80,80,80,80,80,80,80,80,80,80,80,80,80,80,80,80,80,80,80,80,80,80,80,80,80,80,80,80,80,80,80,80,80,80,80,80,80,80,80],"relics":["Burning Blood","Odd Mushroom","Vajra","Meat on the Bone","Ancient Tea Set","Astrolabe","Letter Opener","Sundial","Sozu","Calipers","Orichalcum","Anchor","Bottled Tornado"],"card_choices":[{"not_picked":["Clothesline","True Grit"],"picked":"Seeing Red","floor":1},{"not_picked":["Headbutt","Sword Boomerang"],"picked":"Anger","floor":2},{"not_picked":["Anger","Sword Boomerang"],"picked":"Clash","floor":3},{"not_picked":["Perfected Strike","True Grit"],"picked":"Iron Wave","floor":5},{"not_picked":["Body Slam","Impervious"],"picked":"Shrug It Off","floor":7},{"not_picked":["Anger","Twin Strike"],"picked":"Iron Wave","floor":8},{"not_picked":["Hemokinesis","True Grit"],"picked":"Metallicize","floor":10},{"not_picked":["Cleave","Sword Boomerang"],"picked":"Iron Wave","floor":11},{"not_picked":["Anger","Offering"],"picked":"Perfected Strike","floor":12},{"not_picked":["True Grit","Shockwave"],"picked":"Iron Wave","floor":14},{"not_picked":["Dark Embrace","Barricade"],"picked":"Demon Form","floor":16},{"not_picked":["Shockwave","Disarm"],"picked":"Pommel Strike","floor":18},{"not_picked":["Anger","Rampage"],"picked":"Seeing Red","floor":19},{"not_picked":["Sword Boomerang","Clothesline"],"picked":"Clash","floor":21},{"not_picked":["Brutality","Perfected Strike"],"picked":"Flex","floor":25},{"not_picked":["Headbutt","Twin Strike"],"picked":"Pommel Strike","floor":29},{"not_picked":["Dark Embrace","Berserk"],"picked":"Brutality","floor":33},{"not_picked":["Sever Soul","Intimidate"],"picked":"Shrug It Off","floor":35},{"not_picked":["Pommel Strike","Perfected Strike"],"picked":"True Grit","floor":37},{"not_picked":["Combust","Hemokinesis"],"picked":"Warcry","floor":38},{"not_picked":["Thunderclap","Body Slam"],"picked":"Perfected Strike","floor":44},{"not_picked":["Iron Wave","Thunderclap"],"picked":"Headbutt","floor":46},{"not_picked":["Combust","Armaments"],"picked":"Shrug It Off","floor":48}],"player_experience":0,"potions_floor_usage":[10,11,12,25,33,33,37],"damage_taken":[{"damage":4,"enemies":"Small Slimes","floor":1,"turns":6},{"damage":1,"enemies":"Cultist","floor":2,"turns":3},{"damage":1,"enemies":"Jaw Worm","floor":3,"turns":4},{"damage":19,"enemies":"Exordium Thugs","floor":5,"turns":6},{"damage":5,"enemies":"Looter","floor":7,"turns":3},{"damage":14,"enemies":"The Mushroom Lair","floor":8,"turns":5},{"damage":4,"enemies":"Blue Slaver","floor":10,"turns":2},{"damage":20,"enemies":"Lagavulin Event","floor":11,"turns":6},{"damage":0,"enemies":"3 Sentries","floor":12,"turns":5},{"damage":5,"enemies":"Gremlin Gang","floor":14,"turns":3},{"damage":18,"enemies":"The Guardian","floor":16,"turns":12},{"damage":0,"enemies":"Spheric Guardian","floor":18,"turns":3},{"damage":1,"enemies":"Shell Parasite","floor":19,"turns":4},{"damage":16,"enemies":"Snake Plant","floor":21,"turns":5},{"damage":5,"enemies":"3 Cultists","floor":25,"turns":6},{"damage":37,"enemies":"Cultist and Chosen","floor":29,"turns":7},{"damage":47,"enemies":"Champ","floor":33,"turns":11},{"damage":15,"enemies":"3 Shapes","floor":35,"turns":5},{"damage":25,"enemies":"Mysterious Sphere","floor":37,"turns":4},{"damage":8,"enemies":"Orb Walker","floor":38,"turns":2},{"damage":51,"enemies":"Giant Head","floor":41,"turns":9},{"damage":10,"enemies":"3 Darklings","floor":44,"turns":4},{"damage":0,"enemies":"Sphere and 2 Shapes","floor":45,"turns":2},{"damage":14,"enemies":"Maw","floor":46,"turns":8},{"damage":8,"enemies":"3 Darklings","floor":48,"turns":5},{"damage":79,"enemies":"Awakened One","floor":50,"turns":5}],"event_choices":[{"event_name":"Golden Wing","player_choice":"Gained Gold","floor":4,"damage_taken":0},{"event_name":"Mushrooms","player_choice":"Fought Mushrooms","floor":8,"damage_taken":0},{"event_name":"Dead Adventurer","player_choice":"Searched \u00272\u0027 times","floor":11,"damage_taken":0},{"event_name":"The Library","player_choice":"Read","floor":20,"damage_taken":0},{"event_name":"Wheel of Change","player_choice":"Damage","floor":28,"damage_taken":0},{"event_name":"Drug Dealer","player_choice":"Ignored","floor":30,"damage_taken":0},{"event_name":"Winding Halls","player_choice":"Embrace Madness","floor":36,"damage_taken":0},{"event_name":"Mysterious Sphere","player_choice":"Fight","floor":37,"damage_taken":0},{"event_name":"Transmorgrifier","player_choice":"Transform","floor":39,"damage_taken":0}],"boss_relics":[{"not_picked":["Black Blood","Calling Bell"],"picked":"Astrolabe"},{"not_picked":["Philosopher\u0027s Stone","Mark of Pain"],"picked":"Sozu"}],"potions_floor_spawned":[5,8,10,11,14,21,29,35,41,46],"seed_played":"-6536623359989694419","killed_by":"Awakened One","ascension_level":0,"is_trial":false}