{"gold_per_floor":[111,61,81,81,104,135,67,77,77,97,112,112,112,137,137,137],"floor_reached":16,"playtime":510,"items_purged":[],"score":135,"play_id":"47427308-dd77-484f-9206-fe629060a314","local_time":"20181203231422","is_ascension_mode":false,"campfire_choices":[{"data":"Perfected Strike","floor":12,"key":"SMITH"},{"data":"Metallicize","floor":15,"key":"SMITH"}],"neow_cost":"NONE","seed_source_timestamp":258839396587493,"circlet_count":0,"master_deck":["Strike_R","Strike_R","Strike_R","Strike_R","Strike_R","Defend_R","Defend_R","Defend_R","Bash","Shrug It Off","Corruption","Headbutt","Perfected Strike+1","Offering","Barricade","Metallicize+1"],"relics":["Burning Blood","NeowsBlessing","Omamori","Champion Belt","Matryoshka","Self Forming Clay"],"potions_floor_usage":[14],"damage_taken":[{"damage":0,"enemies":"Small Slimes","floor":1,"turns":1},{"damage":0,"enemies":"2 Louse","floor":3,"turns":1},{"damage":0,"enemies":"Gremlin Nob","floor":6,"turns":1},{"damage":0,"enemies":"Jaw Worm","floor":8,"turns":4},{"damage":27,"enemies":"Large Slime","floor":10,"turns":7},{"damage":15,"enemies":"Lots of Slimes","floor":11,"turns":5},{"damage":25,"enemies":"3 Sentries","floor":14,"turns":7},{"damage":30,"enemies":"Slime Boss","floor":16,"turns":8}],"seed_played":"-3019301707017322321","potions_obtained":[{"floor":6,"key":"PowerPotion"},{"floor":8,"key":"LiquidBronze"},{"floor":10,"key":"Fire Potion"},{"floor":14,"key":"SteroidPotion"}],"is_trial":false,"path_per_floor":["M","?","M","?","T","E","$","M","T","M","M","R","?","E","R","B"],"character_chosen":"IRONCLAD","items_purchased":["Corruption"],"campfire_rested":0,"item_purchase_floors":[7],"current_hp_per_floor":[80,80,80,80,80,80,80,80,80,59,50,50,50,31,31,1],"gold":137,"neow_bonus":"THREE_ENEMY_KILL","is_prod":false,"is_daily":false,"chose_seed":false,"campfire_upgraded":2,"win_rate":0,"timestamp":1543846462,"path_taken":["M","?","M","?","?","E","$","M","T","M","M","R","?","E","R","BOSS"],"build_version":"2018-11-15","purchased_purges":0,"victory":false,"max_hp_per_floor":[80,80,80,80,80,80,80,80,80,80,80,80,80,80,80,80],"card_choices":[{"not_picked":["Metallicize","Clothesline"],"picked":"Shrug It Off","floor":1},{"not_picked":["Shrug It Off","Burning Pact","Bloodletting"],"picked":"SKIP","floor":3},{"not_picked":["Rage","Second Wind","Sentinel"],"picked":"SKIP","floor":6},{"not_picked":["Pommel Strike","Sever Soul"],"picked":"Headbutt","floor":8},{"not_picked":["Havoc","Cleave"],"picked":"Perfected Strike","floor":10},{"not_picked":["Twin Strike","Pummel"],"picked":"Offering","floor":11},{"not_picked":["Shockwave","Anger"],"picked":"Metallicize","floor":14}],"player_experience":739125,"relics_obtained":[{"floor":5,"key":"Omamori"},{"floor":6,"key":"Champion Belt"},{"floor":9,"key":"Matryoshka"},{"floor":14,"key":"Self Forming Clay"}],"event_choices":[{"cards_removed":["Defend_R"],"damage_healed":0,"gold_gain":0,"player_choice":"Card Removal","damage_taken":0,"max_hp_gain":0,"max_hp_loss":0,"event_name":"The Cleric","floor":2,"gold_loss":50},{"damage_healed":0,"gold_gain":0,"player_choice":"Ignored","damage_taken":0,"max_hp_gain":0,"max_hp_loss":0,"event_name":"Liars Game","floor":4,"gold_loss":0},{"damage_healed":0,"gold_gain":0,"player_choice":"1 cards matched","damage_taken":0,"max_hp_gain":0,"max_hp_loss":0,"event_name":"Match and Keep!","floor":13,"gold_loss":0,"cards_obtained":["Barricade"]}],"is_beta":false,"boss_relics":[],"items_purged_floors":[],"is_endless":false,"potions_floor_spawned":[6,8,10,14],"killed_by":"Slime Boss","ascension_level":0}