{"gold_per_floor":[115,65,83,94,94,119,132,167,167,167,200,200,256,282,282,386,386,406,431,431,74,94,126,126,126],"floor_reached":25,"playtime":2508,"items_purged":[],"score":286,"play_id":"3a5f05a7-6530-4cc6-a881-521e6c2240d6","local_time":"20190124190847","is_ascension_mode":true,"campfire_choices":[{"floor":10,"key":"RECALL"},{"data":"White Noise","floor":12,"key":"SMITH"},{"data":"Genetic Algorithm","floor":15,"key":"SMITH"},{"data":"Self Repair","floor":24,"key":"SMITH"}],"neow_cost":"NONE","seed_source_timestamp":51689131515253,"circlet_count":0,"master_deck":["Strike_B","Strike_B","Strike_B","Defend_B","Defend_B","Defend_B","Zap","Dualcast","Conserve Battery","Chill+1","Cold Snap","Creative AI","White Noise+1","Hello World","Leap","Auto Shields","Chill","Genetic Algorithm+1","Amplify","Steam","Ball Lightning","Beam Cell","Gash","Heatsinks","Barrage","Self Repair+1","Apotheosis+1","Steam","Aggregate","Double Energy"],"relics":["Cracked Core","NeowsBlessing","Darkstone Periapt","Orichalcum","Sundial","Pen Nib","Bottled Lightning","Orrery","Red Mask","Juzu Bracelet","War Paint"],"potions_floor_usage":[6,13,14,25,25],"damage_taken":[{"damage":0,"enemies":"Small Slimes","floor":1,"turns":1},{"damage":0,"enemies":"2 Louse","floor":3,"turns":1},{"damage":0,"enemies":"Jaw Worm","floor":4,"turns":1},{"damage":24,"enemies":"Lagavulin","floor":6,"turns":9},{"damage":8,"enemies":"Blue Slaver","floor":7,"turns":4},{"damage":12,"enemies":"Gremlin Nob","floor":8,"turns":4},{"damage":10,"enemies":"3 Sentries","floor":11,"turns":7},{"damage":4,"enemies":"3 Sentries","floor":13,"turns":6},{"damage":0,"enemies":"Gremlin Nob","floor":14,"turns":6},{"damage":12,"enemies":"Hexaghost","floor":16,"turns":10},{"damage":0,"enemies":"Chosen","floor":18,"turns":6},{"damage":2,"enemies":"Masked Bandits","floor":19,"turns":7},{"damage":2,"enemies":"Shell Parasite","floor":22,"turns":6},{"damage":29,"enemies":"Book of Stabbing","floor":23,"turns":7},{"damage":45,"enemies":"Gremlin Leader","floor":25,"turns":7}],"seed_played":"8118291337849328493","potions_obtained":[{"floor":1,"key":"SkillPotion"},{"floor":7,"key":"EssenceOfSteel"},{"floor":8,"key":"Explosive Potion"},{"floor":11,"key":"PowerPotion"},{"floor":22,"key":"Fire Potion"}],"is_trial":false,"path_per_floor":["M","?","M","M","?","E","M","E","T","R","E","R","?","E","R","B",null,"M","?","?","$","M","E","R","E"],"character_chosen":"DEFECT","items_purchased":["Apotheosis","Juzu Bracelet","Steam"],"campfire_rested":0,"item_purchase_floors":[21,21,21],"current_hp_per_floor":[75,75,75,75,75,51,43,31,31,31,21,21,17,17,17,5,75,75,73,59,59,64,42,42,0],"gold":126,"neow_bonus":"THREE_ENEMY_KILL","is_prod":false,"is_daily":false,"chose_seed":false,"campfire_upgraded":3,"win_rate":0,"timestamp":1548374927,"path_taken":["M","?","M","M","?","E","M","E","T","R","E","R","?","E","R","BOSS","M","?","?","$","M","E","R","E"],"build_version":"2019-01-23","purchased_purges":0,"victory":false,"max_hp_per_floor":[75,75,75,75,75,75,75,75,75,75,75,75,75,75,75,75,75,75,75,80,80,80,80,80,80],"card_choices":[{"not_picked":["Loop","Leap"],"picked":"Conserve Battery","floor":1},{"not_picked":["Stack","Storm"],"picked":"Chill","floor":3},{"not_picked":["Turbo","Go for the Eyes"],"picked":"Cold Snap","floor":4},{"not_picked":["Sweeping Beam","Streamline"],"picked":"White Noise","floor":6},{"not_picked":["Coolheaded","Conserve Battery"],"picked":"Hello World","floor":7},{"not_picked":["Creative AI","Streamline"],"picked":"Leap","floor":8},{"not_picked":["Turbo","Meteor Strike"],"picked":"Auto Shields","floor":11},{"not_picked":["Tempest","Beam Cell"],"picked":"Chill","floor":13},{"not_picked":["Beam Cell","Capacitor"],"picked":"Genetic Algorithm","floor":14},{"not_picked":["Creative AI","All For One"],"picked":"Amplify","floor":16},{"not_picked":["Streamline","Compile Driver"],"picked":"Steam","floor":17},{"not_picked":["Go for the Eyes","Coolheaded"],"picked":"Ball Lightning","floor":17},{"not_picked":["Tempest","Stack"],"picked":"Beam Cell","floor":17},{"not_picked":["Streamline","Redo"],"picked":"Gash","floor":17},{"not_picked":["Ball Lightning","Barrage"],"picked":"Heatsinks","floor":17},{"not_picked":["Conserve Battery","Coolheaded"],"picked":"Barrage","floor":18},{"not_picked":["Static Discharge","Beam Cell"],"picked":"Self Repair","floor":19},{"not_picked":["Turbo+1","Melter"],"picked":"Aggregate","floor":22},{"not_picked":["Loop","Sweeping Beam"],"picked":"Double Energy","floor":23}],"player_experience":92763,"relics_obtained":[{"floor":6,"key":"Darkstone Periapt"},{"floor":8,"key":"Orichalcum"},{"floor":11,"key":"Sundial"},{"floor":14,"key":"Bottled Lightning"},{"floor":19,"key":"Red Mask"},{"floor":23,"key":"War Paint"}],"event_choices":[{"cards_removed":["Defend_B"],"damage_healed":0,"gold_gain":0,"player_choice":"Card Removal","damage_taken":0,"max_hp_gain":0,"max_hp_loss":0,"event_name":"The Cleric","floor":2,"gold_loss":50},{"damage_healed":0,"gold_gain":0,"cards_transformed":["Strike_B"],"player_choice":"Change","damage_taken":0,"max_hp_gain":0,"max_hp_loss":0,"event_name":"Living Wall","floor":5,"gold_loss":0,"cards_obtained":["Creative AI"]},{"damage_healed":0,"gold_gain":0,"player_choice":"Searched \u00272\u0027 times","damage_taken":0,"relics_obtained":["Pen Nib"],"max_hp_gain":0,"max_hp_loss":0,"event_name":"Dead Adventurer","floor":13,"gold_loss":0},{"damage_healed":0,"gold_gain":0,"player_choice":"Fought Bandits","damage_taken":0,"max_hp_gain":0,"max_hp_loss":0,"event_name":"Masked Bandits","floor":19,"gold_loss":0},{"damage_healed":0,"gold_gain":0,"player_choice":"Shed Blood","damage_taken":19,"max_hp_gain":5,"max_hp_loss":0,"event_name":"Forgotten Altar","floor":20,"gold_loss":0}],"is_beta":false,"boss_relics":[{"not_picked":["Velvet Choker","Ectoplasm"],"picked":"Orrery"}],"items_purged_floors":[],"is_endless":false,"potions_floor_spawned":[1,7,8,11,22],"killed_by":"Gremlin Leader","ascension_level":1}