{"gold_per_floor":[211,230,305,480,490,490,501,501,576,526,30,42,56,73,73,175,175,187,187,202,202,212,212,137,16,40,40,40,51,65,81,81,185,185,197,197,207,207,223,223,223,123,149,24,24,38,13,32,32,32],"floor_reached":51,"playtime":1240,"items_purged":["Dark Embrace","Strike_R","Defend_R"],"score":641,"play_id":"8befdd4b-4ae6-45c0-a608-e78e494acb74","local_time":"20190305174517","is_ascension_mode":false,"campfire_choices":[{"data":"Shockwave","floor":6.0,"key":"SMITH"},{"data":"Flex","floor":8.0,"key":"SMITH"},{"data":"Armaments","floor":15.0,"key":"SMITH"},{"data":"Armaments","floor":23.0,"key":"SMITH"},{"data":"Spot Weakness","floor":27.0,"key":"SMITH"},{"data":"Spot Weakness","floor":32.0,"key":"SMITH"},{"data":"Double Tap","floor":40.0,"key":"SMITH"},{"data":"Spot Weakness","floor":41.0,"key":"SMITH"},{"data":"Discovery","floor":49.0,"key":"SMITH"}],"neow_cost":"NONE","seed_source_timestamp":7363363108408,"circlet_count":0,"master_deck":["Strike_R+1","Defend_R","Defend_R","Defend_R","Bash+1","Shockwave+1","Shrug It Off","Flex+1","Armaments+1","Twin Strike+1","Spot Weakness+1","Spot Weakness+1","Bludgeon+1","Armaments+1","Heavy Blade+1","Spot Weakness+1","Thunderclap+1","Sword Boomerang+1","Infernal Blade+1","Headbutt+1","Double Tap+1","Shrug It Off+1","Whirlwind+1","Discovery+1","Sadistic Nature","Apotheosis","Shrug It Off+1","Sword Boomerang+1","Pommel Strike+1"],"special_seed":0,"relics":["Burning Blood","Kunai","Molten Egg 2","Chemical X","Coffee Dripper","Whetstone","CultistMask","Mark of Pain","WingedGreaves","Potion Belt"],"potions_floor_usage":[50,50,50],"damage_taken":[{"damage":5.0,"enemies":"Jaw Worm","floor":1.0,"turns":5.0},{"damage":2.0,"enemies":"Small Slimes","floor":2.0,"turns":4.0},{"damage":1.0,"enemies":"2 Louse","floor":5.0,"turns":4.0},{"damage":0.0,"enemies":"Blue Slaver","floor":7.0,"turns":5.0},{"damage":14.0,"enemies":"Large Slime","floor":12.0,"turns":10.0},{"damage":3.0,"enemies":"2 Fungi Beasts","floor":13.0,"turns":4.0},{"damage":2.0,"enemies":"Red Slaver","floor":14.0,"turns":4.0},{"damage":37.0,"enemies":"Hexaghost","floor":16.0,"turns":8.0},{"damage":14.0,"enemies":"Chosen","floor":18.0,"turns":5.0},{"damage":2.0,"enemies":"Shell Parasite","floor":20.0,"turns":3.0},{"damage":5.0,"enemies":"Centurion and Healer","floor":22.0,"turns":6.0},{"damage":13.0,"enemies":"Snake Plant","floor":29.0,"turns":2.0},{"damage":2.0,"enemies":"Cultist and Chosen","floor":30.0,"turns":4.0},{"damage":0.0,"enemies":"3 Cultists","floor":31.0,"turns":4.0},{"damage":56.0,"enemies":"Automaton","floor":33.0,"turns":9.0},{"damage":9.0,"enemies":"Orb Walker","floor":35.0,"turns":3.0},{"damage":5.0,"enemies":"3 Shapes","floor":37.0,"turns":5.0},{"damage":24.0,"enemies":"Transient","floor":39.0,"turns":5.0},{"damage":0.0,"enemies":"Sphere and 2 Shapes","floor":46.0,"turns":1.0},{"damage":13.0,"enemies":"3 Darklings","floor":48.0,"turns":2.0},{"damage":109,"enemies":"Time Eater","floor":50,"turns":10}],"seed_played":"5290639783220795773","potions_obtained":[{"floor":1.0,"key":"Regen Potion"},{"floor":7.0,"key":"PowerPotion"},{"floor":14.0,"key":"Dexterity Potion"},{"floor":16.0,"key":"SteroidPotion"},{"floor":20.0,"key":"Fire Potion"},{"floor":31.0,"key":"Swift Potion"},{"floor":33.0,"key":"Regen Potion"},{"floor":39.0,"key":"BloodPotion"},{"floor":46.0,"key":"FearPotion"}],"is_trial":false,"path_per_floor":["M","M","?","?","M","R","M","R","T","?","$","M","M","M","R","B",null,"M","?","M","?","M","R","?","$","T","R","?","M","M","M","R","B",null,"M","T","M","?","M","R","R","$","T","$","?","M","$","M","R","B",null],"character_chosen":"IRONCLAD","items_purchased":["Armaments","Molten Egg 2","Chemical X","Thunderclap+1","Sword Boomerang+1"],"campfire_rested":0,"item_purchase_floors":[11,11,11,25,47],"current_hp_per_floor":[80,80,69,69,74,74,80,80,80,80,80,72,75,79,79,48,80,72,72,76,76,77,77,77,77,77,77,77,70,74,80,80,30,80,77,77,78,78,60,60,60,60,60,60,50,64,64,57,57,8],"gold":32,"neow_bonus":"HUNDRED_GOLD","is_prod":false,"is_daily":false,"chose_seed":false,"campfire_upgraded":9,"win_rate":0,"timestamp":1551829517,"path_taken":["M","M","?","?","M","R","M","R","T","?","$","M","M","M","R","BOSS","M","?","M","?","M","R","?","?","T","R","?","M","M","M","R","BOSS","M","?","M","?","?","R","R","?","T","$","?","M","$","M","R","BOSS"],"build_version":"2019-01-23","purchased_purges":3,"victory":true,"max_hp_per_floor":[80,80,80,80,80,80,80,80,80,80,80,80,80,80,80,80,80,80,80,80,80,80,80,80,80,80,80,80,80,80,80,80,80,80,80,80,80,80,80,80,80,80,80,80,80,80,80,80,80,80],"card_choices":[{"not_picked":["Clothesline","Body Slam"],"picked":"Shockwave","floor":1.0},{"not_picked":["Cleave","Reckless Charge"],"picked":"Shrug It Off","floor":2.0},{"not_picked":["Thunderclap","Anger"],"picked":"Flex","floor":5.0},{"not_picked":["Wild Strike","Perfected Strike","Havoc"],"picked":"SKIP","floor":7.0},{"not_picked":["True Grit","Dual Wield"],"picked":"Twin Strike+1","floor":12.0},{"not_picked":["Sever Soul+1","Thunderclap+1"],"picked":"Spot Weakness","floor":13.0},{"not_picked":["Hemokinesis+1","Bloodletting"],"picked":"Spot Weakness","floor":14.0},{"not_picked":["Exhume","Brutality"],"picked":"Bludgeon+1","floor":16.0},{"not_picked":["Pommel Strike+1","Combust+1"],"picked":"Armaments","floor":18.0},{"not_picked":["Sword Boomerang+1","Flex"],"picked":"Heavy Blade+1","floor":20.0},{"not_picked":["Warcry","Ghostly Armor"],"picked":"Shrug It Off+1","floor":22.0},{"not_picked":["Hemokinesis+1","Anger+1"],"picked":"Sword Boomerang+1","floor":29.0},{"not_picked":["Intimidate+1","Power Through+1"],"picked":"Infernal Blade+1","floor":30.0},{"not_picked":["Shockwave","Perfected Strike+1"],"picked":"Headbutt+1","floor":31.0},{"not_picked":["Fiend Fire+1","Barricade"],"picked":"Double Tap","floor":33.0},{"not_picked":["Combust","Hemokinesis+1","Flex+1"],"picked":"SKIP","floor":35.0},{"not_picked":["Combust","Ghostly Armor+1"],"picked":"Shrug It Off+1","floor":37.0},{"not_picked":["Anger+1","Perfected Strike+1"],"picked":"Whirlwind+1","floor":39.0},{"not_picked":["Dark Shackles","Dramatic Entrance+1"],"picked":"Discovery","floor":45.0},{"not_picked":["Enlightenment","Dramatic Entrance+1"],"picked":"Sadistic Nature","floor":45.0},{"not_picked":["Deep Breath","HandOfGreed+1"],"picked":"Apotheosis","floor":45.0},{"not_picked":["True Grit","Headbutt+1"],"picked":"Shrug It Off+1","floor":46.0},{"not_picked":["Clash+1","Corruption"],"picked":"Pommel Strike+1","floor":48.0}],"player_experience":986831,"relics_obtained":[{"floor":9.0,"key":"Kunai"},{"floor":26.0,"key":"Whetstone"},{"floor":36.0,"key":"WingedGreaves"},{"floor":43.0,"key":"Potion Belt"}],"event_choices":[{"damage_healed":0.0,"max_hp_gain":0.0,"max_hp_loss":0.0,"gold_gain":75.0,"event_name":"World of Goop","player_choice":"Gather Gold","floor":3.0,"gold_loss":0.0,"damage_taken":11.0},{"damage_healed":0.0,"max_hp_gain":0.0,"max_hp_loss":0.0,"gold_gain":175.0,"event_name":"Liars Game","player_choice":"AGREE","floor":4.0,"gold_loss":0.0,"damage_taken":0.0,"cards_obtained":["Doubt"]},{"cards_removed":["Doubt"],"damage_healed":0.0,"max_hp_gain":0.0,"max_hp_loss":0.0,"gold_gain":0.0,"event_name":"The Cleric","player_choice":"Card Removal","floor":10.0,"gold_loss":50.0,"damage_taken":0.0},{"damage_healed":0.0,"max_hp_gain":0.0,"max_hp_loss":0.0,"gold_gain":0.0,"event_name":"Vampires","player_choice":"Ignored","floor":19.0,"gold_loss":0.0,"damage_taken":0.0},{"damage_healed":0.0,"max_hp_gain":0.0,"max_hp_loss":0.0,"gold_gain":0.0,"cards_transformed":["Strike_R","Strike_R"],"event_name":"Drug Dealer","player_choice":"Became Test Subject","floor":21.0,"gold_loss":0.0,"damage_taken":0.0,"cards_obtained":["Spot Weakness","Dark Embrace"]},{"cards_removed":["Strike_R"],"damage_healed":0.0,"max_hp_gain":0.0,"max_hp_loss":0.0,"gold_gain":0.0,"event_name":"Beggar","player_choice":"Gave Gold","floor":24.0,"gold_loss":75.0,"damage_taken":0.0},{"damage_healed":0.0,"max_hp_gain":0.0,"max_hp_loss":0.0,"gold_gain":0.0,"event_name":"FaceTrader","player_choice":"Trade","floor":28.0,"gold_loss":0.0,"damage_taken":0.0,"relics_obtained":["CultistMask"]},{"cards_removed":["Shrug It Off"],"damage_healed":0.0,"max_hp_gain":0.0,"max_hp_loss":0.0,"gold_gain":0.0,"event_name":"Falling","player_choice":"Removed Skill","floor":38.0,"gold_loss":0.0,"damage_taken":0.0},{"damage_healed":0.0,"max_hp_gain":0.0,"max_hp_loss":0.0,"gold_gain":0.0,"event_name":"SensoryStone","player_choice":"Memory 3","floor":45.0,"gold_loss":0.0,"damage_taken":10.0}],"is_beta":false,"boss_relics":[{"not_picked":["Lizard Tail","Runic Cube"],"picked":"Coffee Dripper"},{"not_picked":["Tiny House","Philosopher\u0027s Stone"],"picked":"Mark of Pain"}],"items_purged_floors":[25,42,44],"is_endless":false,"potions_floor_spawned":[1,7,14,16,20,31,33,39,46],"ascension_level":0}