{"gold_per_floor":[119,119,119,134,149,149,183,183,206,206,220,239,239,272,272,350,350,329,329,279,292,292],"floor_reached":22,"playtime":776,"items_purged":[],"score":388,"play_id":"efe618a4-bf41-4d27-a9ef-5f7c6c561e9f","local_time":"20190122183147","is_ascension_mode":true,"campfire_choices":[{"data":"Streamline","floor":6,"key":"SMITH"},{"data":"Cold Snap","floor":10,"key":"SMITH"},{"floor":13,"key":"REST"},{"floor":15,"key":"REST"}],"neow_cost":"NONE","seed_source_timestamp":1177730377481080,"circlet_count":0,"master_deck":["AscendersBane","Defend_B","Defend_B","Defend_B","Defend_B","Zap","Dualcast","Capacitor","Cold Snap+1","Streamline+1","FTL","Cold Snap","Coolheaded","Sweeping Beam","Reboot","Seek+1","Rainbow+1","Static Discharge+1","Writhe"],"relics":["Cracked Core","Bag of Preparation","Orichalcum","Oddly Smooth Stone","Astrolabe","Matryoshka"],"potions_floor_usage":[7,14],"damage_taken":[{"damage":19,"enemies":"Small Slimes","floor":1,"turns":4},{"damage":9,"enemies":"Jaw Worm","floor":4,"turns":3},{"damage":0,"enemies":"Cultist","floor":5,"turns":4},{"damage":26,"enemies":"3 Sentries","floor":7,"turns":7},{"damage":7,"enemies":"Blue Slaver","floor":11,"turns":2},{"damage":3,"enemies":"Looter","floor":12,"turns":3},{"damage":18,"enemies":"Gremlin Nob","floor":14,"turns":4},{"damage":29,"enemies":"Slime Boss","floor":16,"turns":12},{"damage":10,"enemies":"2 Thieves","floor":18,"turns":4},{"damage":21,"enemies":"Chosen","floor":21,"turns":6},{"damage":0,"enemies":"3 Cultists","floor":22,"turns":1}],"seed_played":"-1073686208236971762","potions_obtained":[{"floor":4,"key":"SteroidPotion"},{"floor":5,"key":"SkillPotion"},{"floor":16,"key":"Swift Potion"},{"floor":21,"key":"Regen Potion"}],"is_trial":false,"path_per_floor":["?","?","?","M","?","?"],"character_chosen":"DEFECT","items_purchased":[],"campfire_rested":2,"item_purchase_floors":[],"current_hp_per_floor":[45,45,68,59,59,59,33,33,33,33,26,23,44,26,47,18,58,48,48,48,27,27],"gold":292,"neow_bonus":"THREE_CARDS","is_prod":false,"is_daily":false,"chose_seed":false,"campfire_upgraded":2,"win_rate":0,"timestamp":1548199907,"path_taken":["M","?","?","M","M","R","E","?","T","R","?","M","R","E","R","BOSS","M","?","?","M","M"],"build_version":"2019-01-20","purchased_purges":0,"victory":false,"max_hp_per_floor":[71,71,71,71,71,71,71,71,71,71,71,71,71,71,71,71,71,71,71,71,71,71],"card_choices":[{"not_picked":["Rebound","Conserve Battery"],"picked":"Capacitor","floor":0},{"not_picked":["Barrage","Beam Cell","Reinforced Body"],"picked":"SKIP","floor":1},{"not_picked":["Conserve Battery","Beam Cell"],"picked":"Cold Snap","floor":4},{"not_picked":["Aggregate","Compile Driver"],"picked":"Streamline","floor":5},{"not_picked":["Barrage","Hyperbeam"],"picked":"FTL","floor":7},{"not_picked":["Beam Cell","Fusion"],"picked":"Cold Snap","floor":11},{"not_picked":["Chaos","Auto Shields"],"picked":"Coolheaded","floor":12},{"not_picked":["Cold Snap","Storm"],"picked":"Sweeping Beam","floor":14},{"not_picked":["Fission","Hyperbeam"],"picked":"Reboot","floor":16},{"not_picked":["Beam Cell","Stack","Coolheaded"],"picked":"SKIP","floor":18},{"not_picked":["Tempest","Compile Driver","Turbo"],"picked":"SKIP","floor":21}],"player_experience":490044,"relics_obtained":[{"floor":7,"key":"Bag of Preparation"},{"floor":9,"key":"Orichalcum"},{"floor":14,"key":"Oddly Smooth Stone"}],"event_choices":[{"damage_healed":0,"gold_gain":0,"player_choice":"Ignored","damage_taken":0,"max_hp_gain":0,"max_hp_loss":0,"event_name":"Shining Light","floor":2,"gold_loss":0},{"damage_healed":23,"gold_gain":0,"player_choice":"Banana","damage_taken":0,"max_hp_gain":0,"max_hp_loss":0,"event_name":"Big Fish","floor":3,"gold_loss":0},{"cards_removed":["Strike_B"],"damage_healed":0,"gold_gain":0,"player_choice":"Purged","damage_taken":0,"max_hp_gain":0,"max_hp_loss":0,"event_name":"Purifier","floor":8,"gold_loss":0},{"damage_healed":0,"gold_gain":0,"player_choice":"Opened","damage_taken":0,"relics_obtained":["Matryoshka"],"max_hp_gain":0,"max_hp_loss":0,"event_name":"The Mausoleum","floor":19,"gold_loss":0,"cards_obtained":["Writhe"]},{"damage_healed":0,"gold_gain":0,"player_choice":"Bet on Murderer","damage_taken":0,"max_hp_gain":0,"max_hp_loss":0,"event_name":"The Joust","floor":20,"gold_loss":50}],"is_beta":true,"boss_relics":[{"not_picked":["Lizard Tail","Pandora\u0027s Box"],"picked":"Astrolabe"}],"items_purged_floors":[],"is_endless":false,"potions_floor_spawned":[4,5,16,21],"killed_by":"3 Cultists","ascension_level":20}