{"gold_per_floor":[115,46,121,71,71,98,98,127,163,192,218,94,94,94,94,168,168,187,207,127,144,159,159,159,84,84,97,97,107,177,177],"floor_reached":31,"playtime":1885,"items_purged":["Defend_B"],"score":413,"play_id":"203fc7a3-6c5e-47b5-a5fb-cf38902c7f1e","local_time":"20190108014533","is_ascension_mode":true,"campfire_choices":[{"floor":7,"key":"REST"},{"floor":13,"key":"REST"},{"data":"Zap","floor":15,"key":"SMITH"},{"floor":23,"key":"REST"}],"neow_cost":"NONE","seed_source_timestamp":127016715851641,"circlet_count":0,"master_deck":["AscendersBane","Strike_B","Strike_B+1","Defend_B","Defend_B","Defend_B","Zap+1","Dualcast","Leap+1","Defragment","Ball Lightning","Coolheaded","Defragment","Chill","Seek","Capacitor","Echo Form","Cold Snap","Chill","Hologram"],"relics":["Cracked Core","Dodecahedron","MawBank","Regal Pillow","Sozu","Bag of Preparation","Symbiotic Virus","Molten Egg 2"],"potions_floor_usage":[16],"damage_taken":[{"damage":2,"enemies":"Jaw Worm","floor":1,"turns":3},{"damage":19,"enemies":"Lagavulin","floor":6,"turns":8},{"damage":18,"enemies":"3 Sentries","floor":8,"turns":7},{"damage":3,"enemies":"2 Louse","floor":10,"turns":3},{"damage":0,"enemies":"Cultist","floor":11,"turns":3},{"damage":21,"enemies":"Slime Boss","floor":16,"turns":9},{"damage":6,"enemies":"Shell Parasite","floor":18,"turns":6},{"damage":4,"enemies":"3 Byrds","floor":19,"turns":6},{"damage":18,"enemies":"Centurion and Healer","floor":21,"turns":7},{"damage":23,"enemies":"Snake Plant","floor":22,"turns":5},{"damage":13,"enemies":"Snecko","floor":27,"turns":5},{"damage":31,"enemies":"Shelled Parasite and Fungi","floor":29,"turns":6},{"damage":8,"enemies":"Book of Stabbing","floor":31,"turns":4}],"seed_played":"-3928614391060273300","potions_obtained":[{"floor":8,"key":"FocusPotion"},{"floor":10,"key":"Ancient Potion"},{"floor":11,"key":"Dexterity Potion"}],"is_trial":false,"path_per_floor":["M","$","?","?","?","E","R","E","T","M","M","$","R","$","R","B",null,"M","M","$","M","M","R","?","$","T","M","?","M","T","E"],"character_chosen":"DEFECT","items_purchased":["Defragment","Defragment","Chill","Echo Form"],"campfire_rested":3,"item_purchase_floors":[2,12,12,20],"current_hp_per_floor":[62,62,51,51,37,18,39,21,21,18,18,18,54,54,54,33,62,56,52,52,34,11,47,47,47,47,34,34,3,3,0],"gold":177,"neow_bonus":"REMOVE_CARD","is_prod":false,"is_daily":false,"chose_seed":false,"campfire_upgraded":1,"win_rate":0,"timestamp":1546908333,"path_taken":["M","$","?","?","?","E","R","E","T","M","?","$","R","$","R","BOSS","M","M","?","M","M","R","?","$","T","M","?","?","?","E"],"build_version":"2019-01-03v4","purchased_purges":1,"victory":false,"max_hp_per_floor":[71,71,71,71,71,71,71,71,71,71,71,71,71,71,71,71,71,71,71,71,71,71,71,71,71,71,71,71,71,71,71],"card_choices":[{"not_picked":["Compile Driver","Sunder"],"picked":"Leap","floor":1},{"not_picked":["Heatsinks","Go for the Eyes"],"picked":"Ball Lightning","floor":6},{"not_picked":["Gash","Chaos"],"picked":"Coolheaded","floor":8},{"not_picked":["Blizzard","Compile Driver","Force Field"],"picked":"SKIP","floor":10},{"not_picked":["Fusion","Redo","Storm"],"picked":"SKIP","floor":11},{"not_picked":["Meteor Strike","All For One"],"picked":"Seek","floor":16},{"not_picked":["Ball Lightning","Blizzard","Turbo"],"picked":"SKIP","floor":18},{"not_picked":["Ball Lightning","Leap"],"picked":"Capacitor","floor":19},{"not_picked":["Loop","Double Energy"],"picked":"Cold Snap","floor":21},{"not_picked":["Chaos","Go for the Eyes","Tempest"],"picked":"SKIP","floor":22},{"not_picked":["Turbo","Biased Cognition","Barrage"],"picked":"SKIP","floor":27},{"not_picked":["Sweeping Beam","Barrage"],"picked":"Hologram","floor":29}],"player_experience":719549,"relics_obtained":[{"floor":6,"key":"Dodecahedron"},{"floor":8,"key":"MawBank"},{"floor":9,"key":"Regal Pillow"},{"floor":26,"key":"Bag of Preparation"},{"floor":30,"key":"Molten Egg 2"}],"event_choices":[{"damage_healed":0,"gold_gain":75,"player_choice":"Gather Gold","damage_taken":11,"max_hp_gain":0,"max_hp_loss":0,"event_name":"World of Goop","floor":3,"gold_loss":0},{"cards_removed":["Strike_B"],"damage_healed":0,"gold_gain":0,"player_choice":"Card Removal","damage_taken":0,"max_hp_gain":0,"max_hp_loss":0,"event_name":"The Cleric","floor":4,"gold_loss":50},{"damage_healed":0,"gold_gain":0,"player_choice":"Entered Light","damage_taken":14,"max_hp_gain":0,"max_hp_loss":0,"event_name":"Shining Light","floor":5,"gold_loss":0,"cards_upgraded":["Strike_B","Leap"]},{"damage_healed":0,"gold_gain":0,"player_choice":"Read","damage_taken":0,"max_hp_gain":0,"max_hp_loss":0,"event_name":"The Library","floor":24,"gold_loss":0,"cards_obtained":["Chill"]},{"damage_healed":0,"gold_gain":0,"player_choice":"Gave Potion","damage_taken":0,"relics_obtained":["Symbiotic Virus"],"max_hp_gain":0,"max_hp_loss":0,"event_name":"WeMeetAgain","floor":28,"gold_loss":0}],"is_beta":true,"boss_relics":[{"not_picked":["Lizard Tail","Pandora\u0027s Box"],"picked":"Sozu"}],"items_purged_floors":[25],"is_endless":false,"potions_floor_spawned":[8,10,11,21,27],"killed_by":"Book of Stabbing","ascension_level":14}