{"gold_per_floor":[118,14,14,28,46,46,65,65,89,14,25,36,55,77,77,77],"floor_reached":16,"playtime":665,"items_purged":["Defend_B"],"score":94,"play_id":"857c3dfc-d133-4979-a344-5ea9259dd6bb","local_time":"20181223120516","is_ascension_mode":false,"campfire_choices":[{"data":"Blizzard","floor":6,"key":"SMITH"},{"data":"Defend_B","floor":8,"key":"PURGE"},{"data":"Blizzard","floor":15,"key":"SMITH"}],"neow_cost":"NONE","seed_source_timestamp":94721467971067,"circlet_count":0,"master_deck":["Strike_B","Strike_B","Strike_B","Strike_B","Defend_B","Defend_B","Zap","Dualcast","Fusion","Chill","Blizzard+1","Conserve Battery","Cold Snap","Blizzard+1"],"relics":["Cracked Core","Peace Pipe","Regal Pillow","Odd Mushroom"],"potions_floor_usage":[4,16,16],"damage_taken":[{"damage":0,"enemies":"Cultist","floor":1,"turns":3},{"damage":5,"enemies":"Jaw Worm","floor":4,"turns":4},{"damage":2,"enemies":"2 Louse","floor":5,"turns":4},{"damage":10,"enemies":"Large Slime","floor":7,"turns":5},{"damage":0,"enemies":"3 Louse","floor":11,"turns":2},{"damage":8,"enemies":"Looter","floor":12,"turns":3},{"damage":7,"enemies":"Exordium Wildlife","floor":13,"turns":4},{"damage":0,"enemies":"The Mushroom Lair","floor":14,"turns":4},{"damage":52,"enemies":"Hexaghost","floor":16,"turns":9}],"seed_played":"5285693301126451354","potions_obtained":[{"floor":1,"key":"GamblersBrew"},{"floor":5,"key":"FearPotion"},{"floor":13,"key":"SkillPotion"}],"is_trial":false,"path_per_floor":["M","$","T","M","M","R","M","R","T","$","M","M","M","?","R","B"],"character_chosen":"DEFECT","items_purchased":["Chill","Blizzard"],"campfire_rested":0,"item_purchase_floors":[2,2],"current_hp_per_floor":[82,82,82,77,75,75,65,65,65,65,65,57,50,50,50,0],"gold":77,"neow_bonus":"TEN_PERCENT_HP_BONUS","is_prod":false,"is_daily":false,"chose_seed":false,"campfire_upgraded":2,"win_rate":0,"timestamp":1545584716,"path_taken":["M","$","?","M","M","R","M","R","T","$","?","M","M","?","R","BOSS"],"build_version":"2018-12-20","purchased_purges":1,"victory":false,"max_hp_per_floor":[82,82,82,82,82,82,82,82,82,82,82,82,82,82,82,82],"card_choices":[{"not_picked":["Rebound","Self Repair"],"picked":"Fusion","floor":1},{"not_picked":["Rebound","Aggregate"],"picked":"Conserve Battery","floor":4},{"not_picked":["Loop","Rebound"],"picked":"Cold Snap","floor":5},{"not_picked":["Auto Shields","Hello World","Heatsinks"],"picked":"SKIP","floor":7},{"not_picked":["Genetic Algorithm","Go for the Eyes","Skim"],"picked":"SKIP","floor":11},{"not_picked":["Gash","White Noise","Ball Lightning"],"picked":"SKIP","floor":12},{"not_picked":["Reprogram","Rebound","Loop"],"picked":"SKIP","floor":13},{"not_picked":["Steam","Meteor Strike"],"picked":"Blizzard","floor":14}],"player_experience":342078,"relics_obtained":[{"floor":3,"key":"Peace Pipe"},{"floor":9,"key":"Regal Pillow"},{"floor":14,"key":"Odd Mushroom"}],"event_choices":[{"damage_healed":0,"gold_gain":0,"player_choice":"Fought Mushrooms","damage_taken":0,"max_hp_gain":0,"max_hp_loss":0,"event_name":"Mushrooms","floor":14,"gold_loss":0}],"is_beta":false,"boss_relics":[],"items_purged_floors":[10],"is_endless":false,"potions_floor_spawned":[1,5,13],"killed_by":"Hexaghost","ascension_level":0}