{"gold_per_floor":[113,124,134,134,134,134,147,147,198,198],"floor_reached":10,"playtime":485,"items_purged":[],"score":84,"play_id":"46423a61-ceaf-4146-a630-64d32cc783dd","local_time":"20190306182439","is_ascension_mode":true,"campfire_choices":[{"floor":6,"key":"REST"}],"neow_cost":"NONE","seed_source_timestamp":0,"circlet_count":0,"master_deck":["Defend_G","Defend_G","Defend_G","Defend_G","Defend_G","Strike_G","Strike_G","Strike_G","Strike_G","Survivor","Neutralize","Backflip","Blade Dance","Backflip","Dagger Spray"],"special_seed":0,"relics":["Ring of the Snake","Golden Idol"],"potions_floor_usage":[],"damage_taken":[{"damage":0,"enemies":"Small Slimes","floor":1,"turns":5},{"damage":6,"enemies":"Jaw Worm","floor":2,"turns":7},{"damage":1,"enemies":"2 Louse","floor":3,"turns":4},{"damage":6,"enemies":"2 Fungi Beasts","floor":7,"turns":8},{"damage":7,"enemies":"Gremlin Nob","floor":10,"turns":3}],"seed_played":"3904568952748210820","potions_obtained":[],"is_trial":false,"path_per_floor":["M","M","M","?","?","R","M","?","T","E"],"character_chosen":"THE_SILENT","items_purchased":[],"campfire_rested":1,"item_purchase_floors":[],"current_hp_per_floor":[70,64,63,44,37,60,54,54,54,47],"gold":198,"neow_bonus":"TEN_PERCENT_HP_BONUS","is_prod":false,"is_daily":false,"chose_seed":false,"campfire_upgraded":0,"win_rate":0,"timestamp":1551885879,"path_taken":["M","M","M","?","?","R","?","?","T","E"],"build_version":"2019-01-23","purchased_purges":0,"victory":false,"max_hp_per_floor":[77,77,77,77,77,77,77,77,77,77],"card_choices":[{"not_picked":["Dodge and Roll","Sucker Punch"],"picked":"Backflip","floor":1},{"not_picked":["Underhanded Strike","Flying Knee"],"picked":"Blade Dance","floor":2},{"not_picked":["Dodge and Roll","Bane"],"picked":"Backflip","floor":3},{"not_picked":["Acrobatics","Deadly Poison"],"picked":"Dagger Spray","floor":7}],"player_experience":375538,"relics_obtained":[],"event_choices":[{"damage_healed":0,"gold_gain":0,"player_choice":"Take Damage","damage_taken":19,"relics_obtained":["Golden Idol"],"max_hp_gain":0,"max_hp_loss":0,"event_name":"Golden Idol","floor":4,"gold_loss":0},{"cards_removed":["Strike_G"],"damage_healed":0,"gold_gain":0,"player_choice":"Card Removal","damage_taken":7,"max_hp_gain":0,"max_hp_loss":0,"event_name":"Golden Wing","floor":5,"gold_loss":0},{"damage_healed":0,"gold_gain":0,"player_choice":"Ignored","damage_taken":0,"max_hp_gain":0,"max_hp_loss":0,"event_name":"Liars Game","floor":8,"gold_loss":0}],"is_beta":false,"boss_relics":[],"items_purged_floors":[],"is_endless":false,"potions_floor_spawned":[],"killed_by":"Gremlin Nob","ascension_level":9}