{"gold_per_floor":[116,126,42,42,54,79,79,94,94,112,125,155,155,185,185,262,262,279,279,297,247,260,294,294,319,319,319,115,143,153,153,153,224,224,239,29,47,0,0,25,25,56,94,106,136,148,140,165,177,189,201,213,225,4,33,33],"floor_reached":57,"playtime":6164,"items_purged":["Strike_B","Strike_B"],"score":3101,"play_id":"ac8a9556-c6d0-4d65-82d1-9a39d5178bb2","local_time":"20190304002540","is_ascension_mode":true,"campfire_choices":[{"floor":7,"key":"REST"},{"floor":13,"key":"REST"},{"data":"Defragment","floor":15,"key":"SMITH"},{"data":"Consume","floor":24,"key":"SMITH"},{"data":"Capacitor","floor":27,"key":"SMITH"},{"floor":32,"key":"REST"},{"data":"Buffer","floor":41,"key":"SMITH"},{"floor":46,"key":"RECALL"},{"floor":49,"key":"REST"},{"data":"Sunder","floor":53,"key":"SMITH"}],"neow_cost":"NONE","seed_source_timestamp":121408693026090,"circlet_count":0,"master_deck":["AscendersBane","Strike_B","Strike_B","Defend_B+1","Defend_B","Defend_B","Defend_B","Zap","Dualcast","Sweeping Beam","Glacier","Sweeping Beam+1","Capacitor+1","Doom and Gloom","Consume+1","Cold Snap+1","Cold Snap","Defragment+1","White Noise","Ball Lightning+1","Electrodynamics","Sunder+1","Recycle","Recycle","Doom and Gloom","Sunder+1","Glacier","Buffer+1","Static Discharge+1","Skim+1","Dark Shackles","Dark Shackles","Sweeping Beam+1","White Noise","Loop"],"relics":["FrozenCore","Bag of Preparation","DataDisk","Mummified Hand","Potion Belt","Snecko Eye","FaceOfCleric","Whetstone","Ginger","Pen Nib","Gremlin Horn","MutagenicStrength","Sling","Red Mask","Dodecahedron","MawBank","Meat on the Bone","Bag of Marbles"],"potions_floor_usage":[6,6,12,18,33,33,40,45,50,51,55,56,56,56],"damage_taken":[{"damage":1,"enemies":"Cultist","floor":1,"turns":3},{"damage":2,"enemies":"Jaw Worm","floor":2,"turns":4},{"damage":5,"enemies":"2 Louse","floor":5,"turns":3},{"damage":26,"enemies":"Gremlin Nob","floor":6,"turns":4},{"damage":1,"enemies":"Lots of Slimes","floor":8,"turns":3},{"damage":9,"enemies":"3 Louse","floor":10,"turns":3},{"damage":5,"enemies":"Blue Slaver","floor":11,"turns":4},{"damage":0,"enemies":"3 Sentries","floor":12,"turns":6},{"damage":0,"enemies":"Lagavulin","floor":14,"turns":8},{"damage":0,"enemies":"Slime Boss","floor":16,"turns":7},{"damage":16,"enemies":"Shell Parasite","floor":18,"turns":2},{"damage":0,"enemies":"Chosen","floor":20,"turns":2},{"damage":10,"enemies":"Snake Plant","floor":22,"turns":4},{"damage":0,"enemies":"Book of Stabbing","floor":23,"turns":5},{"damage":0,"enemies":"Slavers","floor":25,"turns":2},{"damage":18,"enemies":"Gremlin Leader","floor":29,"turns":4},{"damage":0,"enemies":"Snecko","floor":30,"turns":3},{"damage":18,"enemies":"Collector","floor":33,"turns":6},{"damage":0,"enemies":"Orb Walker","floor":35,"turns":1},{"damage":0,"enemies":"3 Shapes","floor":37,"turns":4},{"damage":0,"enemies":"Reptomancer","floor":40,"turns":3},{"damage":0,"enemies":"Giant Head","floor":42,"turns":7},{"damage":0,"enemies":"Maw","floor":45,"turns":6},{"damage":25,"enemies":"Spire Growth","floor":48,"turns":4},{"damage":11,"enemies":"Donu and Deca","floor":50,"turns":6},{"damage":18,"enemies":"Time Eater","floor":51,"turns":8},{"damage":19,"enemies":"Shield and Spear","floor":55,"turns":6},{"damage":45,"enemies":"The Heart","floor":56,"turns":9}],"seed_played":"8235469186564917390","potions_obtained":[{"floor":2,"key":"Strength Potion"},{"floor":5,"key":"Weak Potion"},{"floor":6,"key":"Energy Potion"},{"floor":8,"key":"Fire Potion"},{"floor":14,"key":"Fire Potion"},{"floor":20,"key":"Ancient Potion"},{"floor":29,"key":"AttackPotion"},{"floor":30,"key":"FocusPotion"},{"floor":35,"key":"Weak Potion"},{"floor":40,"key":"Poison Potion"},{"floor":42,"key":"Block Potion"},{"floor":45,"key":"Block Potion"},{"floor":47,"key":"Energy Potion"}],"is_trial":false,"path_per_floor":["M","M","$","?","M","E","R","M","T","M","M","E","R","E","R","B",null,"M","?","M","?","M","E","R","E","T","R","$","E","M","?","R","B",null,"M","$","M","?","?","E","R","E","T","T","M","R","?","M","R","B","B",null,"R","$","E","B",null],"character_chosen":"DEFECT","items_purchased":["Capacitor","Doom and Gloom","Sunder","Sling","PowerPotion","GamblersBrew"],"campfire_rested":4,"item_purchase_floors":[3,28,28,36,54,54],"current_hp_per_floor":[63,61,61,61,56,30,51,50,50,41,36,36,57,57,57,57,68,52,52,53,53,44,45,45,46,46,46,46,29,30,30,53,36,68,69,69,70,70,60,61,61,62,62,62,63,63,63,51,76,66,49,77,77,77,59,27],"gold":33,"neow_bonus":"THREE_CARDS","is_prod":false,"is_daily":false,"chose_seed":false,"campfire_upgraded":5,"win_rate":0,"timestamp":1551655540,"path_taken":["M","?","$","?","M","E","R","M","T","M","M","E","R","E","R","BOSS","M","?","?","?","?","E","R","E","T","R","$","E","M","?","R","BOSS","M","$","M","?","?","E","R","E","T","?","M","R","?","M","R","BOSS","BOSS","R","$","E","BOSS"],"build_version":"2019-02-06","purchased_purges":2,"victory":true,"max_hp_per_floor":[71,71,71,71,71,71,71,71,71,71,71,71,71,71,71,71,71,71,71,72,72,73,74,74,75,75,75,75,76,77,77,77,78,78,79,79,80,80,80,81,81,82,82,82,83,83,83,84,84,85,86,86,86,86,87,88],"card_choices":[{"not_picked":["White Noise","Stack"],"picked":"Sweeping Beam","floor":0},{"not_picked":["Gash","Loop"],"picked":"Glacier","floor":1},{"not_picked":["Redo","Skim"],"picked":"Sweeping Beam","floor":2},{"not_picked":["Hologram","Sweeping Beam"],"picked":"Consume","floor":5},{"not_picked":["Sweeping Beam","Coolheaded"],"picked":"Cold Snap","floor":6},{"not_picked":["Streamline","Turbo","Barrage"],"picked":"SKIP","floor":8},{"not_picked":["Auto Shields","Rebound"],"picked":"Cold Snap","floor":10},{"not_picked":["Steam Power","Stack"],"picked":"Defragment","floor":11},{"not_picked":["Stack","Heatsinks"],"picked":"White Noise","floor":12},{"not_picked":["Go for the Eyes","Turbo"],"picked":"Ball Lightning","floor":14},{"not_picked":["Fission","Amplify"],"picked":"Electrodynamics","floor":16},{"not_picked":["Steam","Turbo"],"picked":"Sunder+1","floor":18},{"not_picked":["Leap","Cold Snap","Redo"],"picked":"SKIP","floor":20},{"not_picked":["Stack","Ball Lightning","Leap"],"picked":"SKIP","floor":22},{"not_picked":["Aggregate","Rebound"],"picked":"Recycle","floor":23},{"not_picked":["Core Surge","Conserve Battery"],"picked":"Recycle","floor":25},{"not_picked":["Hologram","Rebound+1"],"picked":"Glacier","floor":29},{"not_picked":["Go for the Eyes","Stack","Barrage"],"picked":"SKIP","floor":30},{"not_picked":["Multi-Cast","Biased Cognition"],"picked":"Buffer","floor":33},{"not_picked":["Steam","Coolheaded+1"],"picked":"Static Discharge+1","floor":35},{"not_picked":["Ball Lightning","Go for the Eyes"],"picked":"Skim+1","floor":37},{"not_picked":["Trip","Forethought"],"picked":"Dark Shackles","floor":39},{"not_picked":["Discovery","Jack Of All Trades"],"picked":"Dark Shackles","floor":39},{"not_picked":["Barrage","Gash","Coolheaded"],"picked":"SKIP","floor":40},{"not_picked":["Melter","Chill+1"],"picked":"Sweeping Beam+1","floor":42},{"not_picked":["Ball Lightning","Hello World"],"picked":"White Noise","floor":45},{"not_picked":["Hologram","Storm","Hello World"],"picked":"SKIP","floor":48},{"not_picked":["Blizzard+1","Skim"],"picked":"Loop","floor":55}],"player_experience":1305227,"relics_obtained":[{"floor":6,"key":"Bag of Preparation"},{"floor":9,"key":"DataDisk"},{"floor":12,"key":"Mummified Hand"},{"floor":14,"key":"Potion Belt"},{"floor":23,"key":"Whetstone"},{"floor":25,"key":"Ginger"},{"floor":26,"key":"Pen Nib"},{"floor":29,"key":"Gremlin Horn"},{"floor":40,"key":"Dodecahedron"},{"floor":42,"key":"MawBank"},{"floor":44,"key":"Meat on the Bone"},{"floor":55,"key":"Bag of Marbles"}],"event_choices":[{"damage_healed":0,"gold_gain":0,"player_choice":"1 cards matched","damage_taken":0,"max_hp_gain":0,"max_hp_loss":0,"event_name":"Match and Keep!","floor":4,"gold_loss":0,"cards_obtained":["Doom and Gloom"]},{"damage_healed":0,"gold_gain":0,"player_choice":"Trade","damage_taken":0,"relics_obtained":["FaceOfCleric"],"max_hp_gain":0,"max_hp_loss":0,"event_name":"FaceTrader","floor":19,"gold_loss":0},{"damage_healed":0,"gold_gain":0,"player_choice":"Upgraded Two","damage_taken":0,"max_hp_gain":0,"max_hp_loss":0,"event_name":"Designer","floor":21,"gold_loss":50,"cards_upgraded":["Ball Lightning","Defend_B"]},{"damage_healed":0,"gold_gain":0,"player_choice":"Inject Mutagens","damage_taken":0,"relics_obtained":["MutagenicStrength"],"max_hp_gain":0,"max_hp_loss":0,"event_name":"Drug Dealer","floor":31,"gold_loss":0},{"damage_healed":0,"gold_gain":0,"player_choice":"Paid","damage_taken":0,"relics_obtained":["Red Mask"],"max_hp_gain":0,"max_hp_loss":0,"event_name":"Tomb of Lord Red Mask","floor":38,"gold_loss":47},{"damage_healed":0,"gold_gain":0,"player_choice":"Memory 3","damage_taken":10,"max_hp_gain":0,"max_hp_loss":0,"event_name":"SensoryStone","floor":39,"gold_loss":0},{"damage_healed":0,"gold_gain":0,"player_choice":"Bought 1 Potion","damage_taken":0,"max_hp_gain":0,"max_hp_loss":0,"event_name":"The Woman in Blue","floor":47,"gold_loss":0}],"is_beta":true,"boss_relics":[{"not_picked":["Tiny House","Fusion Hammer"],"picked":"Snecko Eye"},{"not_picked":["Astrolabe","Runic Dome"],"picked":"FrozenCore"}],"items_purged_floors":[28,54],"is_endless":false,"potions_floor_spawned":[2,5,6,8,14,20,29,30,35,40,42,45],"ascension_level":20}