{"gold_per_floor":[110,110,129,79,95,95,106,119,146,163,163,180,37,37,37,142,142],"floor_reached":17,"playtime":384,"items_purged":[],"score":149,"play_id":"113c2f99-5217-490b-b037-b9c2525cf967","local_time":"20180907140719","is_ascension_mode":false,"campfire_choices":[{"data":"Dagger Spray","floor":6,"key":"SMITH"},{"data":"Skewer","floor":11,"key":"SMITH"},{"data":"Adrenaline","floor":15,"key":"SMITH"}],"neow_cost":"NONE","seed_source_timestamp":376104957608200,"circlet_count":0,"master_deck":["Survivor","Neutralize","Dagger Spray+1","Dagger Throw","Skewer+1","Adrenaline+1","Adrenaline","Concentrate","Deadly Poison","Flechettes","Deadly Poison","Flying Knee","Noxious Fumes","Bane","Outmaneuver"],"relics":["Coffee Dripper","Anchor","Dream Catcher","Pandora\u0027s Box"],"potions_floor_usage":[],"damage_taken":[{"damage":0,"enemies":"Jaw Worm","floor":1,"turns":4},{"damage":0,"enemies":"2 Louse","floor":3,"turns":2},{"damage":1,"enemies":"Cultist","floor":5,"turns":5},{"damage":0,"enemies":"Exordium Wildlife","floor":7,"turns":4},{"damage":0,"enemies":"3 Louse","floor":8,"turns":2},{"damage":0,"enemies":"Lots of Slimes","floor":10,"turns":2},{"damage":0,"enemies":"2 Fungi Beasts","floor":12,"turns":2},{"damage":23,"enemies":"Slime Boss","floor":16,"turns":8}],"seed_played":"2704604007844119717","potions_obtained":[{"floor":3,"key":"Energy Potion"},{"floor":7,"key":"Poison Potion"},{"floor":12,"key":"Dexterity Potion"}],"is_trial":false,"path_per_floor":["M","?","M","?","M","R","M","M","T","M","R","M","$","?","R","B"],"character_chosen":"THE_SILENT","items_purchased":["Dream Catcher"],"campfire_rested":0,"item_purchase_floors":[13],"current_hp_per_floor":[70,56,56,56,55,55,55,55,55,55,55,55,55,55,55,32,32],"gold":142,"neow_bonus":"BOSS_RELIC","is_prod":false,"is_daily":false,"chose_seed":false,"campfire_upgraded":3,"win_rate":0,"timestamp":1536296839,"path_taken":["M","?","M","?","M","R","M","?","T","M","R","M","$","?","R","BOSS"],"build_version":"2018-09-06","purchased_purges":0,"victory":false,"max_hp_per_floor":[70,70,70,70,70,70,70,70,70,70,70,70,70,70,70,70,70],"card_choices":[{"not_picked":["Blade Dance","Deflect","Sucker Punch"],"picked":"SKIP","floor":1},{"not_picked":["Calculated Gamble","Tactician"],"picked":"Dagger Spray","floor":3},{"not_picked":["Catalyst","Quick Slash"],"picked":"Dagger Throw","floor":5},{"not_picked":["Dagger Spray","Blade Dance"],"picked":"Skewer","floor":7},{"not_picked":["Dagger Throw","Quick Slash"],"picked":"Adrenaline","floor":8},{"not_picked":["Blade Dance","Underhanded Strike","Sucker Punch"],"picked":"SKIP","floor":10},{"not_picked":["PiercingWail","Skewer","Dodge and Roll"],"picked":"SKIP","floor":12},{"not_picked":["Doppelganger","Venomology"],"picked":"Adrenaline","floor":16}],"player_experience":635756,"relics_obtained":[{"floor":9,"key":"Anchor"}],"event_choices":[{"event_name":"Shining Light","player_choice":"Entered Light","floor":2,"damage_taken":0},{"event_name":"The Cleric","player_choice":"Card Removal","floor":4,"damage_taken":0},{"event_name":"Living Wall","player_choice":"Forget","floor":14,"damage_taken":0}],"is_beta":false,"boss_relics":[{"not_picked":["Black Star","Eternal Feather"],"picked":"Pandora\u0027s Box"}],"items_purged_floors":[],"is_endless":false,"potions_floor_spawned":[3,7,12],"ascension_level":0}