{"path_per_floor":["M","?","M","?","?","$","M","M","T","$","M","$","?","M","R","B",null,"M","$","?","M","?","R","M","M","T","T","M","R","M","M","R"],"character_chosen":"THE_SILENT","items_purchased":["Bag of Marbles","Snake Skull","Bouncing Flask"],"gold_per_floor":[110,110,123,88,88,88,103,128,128,10,33,33,33,51,51,170,170,189,37,37,58,58,58,74,89,139,139,163,163,182,196,196,196],"floor_reached":33,"campfire_rested":3,"playtime":1643,"current_hp_per_floor":[70,53,46,63,56,56,52,39,39,39,30,30,47,23,44,11,70,70,70,70,70,67,67,66,13,13,13,13,33,23,11,31,0],"items_purged":[],"gold":196,"score":241,"play_id":"f4fe35bc-e0e3-4d5c-b575-d7fab422f00e","local_time":"20180506195618","is_prod":false,"is_daily":false,"chose_seed":false,"is_ascension_mode":false,"campfire_upgraded":1,"timestamp":1525600578,"path_taken":["M","?","?","?","?","$","?","M","T","$","M","?","?","M","R","BOSS","M","$","?","M","?","R","M","M","T","?","M","R","M","?","R","BOSS"],"build_version":"2018-05-03","seed_source_timestamp":2232238243975,"purchased_purges":0,"victory":false,"master_deck":["Defend_G","Defend_G","Defend_G","Defend_G","Defend_G","Strike_G","Strike_G","Strike_G","Strike_G","Survivor","Neutralize","Deflect","Deadly Poison","Bouncing Flask","Envenom","Dagger Spray+1","Venomology+1","Noxious Fumes","Blade Dance","Dagger Spray+1","Deadly Poison","Blade Dance","Bouncing Flask","Burst","Deflect","Deflect+1","Prepared","Bouncing Flask"],"max_hp_per_floor":[70,70,70,70,70,70,70,70,70,70,70,70,70,70,70,70,70,70,70,70,70,67,67,67,67,67,67,67,67,67,67,67,67],"relics":["Ring of the Snake","Golden Idol","Toolbox","The Courier","Bag of Marbles","Orrery","Snake Skull","Whetstone","Mercury Hourglass"],"card_choices":[{"not_picked":["Underhanded Strike","Distraction"],"picked":"Deflect","floor":3},{"not_picked":["Prepared","Bane"],"picked":"Deadly Poison","floor":7},{"not_picked":["Leg Sweep","Underhanded Strike"],"picked":"Bouncing Flask","floor":8},{"not_picked":["Predator","Backstab"],"picked":"Envenom","floor":11},{"not_picked":["Slice","All Out Attack"],"picked":"Dagger Spray","floor":14},{"not_picked":["Grand Finale","Bullet Time"],"picked":"Venomology","floor":16},{"not_picked":["Dagger Throw","Underhanded Strike"],"picked":"Noxious Fumes","floor":17},{"not_picked":["Caltrops","Dagger Throw"],"picked":"Blade Dance","floor":17},{"not_picked":["Cloak And Dagger","All Out Attack"],"picked":"Dagger Spray","floor":17},{"not_picked":["Blur","Setup"],"picked":"Deadly Poison","floor":17},{"not_picked":["Dagger Throw","PiercingWail"],"picked":"Blade Dance","floor":17},{"not_picked":["Blur","PiercingWail"],"picked":"Deflect","floor":21},{"not_picked":["Dagger Throw","Finisher"],"picked":"Deflect","floor":25},{"not_picked":["Dodge and Roll","Masterful Stab"],"picked":"Prepared","floor":28},{"not_picked":["Cloak And Dagger","Quick Slash"],"picked":"Bouncing Flask","floor":31}],"player_experience":158414,"potions_floor_usage":[14,16,18,24,25,25,28,28,28,30,31],"damage_taken":[{"damage":0,"enemies":"2 Louse","floor":1,"turns":3},{"damage":7,"enemies":"Small Slimes","floor":3,"turns":5},{"damage":4,"enemies":"Cultist","floor":7,"turns":5},{"damage":13,"enemies":"Lots of Slimes","floor":8,"turns":8},{"damage":9,"enemies":"3 Louse","floor":11,"turns":4},{"damage":28,"enemies":"Exordium Thugs","floor":14,"turns":6},{"damage":33,"enemies":"Hexaghost","floor":16,"turns":9},{"damage":0,"enemies":"Chosen","floor":18,"turns":3},{"damage":0,"enemies":"Spheric Guardian","floor":21,"turns":3},{"damage":1,"enemies":"Snake Plant","floor":24,"turns":4},{"damage":53,"enemies":"Cultist and Chosen","floor":25,"turns":5},{"damage":0,"enemies":"Centurion and Healer","floor":28,"turns":4},{"damage":10,"enemies":"Snecko","floor":30,"turns":5},{"damage":12,"enemies":"Chosen and Byrds","floor":31,"turns":6},{"damage":35,"enemies":"Automaton","floor":33,"turns":6}],"event_choices":[{"event_name":"Golden Idol","player_choice":"Take Damage","floor":2,"damage_taken":0},{"event_name":"The Cleric","player_choice":"Healed","floor":4,"damage_taken":0},{"event_name":"Scrap Ooze","player_choice":"success","floor":5,"damage_taken":7},{"event_name":"Mushrooms","player_choice":"Healed and dodged fight","floor":13,"damage_taken":0},{"event_name":"The Library","player_choice":"Read","floor":20,"damage_taken":0},{"event_name":"Purifier","player_choice":"One Purge","floor":22,"damage_taken":0}],"boss_relics":[{"not_picked":["Tiny House","Runic Dome"],"picked":"Orrery"}],"potions_floor_spawned":[1,11,16,21,24],"seed_played":"5690063254835086725","killed_by":"Automaton","ascension_level":0,"is_trial":false}