{"gold_per_floor":[209,222,222,147,147,147,168,68,68,112,112,112,112,112,112,231,231,245,269,144,158,177,177,27,27,72,72,72,72,88,113,113,234,234,259,259,84,98,117,117,117,117,117,136,150,250,273,286,286,286],"floor_reached":51,"playtime":1744,"items_purged":["Strike_R","Defend_R","Entrench","Corruption","Havoc"],"score":831,"play_id":"caf7a717-6347-4a7e-83b7-3c1c4cafcc19","local_time":"20190128195552","is_ascension_mode":true,"campfire_choices":[{"data":"Bash","floor":12,"key":"SMITH"},{"data":"Dropkick","floor":15,"key":"SMITH"},{"floor":23,"key":"REST"},{"data":"Dual Wield","floor":25,"key":"SMITH"},{"floor":29,"key":"REST"},{"data":"Bloodletting","floor":32,"key":"SMITH"},{"floor":40,"key":"REST"},{"floor":42,"key":"REST"},{"floor":49,"key":"REST"}],"neow_cost":"NONE","seed_source_timestamp":1700191507699496,"circlet_count":0,"master_deck":["Bash+1","Dropkick+1","Dual Wield+1","Bloodletting+1","Dropkick"],"relics":["Burning Blood","Golden Idol","Meat on the Bone","Question Card","Incense Burner","Pandora\u0027s Box","PreservedInsect","Fusion Hammer","Pear"],"potions_floor_usage":[16,50,50],"damage_taken":[{"damage":0,"enemies":"2 Louse","floor":1,"turns":2},{"damage":1,"enemies":"Jaw Worm","floor":2,"turns":5},{"damage":0,"enemies":"Small Slimes","floor":7,"turns":4},{"damage":31,"enemies":"Gremlin Nob","floor":10,"turns":5},{"damage":56,"enemies":"Hexaghost","floor":16,"turns":9},{"damage":30,"enemies":"3 Byrds","floor":18,"turns":4},{"damage":40,"enemies":"2 Thieves","floor":19,"turns":3},{"damage":21,"enemies":"Snake Plant","floor":21,"turns":3},{"damage":23,"enemies":"Centurion and Healer","floor":22,"turns":3},{"damage":0,"enemies":"Snecko","floor":30,"turns":1},{"damage":6,"enemies":"Chosen and Byrds","floor":31,"turns":3},{"damage":0,"enemies":"Champ","floor":33,"turns":1},{"damage":32,"enemies":"3 Darklings","floor":35,"turns":3},{"damage":6,"enemies":"3 Shapes","floor":38,"turns":3},{"damage":0,"enemies":"Maw","floor":39,"turns":1},{"damage":6,"enemies":"Jaw Worm Horde","floor":44,"turns":2},{"damage":58,"enemies":"4 Shapes","floor":45,"turns":7},{"damage":0,"enemies":"Transient","floor":47,"turns":1},{"damage":0,"enemies":"Writhing Mass","floor":48,"turns":1},{"damage":29,"enemies":"Donu and Deca","floor":50,"turns":4}],"seed_played":"-8739736092295535159","potions_obtained":[{"floor":1,"key":"Strength Potion"},{"floor":7,"key":"SpeedPotion"},{"floor":22,"key":"Energy Potion"},{"floor":30,"key":"FearPotion"},{"floor":38,"key":"Weak Potion"}],"is_trial":false,"path_per_floor":["M","M","?","$","?","T","M","$","T","E","$","R","?","?","R","B",null,"M","M","$","M","M","R","$","R","T","?","$","R","M","M","R","B",null,"M","?","$","M","M","R","$","R","T","M","M","?","M","M","R","B",null],"character_chosen":"IRONCLAD","items_purchased":[],"campfire_rested":5,"item_purchase_floors":[],"current_hp_per_floor":[80,80,80,80,60,60,66,66,66,53,53,53,58,58,58,20,85,61,39,39,36,31,56,56,56,56,56,56,81,85,85,85,85,85,59,59,59,59,65,85,85,85,95,95,55,55,61,67,95,72],"gold":286,"neow_bonus":"HUNDRED_GOLD","is_prod":false,"is_daily":false,"chose_seed":false,"campfire_upgraded":4,"win_rate":0,"timestamp":1548723352,"path_taken":["M","M","?","$","?","?","M","$","T","E","?","R","?","?","R","BOSS","M","?","$","M","M","R","$","R","T","?","?","R","M","M","R","BOSS","M","?","$","M","M","R","$","R","T","M","M","?","M","?","R","BOSS"],"build_version":"2019-01-23","purchased_purges":5,"victory":true,"max_hp_per_floor":[80,80,80,80,80,80,80,80,80,80,80,80,85,85,85,85,85,85,85,85,85,85,85,85,85,85,85,85,85,85,85,85,85,85,85,85,85,85,85,85,85,85,95,95,95,95,95,95,95,95],"card_choices":[{"not_picked":["Sever Soul","Perfected Strike","Thunderclap"],"picked":"SKIP","floor":1},{"not_picked":["Combust","Warcry","Carnage"],"picked":"SKIP","floor":2},{"not_picked":["Thunderclap","Rage","Whirlwind"],"picked":"SKIP","floor":7},{"not_picked":["Thunderclap","Perfected Strike","True Grit"],"picked":"Dropkick","floor":10},{"not_picked":["Searing Blow","Hemokinesis","Clothesline","Thunderclap"],"picked":"SKIP","floor":18},{"not_picked":["Wild Strike+1","Armaments","Fire Breathing+1"],"picked":"Dropkick","floor":19},{"not_picked":["Inflame","Havoc","Infernal Blade+1","Shrug It Off+1"],"picked":"SKIP","floor":21},{"not_picked":["Havoc","Pommel Strike","Headbutt","Uppercut"],"picked":"SKIP","floor":22},{"not_picked":["Offering","Wild Strike","Headbutt","Armaments"],"picked":"SKIP","floor":30},{"not_picked":["Feel No Pain","Warcry","Twin Strike","Anger"],"picked":"SKIP","floor":31},{"not_picked":["Seeing Red","Havoc+1","Sword Boomerang","Feel No Pain+1"],"picked":"SKIP","floor":35},{"not_picked":["Sword Boomerang","Heavy Blade+1","Warcry+1","Rupture"],"picked":"SKIP","floor":38},{"not_picked":["Juggernaut","Wild Strike","Thunderclap","Pommel Strike"],"picked":"SKIP","floor":39},{"not_picked":["Perfected Strike+1","Cleave+1","Burning Pact+1","Sword Boomerang"],"picked":"SKIP","floor":44},{"not_picked":["Flex+1","True Grit+1","Inflame","Havoc+1"],"picked":"SKIP","floor":45},{"not_picked":["Flex+1","Perfected Strike+1","Fire Breathing","Corruption+1"],"picked":"SKIP","floor":47},{"not_picked":["Ghostly Armor+1","Anger+1","Infernal Blade","Havoc"],"picked":"SKIP","floor":48}],"player_experience":528828,"relics_obtained":[{"floor":6,"key":"Meat on the Bone"},{"floor":9,"key":"Question Card"},{"floor":10,"key":"Incense Burner"},{"floor":26,"key":"PreservedInsect"},{"floor":43,"key":"Pear"}],"event_choices":[{"cards_removed":["Strike_R"],"damage_healed":0,"gold_gain":0,"player_choice":"Forget","damage_taken":0,"max_hp_gain":0,"max_hp_loss":0,"event_name":"Living Wall","floor":3,"gold_loss":0},{"damage_healed":0,"gold_gain":0,"player_choice":"Take Damage","damage_taken":20,"relics_obtained":["Golden Idol"],"max_hp_gain":0,"max_hp_loss":0,"event_name":"Golden Idol","floor":5,"gold_loss":0},{"damage_healed":0,"gold_gain":0,"player_choice":"Donut","damage_taken":0,"max_hp_gain":5,"max_hp_loss":0,"event_name":"Big Fish","floor":13,"gold_loss":0},{"cards_removed":["Defend_R"],"damage_healed":0,"gold_gain":0,"player_choice":"Purged","damage_taken":0,"max_hp_gain":0,"max_hp_loss":0,"event_name":"Purifier","floor":14,"gold_loss":0},{"damage_healed":0,"gold_gain":0,"player_choice":"Ignored","damage_taken":0,"max_hp_gain":0,"max_hp_loss":0,"event_name":"The Mausoleum","floor":27,"gold_loss":0},{"damage_healed":0,"gold_gain":0,"player_choice":"Ignored","damage_taken":0,"max_hp_gain":0,"max_hp_loss":0,"event_name":"Mysterious Sphere","floor":36,"gold_loss":0},{"damage_healed":0,"gold_gain":100,"player_choice":"Pray","damage_taken":0,"max_hp_gain":0,"max_hp_loss":0,"event_name":"Golden Shrine","floor":46,"gold_loss":0}],"is_beta":true,"boss_relics":[{"not_picked":["Black Blood","Snecko Eye"],"picked":"Pandora\u0027s Box"},{"not_picked":["Philosopher\u0027s Stone","Runic Pyramid"],"picked":"Fusion Hammer"}],"items_purged_floors":[4,8,20,24,37],"is_endless":false,"potions_floor_spawned":[1,7,22,30,38,44,47],"ascension_level":1}