{"gold_per_floor":[119,138,151,168,179,179,199,218,218,218,237,237,267,277,277,372,372,385,385,2,2,16,16,31,45,45,45],"floor_reached":27,"playtime":1442,"items_purged":[],"score":394,"play_id":"98b0cd83-8a52-45cc-9aa2-b360a00338a0","local_time":"20181105225734","is_ascension_mode":true,"campfire_choices":[{"data":"Defragment","floor":6,"key":"SMITH"},{"data":"Self Repair","floor":10,"key":"SMITH"},{"data":"Zap","floor":15,"key":"SMITH"},{"data":"Loop","floor":23,"key":"SMITH"}],"neow_cost":"PERCENT_DAMAGE","seed_source_timestamp":100184470269164,"circlet_count":0,"master_deck":["AscendersBane","Strike_B","Strike_B","Strike_B","Strike_B+1","Defend_B","Defend_B","Defend_B","Defend_B","Zap+1","Dualcast","Buffer+1","Cold Snap+1","Cold Snap","Defragment+1","Loop+1","Coolheaded","Self Repair+1","Cold Snap","Hologram","White Noise","Thunder Strike","Barrage+1","Hello World+1","Tempest","Barrage","Compile Driver","Coolheaded","Fusion"],"relics":["Cracked Core","Whetstone","Dead Branch","Inserter","Runic Capacitor","Nloth\u0027s Gift","Bottled Lightning"],"potions_floor_usage":[8,22,27],"damage_taken":[{"damage":0,"enemies":"Cultist","floor":1,"turns":4},{"damage":0,"enemies":"Jaw Worm","floor":2,"turns":5},{"damage":11,"enemies":"2 Louse","floor":3,"turns":2},{"damage":10,"enemies":"Blue Slaver","floor":4,"turns":4},{"damage":6,"enemies":"Red Slaver","floor":5,"turns":4},{"damage":6,"enemies":"Looter","floor":7,"turns":3},{"damage":13,"enemies":"Gremlin Gang","floor":8,"turns":6},{"damage":5,"enemies":"2 Fungi Beasts","floor":11,"turns":5},{"damage":0,"enemies":"Gremlin Nob","floor":13,"turns":5},{"damage":12,"enemies":"Blue Slaver","floor":14,"turns":3},{"damage":8,"enemies":"Slime Boss","floor":16,"turns":11},{"damage":0,"enemies":"Spheric Guardian","floor":18,"turns":3},{"damage":32,"enemies":"2 Thieves","floor":22,"turns":4},{"damage":14,"enemies":"Centurion and Healer","floor":24,"turns":8},{"damage":23,"enemies":"Snake Plant","floor":25,"turns":4},{"damage":29,"enemies":"Shelled Parasite and Fungi","floor":27,"turns":3}],"seed_played":"9119265449667708406","potions_obtained":[{"floor":5,"key":"Regen Potion"},{"floor":7,"key":"SpeedPotion"},{"floor":11,"key":"SteroidPotion"},{"floor":13,"key":"FocusPotion"},{"floor":22,"key":"LiquidBronze"}],"is_trial":false,"path_per_floor":["M","M","M","M","M","R","M","M","T","R","M","?","E","M","R","B",null,"M","?","$","?","M","R","M","M","T","M"],"character_chosen":"DEFECT","items_purchased":["Runic Capacitor","Hello World+1","Tempest","Barrage"],"campfire_rested":0,"item_purchase_floors":[20,20,20,20],"current_hp_per_floor":[50,50,39,29,23,23,17,18,18,18,23,23,33,21,21,23,62,62,62,62,62,40,40,36,23,23,0],"gold":45,"neow_bonus":"THREE_RARE_CARDS","is_prod":false,"is_daily":false,"chose_seed":false,"campfire_upgraded":4,"win_rate":0,"timestamp":1541487454,"path_taken":["M","M","M","?","M","R","M","M","T","R","M","?","E","M","R","BOSS","M","?","$","?","M","R","M","M","T","M"],"build_version":"2018-11-01","purchased_purges":0,"victory":false,"max_hp_per_floor":[75,75,75,75,75,75,75,75,75,75,75,75,75,75,75,75,75,75,75,75,75,75,75,75,75,75,75],"card_choices":[{"not_picked":["Multi-Cast","Fission"],"picked":"Buffer","floor":0},{"not_picked":["Redo","Recycle"],"picked":"Cold Snap","floor":1},{"not_picked":["Redo","Leap"],"picked":"Cold Snap","floor":2},{"not_picked":["Gash","Auto Shields"],"picked":"Defragment","floor":3},{"not_picked":["Beam Cell","Rebound","Streamline"],"picked":"SKIP","floor":4},{"not_picked":["Coolheaded","Barrage"],"picked":"Loop","floor":5},{"not_picked":["Reprogram","Go for the Eyes"],"picked":"Coolheaded","floor":7},{"not_picked":["Tempest","Redo"],"picked":"Self Repair","floor":8},{"not_picked":["Melter","Hello World"],"picked":"Cold Snap","floor":11},{"not_picked":["Heatsinks","Rainbow"],"picked":"Hologram","floor":13},{"not_picked":["Compile Driver","Coolheaded"],"picked":"White Noise","floor":14},{"not_picked":["Hyperbeam","All For One"],"picked":"Thunder Strike","floor":16},{"not_picked":["Darkness","Doom and Gloom+1"],"picked":"Barrage+1","floor":18},{"not_picked":["Gash","Leap+1"],"picked":"Compile Driver","floor":22},{"not_picked":["Steam","Go for the Eyes"],"picked":"Coolheaded","floor":24},{"not_picked":["Static Discharge","Gash"],"picked":"Fusion","floor":25}],"player_experience":355246,"relics_obtained":[{"floor":9,"key":"Whetstone"},{"floor":13,"key":"Dead Branch"},{"floor":26,"key":"Bottled Lightning"}],"event_choices":[{"damage_healed":0,"gold_gain":0,"player_choice":"Grow","damage_taken":0,"max_hp_gain":0,"max_hp_loss":0,"event_name":"Living Wall","floor":12,"gold_loss":0,"cards_upgraded":["Buffer"]},{"damage_healed":0,"gold_gain":0,"player_choice":"Opened","damage_taken":0,"relics_obtained":["Frozen Egg 2"],"max_hp_gain":0,"max_hp_loss":0,"event_name":"The Mausoleum","floor":19,"gold_loss":0},{"damage_healed":0,"gold_gain":0,"player_choice":"Traded Relic","damage_taken":0,"relics_obtained":["Nloth\u0027s Gift"],"max_hp_gain":0,"max_hp_loss":0,"event_name":"N\u0027loth","floor":21,"relics_lost":["Frozen Egg 2"],"gold_loss":0}],"is_beta":false,"boss_relics":[{"not_picked":["Orrery","Astrolabe"],"picked":"Inserter"}],"items_purged_floors":[],"is_endless":false,"potions_floor_spawned":[5,7,11,13,16,18,22],"killed_by":"Shelled Parasite and Fungi","ascension_level":12}