{"gold_per_floor":[112,187,187,40,51,51,114,114,114,134,154,154,164,164,164,266,266,286,306,333,333,333],"floor_reached":22,"playtime":1376,"items_purged":["Strike_B"],"score":184,"play_id":"2e0b7a52-4a03-4533-8b7d-2f8915c07839","local_time":"20190303134748","is_ascension_mode":false,"campfire_choices":[{"data":"Dualcast","floor":6,"key":"SMITH"},{"data":"Auto Shields","floor":8,"key":"SMITH"},{"data":"Zap","floor":15,"key":"SMITH"}],"neow_cost":"NONE","seed_source_timestamp":88653283985042,"circlet_count":0,"master_deck":["Strike_B","Strike_B","Strike_B","Defend_B","Defend_B","Defend_B","Defend_B","Zap+1","Dualcast+1","Auto Shields+1","Cold Snap","Cold Snap","Skim","Loop","Buffer"],"relics":["Velvet Choker","Tiny Chest","Sozu","Red Mask","Nloth\u0027s Gift"],"potions_floor_usage":[16,16,16,20],"damage_taken":[{"damage":1,"enemies":"2 Louse","floor":1,"turns":2},{"damage":0,"enemies":"Jaw Worm","floor":5,"turns":4},{"damage":42,"enemies":"Gremlin Nob","floor":7,"turns":6},{"damage":0,"enemies":"Cultist","floor":10,"turns":4},{"damage":0,"enemies":"2 Fungi Beasts","floor":11,"turns":3},{"damage":0,"enemies":"Looter","floor":13,"turns":3},{"damage":40,"enemies":"The Guardian","floor":16,"turns":19},{"damage":0,"enemies":"Spheric Guardian","floor":18,"turns":6},{"damage":0,"enemies":"Shell Parasite","floor":19,"turns":8},{"damage":54,"enemies":"Masked Bandits","floor":20,"turns":8},{"damage":26,"enemies":"Centurion and Healer","floor":22,"turns":6}],"seed_played":"-4727985143663808084","potions_obtained":[{"floor":10,"key":"PowerPotion"},{"floor":11,"key":"Weak Potion"},{"floor":13,"key":"SneckoOil"},{"floor":16,"key":"SpeedPotion"}],"is_trial":false,"path_per_floor":["M","?","?","$","M","R","E","R","T","M","M","?","M","?","R","B",null,"M","M","?","?","M"],"character_chosen":"DEFECT","items_purchased":["Auto Shields"],"campfire_rested":0,"item_purchase_floors":[4],"current_hp_per_floor":[74,63,63,63,63,63,21,21,21,21,21,21,21,46,46,6,75,75,75,21,21,0],"gold":333,"neow_bonus":"BOSS_RELIC","is_prod":false,"is_daily":false,"chose_seed":false,"campfire_upgraded":3,"win_rate":0,"timestamp":1551649668,"path_taken":["M","?","?","?","M","R","E","R","T","?","M","?","M","?","R","BOSS","M","M","?","?","M"],"build_version":"2019-01-23","purchased_purges":1,"victory":false,"max_hp_per_floor":[75,75,75,75,75,75,75,75,75,75,75,75,75,75,75,75,75,75,75,75,75,75],"card_choices":[{"not_picked":["Streamline","Beam Cell","Coolheaded"],"picked":"SKIP","floor":1},{"not_picked":["Chill","Double Energy"],"picked":"Cold Snap","floor":5},{"not_picked":["Lockon","Hello World"],"picked":"Cold Snap","floor":7},{"not_picked":["Stack","Scrape","Double Energy"],"picked":"SKIP","floor":10},{"not_picked":["Rebound","Beam Cell"],"picked":"Skim","floor":11},{"not_picked":["Conserve Battery","Rip and Tear"],"picked":"Loop","floor":13},{"not_picked":["Rainbow","Hyperbeam"],"picked":"Buffer","floor":16},{"not_picked":["Stack","Cold Snap","Compile Driver"],"picked":"SKIP","floor":18},{"not_picked":["Go for the Eyes","Rebound","Heatsinks"],"picked":"SKIP","floor":19}],"player_experience":262979,"relics_obtained":[{"floor":7,"key":"Tiny Chest"},{"floor":9,"key":"Sundial"},{"floor":20,"key":"Red Mask"}],"event_choices":[{"damage_healed":0,"gold_gain":75,"player_choice":"Gather Gold","damage_taken":11,"max_hp_gain":0,"max_hp_loss":0,"event_name":"World of Goop","floor":2,"gold_loss":0},{"damage_healed":0,"gold_gain":0,"player_choice":"Ignored","damage_taken":0,"max_hp_gain":0,"max_hp_loss":0,"event_name":"Golden Idol","floor":3,"gold_loss":0},{"damage_healed":0,"gold_gain":0,"player_choice":"Fled","damage_taken":0,"max_hp_gain":0,"max_hp_loss":0,"event_name":"Scrap Ooze","floor":12,"gold_loss":0},{"damage_healed":25,"gold_gain":0,"player_choice":"Banana","damage_taken":0,"max_hp_gain":0,"max_hp_loss":0,"event_name":"Big Fish","floor":14,"gold_loss":0},{"damage_healed":0,"gold_gain":0,"player_choice":"Fought Bandits","damage_taken":0,"max_hp_gain":0,"max_hp_loss":0,"event_name":"Masked Bandits","floor":20,"gold_loss":0},{"damage_healed":0,"gold_gain":0,"player_choice":"Traded Relic","damage_taken":0,"relics_obtained":["Nloth\u0027s Gift"],"max_hp_gain":0,"max_hp_loss":0,"event_name":"N\u0027loth","floor":21,"relics_lost":["Sundial"],"gold_loss":0}],"is_beta":false,"boss_relics":[{"not_picked":["Orrery","Black Star"],"picked":"Sozu"}],"items_purged_floors":[4],"is_endless":false,"potions_floor_spawned":[10,11,13,16,19,20],"killed_by":"Centurion and Healer","ascension_level":0}