{"gold_per_floor":[115,129,54,71,71,71,104,118,144,66,66,77,77,77,77,77],"floor_reached":16,"playtime":644,"items_purged":["Strike_G"],"score":100,"play_id":"e3c25a71-8a5a-4efb-89ec-236b382b06c1","local_time":"20180817180346","is_ascension_mode":false,"campfire_choices":[{"data":"Prepared","floor":6,"key":"SMITH"},{"data":"Catalyst","floor":11,"key":"SMITH"},{"data":"Prepared","floor":13,"key":"SMITH"},{"floor":15,"key":"REST"}],"neow_cost":"","seed_source_timestamp":139394666514461,"circlet_count":0,"master_deck":["Defend_G","Defend_G","Defend_G","Defend_G","Defend_G","Strike_G","Strike_G","Strike_G","Strike_G","Survivor","Neutralize","Prepared+1","Deadly Poison+1","Injury","Prepared+1","Catalyst+1"],"relics":["Ring of the Snake","Happy Flower","Oddly Smooth Stone","Golden Idol"],"potions_floor_usage":[16,16],"damage_taken":[{"damage":1,"enemies":"Cultist","floor":1,"turns":4},{"damage":4,"enemies":"Jaw Worm","floor":2,"turns":5},{"damage":0,"enemies":"2 Louse","floor":4,"turns":3},{"damage":13,"enemies":"Lagavulin","floor":7,"turns":7},{"damage":1,"enemies":"2 Fungi Beasts","floor":8,"turns":4},{"damage":13,"enemies":"3 Louse","floor":12,"turns":4},{"damage":46,"enemies":"Slime Boss","floor":16,"turns":12}],"seed_played":"-7095952331074242340","potions_obtained":[{"floor":2,"key":"GhostInAJar"},{"floor":12,"key":"SteroidPotion"}],"is_trial":false,"path_per_floor":["M","M","$","M","?","R","E","M","T","$","R","M","R","?","R"],"character_chosen":"THE_SILENT","items_purchased":["Catalyst"],"campfire_rested":1,"item_purchase_floors":[10],"current_hp_per_floor":[69,65,65,65,65,65,52,51,51,51,51,38,38,21,42,0],"gold":77,"neow_bonus":"","is_prod":false,"is_daily":false,"chose_seed":false,"campfire_upgraded":3,"win_rate":0,"timestamp":1534543426,"path_taken":["M","M","$","?","?","R","E","M","T","$","R","M","R","?","R","BOSS"],"build_version":"2018-08-16","purchased_purges":1,"victory":false,"max_hp_per_floor":[70,70,70,70,70,70,70,70,70,70,70,70,70,70,70,70],"card_choices":[{"not_picked":["Deflect","Sucker Punch","Dash"],"picked":"SKIP","floor":1},{"not_picked":["Slice","Deflect"],"picked":"Prepared","floor":2},{"not_picked":["Tactician","Slice"],"picked":"Deadly Poison","floor":4},{"not_picked":["Blade Dance","Slice"],"picked":"Prepared","floor":7},{"not_picked":["Underhanded Strike","Reflex","Caltrops"],"picked":"SKIP","floor":8},{"not_picked":["Masterful Stab","Backflip","Cloak And Dagger"],"picked":"SKIP","floor":12}],"player_experience":79950,"relics_obtained":[{"floor":7,"key":"Happy Flower"},{"floor":9,"key":"Oddly Smooth Stone"}],"event_choices":[{"event_name":"Accursed Blacksmith","player_choice":"Forge","floor":5,"damage_taken":0},{"event_name":"Golden Idol","player_choice":"Take Damage","floor":14,"damage_taken":0}],"is_beta":false,"boss_relics":[],"items_purged_floors":[3],"is_endless":false,"potions_floor_spawned":[2,12],"killed_by":"Slime Boss","ascension_level":0}