{"gold_per_floor":[111,2,16,16,33,66,66,66,90,102,114,126,153,177,189,301,313,345,357,369,308,334,346,370,382,394,406,418],"floor_reached":28,"playtime":1711,"items_purged":["Defend_R"],"score":273,"play_id":"d5ecd1f1-f05e-4b17-b178-0aee63e2406c","local_time":"20190307222446","is_ascension_mode":true,"campfire_choices":[{"floor":8,"key":"REST"},{"data":"Defend_R","floor":10,"key":"SMITH"},{"data":"Seeing Red","floor":15,"key":"SMITH"},{"floor":23,"key":"REST"},{"floor":25,"key":"REST"},{"data":"Limit Break","floor":27,"key":"SMITH"}],"neow_cost":"NONE","seed_source_timestamp":31363626004800,"circlet_count":0,"master_deck":["Strike_R","Strike_R","Strike_R","Defend_R","Defend_R","Defend_R+1","Bash","Power Through","Rampage+1","Warcry","Pommel Strike","Shrug It Off","Seeing Red+1","Perfected Strike","Limit Break+1","Flex+1","Carnage","Twin Strike","Inflame","Pommel Strike"],"relics":["Burning Blood","Regal Pillow","Dream Catcher","MawBank","Sozu","Tiny Chest","Pear"],"potions_floor_usage":[6,16,16],"damage_taken":[{"damage":12,"enemies":"Small Slimes","floor":1,"turns":3},{"damage":11,"enemies":"Cultist","floor":3,"turns":4},{"damage":14,"enemies":"2 Louse","floor":5,"turns":4},{"damage":45,"enemies":"3 Sentries","floor":6,"turns":12},{"damage":5,"enemies":"Blue Slaver","floor":13,"turns":3},{"damage":11,"enemies":"Looter","floor":14,"turns":2},{"damage":35,"enemies":"The Guardian","floor":16,"turns":10},{"damage":34,"enemies":"Shell Parasite","floor":18,"turns":7},{"damage":28,"enemies":"2 Thieves","floor":22,"turns":4},{"damage":46,"enemies":"Sentry and Sphere","floor":24,"turns":7},{"damage":94,"enemies":"Gremlin Leader","floor":28,"turns":4}],"seed_played":"6924995951322745818","potions_obtained":[{"floor":1,"key":"LiquidBronze"},{"floor":3,"key":"GamblersBrew"},{"floor":14,"key":"EssenceOfSteel"}],"is_trial":false,"path_per_floor":["M","$","M","?","M","E","?","R","T","R","?","?","M","M","R","B",null,"M","$","?","?","M","R","M","R","T","R","E"],"character_chosen":"IRONCLAD","items_purchased":["Rampage"],"campfire_rested":3,"item_purchase_floors":[2],"current_hp_per_floor":[82,82,77,77,69,30,30,71,71,71,71,71,72,67,67,38,88,60,60,60,60,38,79,39,80,90,90,0],"gold":418,"neow_bonus":"TEN_PERCENT_HP_BONUS","is_prod":false,"is_daily":false,"chose_seed":false,"campfire_upgraded":3,"win_rate":0,"timestamp":1552019086,"path_taken":["M","$","M","?","?","E","?","R","T","R","?","?","M","M","R","BOSS","M","?","?","?","M","R","M","R","T","R","E"],"build_version":"2019-01-23","purchased_purges":1,"victory":false,"max_hp_per_floor":[88,88,88,88,88,88,88,88,88,88,88,88,88,88,88,88,88,88,88,88,88,88,88,88,88,98,98,98],"card_choices":[{"not_picked":["Havoc","Clothesline"],"picked":"Power Through","floor":1},{"not_picked":["Iron Wave","Body Slam","Twin Strike"],"picked":"SKIP","floor":3},{"not_picked":["Infernal Blade","Cleave"],"picked":"Warcry","floor":5},{"not_picked":["Warcry","Berserk"],"picked":"Pommel Strike","floor":6},{"not_picked":["Disarm","Reckless Charge"],"picked":"Shrug It Off","floor":8},{"not_picked":["Clothesline","Twin Strike"],"picked":"Seeing Red","floor":13},{"not_picked":["Clash","Armaments"],"picked":"Perfected Strike","floor":14},{"not_picked":["Barricade","Berserk"],"picked":"Limit Break","floor":16},{"not_picked":["Clash","True Grit+1"],"picked":"Flex+1","floor":18},{"not_picked":["Second Wind","Clothesline"],"picked":"Carnage","floor":22},{"not_picked":["Reckless Charge","Sentinel"],"picked":"Twin Strike","floor":23},{"not_picked":["Dual Wield","Pommel Strike+1"],"picked":"Inflame","floor":24},{"not_picked":["Clash","Shrug It Off"],"picked":"Pommel Strike","floor":25}],"player_experience":309537,"relics_obtained":[{"floor":6,"key":"Regal Pillow"},{"floor":9,"key":"MawBank"},{"floor":26,"key":"Pear"}],"event_choices":[{"cards_removed":["Strike_R"],"damage_healed":0,"gold_gain":0,"player_choice":"Offered Basic","damage_taken":0,"max_hp_gain":0,"max_hp_loss":0,"event_name":"Bonfire Elementals","floor":4,"gold_loss":0},{"damage_healed":0,"gold_gain":0,"player_choice":"Searched \u00272\u0027 times","damage_taken":0,"relics_obtained":["Dream Catcher"],"max_hp_gain":0,"max_hp_loss":0,"event_name":"Dead Adventurer","floor":7,"gold_loss":0},{"damage_healed":0,"gold_gain":0,"player_choice":"Grow","damage_taken":0,"max_hp_gain":0,"max_hp_loss":0,"event_name":"Living Wall","floor":11,"gold_loss":0,"cards_upgraded":["Rampage"]},{"cards_removed":["Strike_R"],"damage_healed":0,"gold_gain":0,"player_choice":"Purged","damage_taken":0,"max_hp_gain":0,"max_hp_loss":0,"event_name":"Purifier","floor":12,"gold_loss":0},{"damage_healed":0,"gold_gain":0,"player_choice":"Ignored","damage_taken":0,"max_hp_gain":0,"max_hp_loss":0,"event_name":"Vampires","floor":20,"gold_loss":0},{"damage_healed":0,"gold_gain":0,"player_choice":"Paid Gold","damage_taken":0,"relics_obtained":["Tiny Chest"],"max_hp_gain":0,"max_hp_loss":0,"event_name":"WeMeetAgain","floor":21,"gold_loss":103}],"is_beta":false,"boss_relics":[{"not_picked":["Calling Bell","Eternal Feather"],"picked":"Sozu"}],"items_purged_floors":[2],"is_endless":false,"potions_floor_spawned":[1,3,14,22,24],"killed_by":"Gremlin Leader","ascension_level":3}