{"path_per_floor":["M","?","M","M","?","E","M","R","T","M","M","R","$","?","R","B",null,"M","$","M","?","?","R","M","?","T","R","M","M","R","M","R","B",null,"M","M","M","?"],"character_chosen":"THE_SILENT","items_purchased":["Acrobatics","Cloak And Dagger","Apotheosis","Acrobatics"],"gold_per_floor":[113,188,208,219,219,259,283,283,283,301,316,316,135,135,135,263,263,279,38,53,53,53,53,73,73,73,73,88,99,99,110,110,215,215,230,247,260,260],"floor_reached":39,"campfire_rested":3,"playtime":4734,"current_hp_per_floor":[63,52,64,61,44,26,23,23,23,20,11,32,32,32,53,16,70,44,44,41,41,25,33,23,23,23,31,38,38,46,20,50,7,76,45,22,12,31],"items_purged":["Strike_G"],"gold":260,"play_id":"c33a64a3-5e77-4a94-bf85-ff77b73c8d7e","is_prod":false,"is_daily":false,"is_ascension_mode":true,"campfire_upgraded":4,"path_taken":["M","?","M","M","?","E","M","R","T","M","M","R","$","?","R","BOSS","M","$","M","?","?","R","M","?","T","R","M","M","R","M","R","BOSS","M","M","M","?","M"],"build_version":"2018-02-01-PROD3","purchased_purges":1,"victory":false,"master_deck":["Defend_G","Defend_G","Defend_G","Defend_G","Defend_G","Strike_G","Strike_G","Strike_G","Strike_G","Survivor","Neutralize+1","Footwork","Footwork+1","Flying Knee","Tactician","Prepared","Acrobatics","Cloak And Dagger","Burst","Calculated Gamble+1","Apotheosis+1","Acrobatics","Wraith Form","Bouncing Flask+1","Reflex+1","Escape Plan","Writhe"],"max_hp_per_floor":[70,70,70,70,70,70,70,70,70,70,70,70,70,70,70,70,70,70,70,70,70,70,70,70,70,70,70,72,74,74,76,76,76,76,76,76,76,76],"relics":["White Beast Statue","Bloody Idol","Tough Bandages","Unceasing Top","Eternal Feather","Nilry\u0027s Codex","Singing Bowl","Question Card"],"card_choices":[{"not_picked":["Bane","Slice"],"picked":"Footwork"},{"not_picked":["Caltrops","Envenom"],"picked":"Footwork"},{"not_picked":["Poisoned Stab","Dodge and Roll"],"picked":"Flying Knee"},{"not_picked":["Malaise","Deadly Poison"],"picked":"Tactician"},{"not_picked":["Riddle With Holes","Sucker Punch"],"picked":"Prepared"},{"not_picked":["Storm of Steel","Phantasmal Killer"],"picked":"Burst"},{"not_picked":["Footwork","Choke"],"picked":"Calculated Gamble"},{"not_picked":["Phantasmal Killer","Unload"],"picked":"Wraith Form"},{"not_picked":["Poisoned Stab","Quick Slash","Flying Knee"],"picked":"Bouncing Flask"},{"not_picked":["Dagger Throw","Poisoned Stab","Dagger Spray"],"picked":"Reflex"},{"not_picked":["Finisher","Prepared","Heel Hook"],"picked":"Escape Plan"}],"player_experience":108291,"potions_floor_usage":[3,6,6,10,10,11,16,16,16,18,20,28,33,35,37,39,39,39],"damage_taken":[{"damage":7,"enemies":"Jaw Worm","floor":1,"turns":6},{"damage":3,"enemies":"Cultist","floor":3,"turns":7},{"damage":3,"enemies":"2 Louse","floor":4,"turns":3},{"damage":33,"enemies":"Gremlin Nob","floor":6,"turns":6},{"damage":3,"enemies":"2 Fungi Beasts","floor":7,"turns":4},{"damage":3,"enemies":"Exordium Wildlife","floor":10,"turns":8},{"damage":9,"enemies":"Exordium Thugs","floor":11,"turns":5},{"damage":37,"enemies":"Slime Boss","floor":16,"turns":13},{"damage":26,"enemies":"Spheric Guardian","floor":18,"turns":13},{"damage":3,"enemies":"Shell Parasite","floor":20,"turns":5},{"damage":15,"enemies":"Snake Plant","floor":24,"turns":5},{"damage":0,"enemies":"Slaver and Parasite","floor":28,"turns":8},{"damage":7,"enemies":"Centurion and Healer","floor":29,"turns":7},{"damage":33,"enemies":"Chosen and Byrds","floor":31,"turns":11},{"damage":48,"enemies":"Automaton","floor":33,"turns":17},{"damage":36,"enemies":"Orb Walker","floor":35,"turns":7},{"damage":28,"enemies":"3 Darklings","floor":36,"turns":8},{"damage":15,"enemies":"Sphere and 2 Shapes","floor":37,"turns":9},{"damage":35,"enemies":"4 Shapes","floor":39,"turns":5}],"event_choices":[{"event_name":"World of Goop","player_choice":"Gather Gold","floor":2,"damage_taken":0},{"event_name":"Golden Idol","player_choice":"Take Damage","floor":5,"damage_taken":0},{"event_name":"The Lab","player_choice":"Got Potions","floor":14,"damage_taken":0},{"event_name":"Forgotten Altar","player_choice":"Gave Idol","floor":21,"damage_taken":0},{"event_name":"Cursed Tome","player_choice":"Obtained Book","floor":22,"damage_taken":0},{"event_name":"Beggar","player_choice":"Ignored","floor":25,"damage_taken":0},{"event_name":"Winding Halls","player_choice":"Writhe","floor":38,"damage_taken":0}],"boss_relics":[{"not_picked":["Runic Pyramid","Runic Dome"],"picked":"Eternal Feather"},{"not_picked":["Tiny House","Calling Bell"],"picked":"Question Card"}],"potions_floor_spawned":[1,3,4,6,7,10,11,16,18,20,24,28,29,31,33,35,36,37],"seed_played":"8783817578574355003","killed_by":"4 Shapes","ascension_level":2,"is_trial":false}