{"gold_per_floor":[14,34,52,69,85,85,120,131,154,154,169,181,203,203,203,304,304,319,339,210,220,72,106,106],"floor_reached":24,"playtime":983,"items_purged":["Defend_R","Defend_R"],"score":272,"play_id":"021765e0-5810-44be-a608-6dcc6bb90fe2","local_time":"20181209003702","is_ascension_mode":false,"campfire_choices":[{"data":"Perfected Strike","floor":6,"key":"SMITH"},{"data":"Pommel Strike","floor":10,"key":"SMITH"},{"floor":15,"key":"REST"}],"neow_cost":"NO_GOLD","seed_source_timestamp":785245555972373,"circlet_count":0,"master_deck":["Strike_R","Strike_R","Strike_R","Strike_R","Strike_R","Bash","Pommel Strike+1","Perfected Strike+1","Pommel Strike","Whirlwind+1","Whirlwind+1","Pommel Strike"],"relics":["Burning Blood","Omamori","Oddly Smooth Stone","Odd Mushroom","White Beast Statue","Bottled Flame"],"potions_floor_usage":[7,7,8,12,16,19,19,23,23,24],"damage_taken":[{"damage":8,"enemies":"Jaw Worm","floor":1,"turns":5},{"damage":2,"enemies":"Small Slimes","floor":2,"turns":4},{"damage":1,"enemies":"Cultist","floor":3,"turns":3},{"damage":0,"enemies":"Large Slime","floor":4,"turns":4},{"damage":9,"enemies":"Blue Slaver","floor":5,"turns":3},{"damage":13,"enemies":"Lagavulin","floor":7,"turns":3},{"damage":8,"enemies":"Exordium Wildlife","floor":8,"turns":3},{"damage":5,"enemies":"3 Louse","floor":11,"turns":3},{"damage":12,"enemies":"Lots of Slimes","floor":12,"turns":4},{"damage":21,"enemies":"The Mushroom Lair","floor":13,"turns":3},{"damage":0,"enemies":"Slime Boss","floor":16,"turns":8},{"damage":10,"enemies":"Chosen","floor":18,"turns":3},{"damage":20,"enemies":"2 Thieves","floor":19,"turns":2},{"damage":32,"enemies":"Snake Plant","floor":21,"turns":4},{"damage":40,"enemies":"Gremlin Leader","floor":23,"turns":5},{"damage":10,"enemies":"Sentry and Sphere","floor":24,"turns":3}],"seed_played":"1283548523487154017","potions_obtained":[{"floor":1,"key":"SkillPotion"},{"floor":2,"key":"Energy Potion"},{"floor":5,"key":"Block Potion"},{"floor":11,"key":"EssenceOfSteel"},{"floor":13,"key":"PowerPotion"},{"floor":16,"key":"Explosive Potion"},{"floor":18,"key":"Explosive Potion"},{"floor":19,"key":"FairyPotion"},{"floor":21,"key":"GamblersBrew"},{"floor":23,"key":"Energy Potion"}],"is_trial":false,"path_per_floor":["M","M","M","M","M","R","E","M","T","R","M","M","?","?","R","B",null,"M","M","$","M","$","E","M"],"character_chosen":"IRONCLAD","items_purchased":["Pommel Strike","PowerPotion"],"campfire_rested":1,"item_purchase_floors":[20,22],"current_hp_per_floor":[78,80,80,80,77,77,70,68,68,68,69,63,48,48,72,78,80,76,62,62,36,36,14,4],"gold":106,"neow_bonus":"REMOVE_TWO","is_prod":false,"is_daily":false,"chose_seed":false,"campfire_upgraded":2,"win_rate":0,"timestamp":1544333822,"path_taken":["M","M","M","M","M","R","E","M","T","R","M","M","?","?","R","BOSS","M","M","$","M","$","E","M"],"build_version":"2018-12-06","purchased_purges":2,"victory":false,"max_hp_per_floor":[80,80,80,80,80,80,80,80,80,80,80,80,80,80,80,80,80,80,80,80,80,80,80,80],"card_choices":[{"not_picked":["Hemokinesis","Dual Wield"],"picked":"Pommel Strike","floor":1},{"not_picked":["Corruption","Heavy Blade","Rampage"],"picked":"SKIP","floor":2},{"not_picked":["Sever Soul","Ghostly Armor"],"picked":"Perfected Strike","floor":3},{"not_picked":["Wild Strike","Sword Boomerang"],"picked":"Pommel Strike","floor":4},{"not_picked":["Fiend Fire","Warcry","Anger"],"picked":"SKIP","floor":5},{"not_picked":["Headbutt","Havoc","Warcry"],"picked":"SKIP","floor":7},{"not_picked":["Armaments","Sever Soul","Corruption"],"picked":"SKIP","floor":8},{"not_picked":["Armaments","Warcry","Anger"],"picked":"SKIP","floor":11},{"not_picked":["Flame Barrier","Body Slam"],"picked":"Whirlwind","floor":12},{"not_picked":["Flex","Pommel Strike"],"picked":"Whirlwind+1","floor":18},{"not_picked":["Searing Blow","Havoc","Cleave"],"picked":"SKIP","floor":19},{"not_picked":["Metallicize","Burning Pact","Sever Soul"],"picked":"SKIP","floor":21},{"not_picked":["Searing Blow","Disarm+1","Metallicize+1"],"picked":"SKIP","floor":23}],"player_experience":205185,"relics_obtained":[{"floor":7,"key":"Omamori"},{"floor":9,"key":"Oddly Smooth Stone"},{"floor":13,"key":"Odd Mushroom"},{"floor":23,"key":"Bottled Flame"}],"event_choices":[{"damage_healed":0,"gold_gain":0,"player_choice":"Fought Mushrooms","damage_taken":0,"max_hp_gain":0,"max_hp_loss":0,"event_name":"Mushrooms","floor":13,"gold_loss":0},{"damage_healed":0,"gold_gain":0,"player_choice":"Forge","damage_taken":0,"max_hp_gain":0,"max_hp_loss":0,"event_name":"Accursed Blacksmith","floor":14,"gold_loss":0,"cards_upgraded":["Whirlwind"]}],"is_beta":false,"boss_relics":[{"not_picked":["Tiny House","Busted Crown"],"picked":"White Beast Statue"}],"items_purged_floors":[20,22],"is_endless":false,"potions_floor_spawned":[1,2,5,11,13,16,18,19,21,23],"killed_by":"Sentry and Sphere","ascension_level":0}