{"gold_per_floor":[114,34,46,64,78,78,90,90,115,129,149,149,149,163,163,258,258,272,116,116,0,0,0,15,15,15,15,15,32,32,52,52,151,151,164,0,11,11,11,11,22,22,47,65,65,65],"floor_reached":46,"playtime":9511,"items_purged":["Strike_G"],"score":437,"play_id":"804ea0b6-81b1-4cd8-8de2-701b923a9e83","local_time":"20190306201407","is_ascension_mode":false,"campfire_choices":[{"data":"Noxious Fumes","floor":6,"key":"SMITH"},{"data":"Neutralize","floor":8,"key":"SMITH"},{"data":"Deadly Poison","floor":12,"key":"SMITH"},{"data":"Cloak And Dagger","floor":15,"key":"SMITH"},{"data":"Noxious Fumes","floor":23,"key":"SMITH"},{"data":"Glass Knife","floor":30,"key":"SMITH"},{"data":"Sucker Punch","floor":32,"key":"SMITH"},{"data":"Well Laid Plans","floor":40,"key":"SMITH"},{"data":"Noxious Fumes","floor":42,"key":"SMITH"}],"neow_cost":"NONE","seed_source_timestamp":23754779473200,"circlet_count":0,"master_deck":["Defend_G","Defend_G","Defend_G","Defend_G","Survivor","Neutralize+1","Dagger Throw","Dash","Reflex","Cloak And Dagger+1","Noxious Fumes+1","Deadly Poison+1","Bane","Glass Knife+1","Sucker Punch+1","Noxious Fumes+1","Calculated Gamble","Die Die Die","All Out Attack","Crippling Poison","Well Laid Plans+1","Footwork+1","Flash of Steel","Flechettes","Noxious Fumes+1"],"relics":["Ring of the Snake","NeowsBlessing","Regal Pillow","Sozu","StoneCalendar","Singing Bowl","Orrery","Red Mask","PreservedInsect"],"potions_floor_usage":[5,5,7],"damage_taken":[{"damage":0,"enemies":"Cultist","floor":1,"turns":1},{"damage":0,"enemies":"Small Slimes","floor":3,"turns":1},{"damage":0,"enemies":"2 Louse","floor":4,"turns":1},{"damage":0,"enemies":"Large Slime","floor":5,"turns":3},{"damage":2,"enemies":"Red Slaver","floor":7,"turns":4},{"damage":0,"enemies":"Looter","floor":10,"turns":4},{"damage":0,"enemies":"Blue Slaver","floor":11,"turns":4},{"damage":0,"enemies":"Large Slime","floor":14,"turns":5},{"damage":24,"enemies":"The Guardian","floor":16,"turns":10},{"damage":5,"enemies":"Shell Parasite","floor":18,"turns":6},{"damage":14,"enemies":"2 Thieves","floor":24,"turns":5},{"damage":8,"enemies":"Centurion and Healer","floor":29,"turns":7},{"damage":0,"enemies":"Snake Plant","floor":31,"turns":3},{"damage":40,"enemies":"Automaton","floor":33,"turns":9},{"damage":23,"enemies":"3 Darklings","floor":35,"turns":5},{"damage":7,"enemies":"3 Shapes","floor":37,"turns":5},{"damage":17,"enemies":"Spire Growth","floor":41,"turns":5},{"damage":13,"enemies":"Maw","floor":44,"turns":7},{"damage":47,"enemies":"4 Shapes","floor":46,"turns":3}],"seed_played":"-6090952810162954416","potions_obtained":[{"floor":1,"key":"Explosive Potion"},{"floor":3,"key":"Fire Potion"},{"floor":5,"key":"Fruit Juice"},{"floor":7,"key":"SteroidPotion"}],"is_trial":false,"path_per_floor":["M","$","M","M","M","R","M","R","T","M","M","R","?","M","R","B",null,"M","$","?","?","?","R","M","$","T","?","T","M","R","M","R","B",null,"M","?","M","?","?","R","M","R","T","M","?","M"],"character_chosen":"THE_SILENT","items_purchased":["Dash","Noxious Fumes"],"campfire_rested":0,"item_purchase_floors":[2,19],"current_hp_per_floor":[70,70,70,70,70,70,73,73,73,73,73,73,66,66,66,42,75,70,70,70,70,70,70,56,56,56,56,56,48,48,50,50,12,87,64,64,59,59,59,59,42,42,42,31,31,0],"gold":65,"neow_bonus":"THREE_ENEMY_KILL","is_prod":false,"is_daily":false,"chose_seed":false,"campfire_upgraded":9,"win_rate":0,"timestamp":1551932047,"path_taken":["M","$","M","M","?","R","M","R","T","M","M","R","?","M","R","BOSS","M","$","?","?","?","R","?","$","T","?","?","M","R","M","R","BOSS","M","?","M","?","?","R","?","R","T","M","?","M"],"build_version":"2019-01-23","purchased_purges":1,"victory":false,"max_hp_per_floor":[70,70,70,70,70,70,75,75,75,75,75,75,75,75,75,75,75,75,75,75,75,75,75,75,75,75,75,75,75,75,77,77,79,87,87,87,89,89,89,89,89,89,89,91,91,91],"card_choices":[{"not_picked":["Escape Plan","Dodge and Roll"],"picked":"Dagger Throw","floor":1},{"not_picked":["Eviscerate","Endless Agony"],"picked":"Reflex","floor":3},{"not_picked":["Dodge and Roll","Deflect"],"picked":"Cloak And Dagger","floor":4},{"not_picked":["Choke","Caltrops"],"picked":"Noxious Fumes","floor":5},{"not_picked":["Flechettes","Masterful Stab","Escape Plan"],"picked":"SKIP","floor":7},{"not_picked":["Calculated Gamble","Dagger Throw"],"picked":"Deadly Poison","floor":10},{"not_picked":["Slice","Sucker Punch"],"picked":"Bane","floor":11},{"not_picked":["Backstab","Dash","Masterful Stab"],"picked":"SKIP","floor":14},{"not_picked":["Wraith Form v2","Unload"],"picked":"Glass Knife","floor":16},{"not_picked":["Bane","Deflect"],"picked":"Sucker Punch","floor":18},{"not_picked":["Deadly Poison","Acrobatics"],"picked":"Calculated Gamble","floor":24},{"not_picked":["Concentrate","Quick Slash"],"picked":"Crippling Poison","floor":29},{"not_picked":["Masterful Stab+1","PiercingWail+1","Bane"],"picked":"Singing Bowl","floor":31},{"not_picked":["Unload","Grand Finale","Storm of Steel"],"picked":"Singing Bowl","floor":33},{"not_picked":["Bane","Cloak And Dagger","Sucker Punch+1"],"picked":"Singing Bowl","floor":34},{"not_picked":["Underhanded Strike","Dash"],"picked":"Well Laid Plans","floor":34},{"not_picked":["Finisher","Blade Dance+1","Quick Slash+1"],"picked":"Singing Bowl","floor":34},{"not_picked":["Eviscerate","Predator","Outmaneuver+1"],"picked":"Singing Bowl","floor":34},{"not_picked":["Dagger Throw","Bane","Slice"],"picked":"Singing Bowl","floor":34},{"not_picked":["PiercingWail+1","Masterful Stab+1"],"picked":"Footwork+1","floor":35},{"not_picked":["Deadly Poison+1","Quick Slash+1","Outmaneuver+1"],"picked":"Singing Bowl","floor":37},{"not_picked":["Jack Of All Trades","Madness"],"picked":"Flash of Steel","floor":38},{"not_picked":["Cloak And Dagger","Prepared+1"],"picked":"Noxious Fumes","floor":41},{"not_picked":["Slice","Heel Hook+1","Endless Agony+1"],"picked":"Singing Bowl","floor":44}],"player_experience":314115,"relics_obtained":[{"floor":9,"key":"Regal Pillow"},{"floor":26,"key":"StoneCalendar"},{"floor":28,"key":"Singing Bowl"},{"floor":43,"key":"PreservedInsect"}],"event_choices":[{"cards_removed":["Strike_G"],"damage_healed":0,"gold_gain":0,"player_choice":"Card Removal","damage_taken":7,"max_hp_gain":0,"max_hp_loss":0,"event_name":"Golden Wing","floor":13,"gold_loss":0},{"damage_healed":0,"gold_gain":0,"player_choice":"Ignored","damage_taken":0,"max_hp_gain":0,"max_hp_loss":0,"event_name":"Cursed Tome","floor":20,"gold_loss":0},{"damage_healed":0,"gold_gain":0,"player_choice":"Paid Fearfully","damage_taken":0,"max_hp_gain":0,"max_hp_loss":0,"event_name":"Masked Bandits","floor":21,"gold_loss":116},{"cards_removed":["Strike_G"],"damage_healed":0,"gold_gain":0,"player_choice":"Offered Basic","damage_taken":0,"max_hp_gain":0,"max_hp_loss":0,"event_name":"Bonfire Elementals","floor":22,"gold_loss":0},{"damage_healed":0,"gold_gain":0,"cards_transformed":["Strike_G","Strike_G"],"player_choice":"Became Test Subject","damage_taken":0,"max_hp_gain":0,"max_hp_loss":0,"event_name":"Drug Dealer","floor":27,"gold_loss":0,"cards_obtained":["Die Die Die","All Out Attack"]},{"damage_healed":0,"gold_gain":0,"player_choice":"Paid","damage_taken":0,"relics_obtained":["Red Mask"],"max_hp_gain":0,"max_hp_loss":0,"event_name":"Tomb of Lord Red Mask","floor":36,"gold_loss":164},{"damage_healed":0,"gold_gain":0,"player_choice":"Memory 1","damage_taken":0,"max_hp_gain":0,"max_hp_loss":0,"event_name":"SensoryStone","floor":38,"gold_loss":0},{"damage_healed":0,"gold_gain":0,"cards_transformed":["Defend_G"],"player_choice":"Transformed","damage_taken":0,"max_hp_gain":0,"max_hp_loss":0,"event_name":"Transmorgrifier","floor":39,"gold_loss":0,"cards_obtained":["Flechettes"]},{"damage_healed":0,"gold_gain":0,"player_choice":"Ignored","damage_taken":0,"max_hp_gain":0,"max_hp_loss":0,"event_name":"Mysterious Sphere","floor":45,"gold_loss":0}],"is_beta":false,"boss_relics":[{"not_picked":["Ectoplasm","Calling Bell"],"picked":"Sozu"},{"not_picked":["Astrolabe","Coffee Dripper"],"picked":"Orrery"}],"items_purged_floors":[19],"is_endless":false,"potions_floor_spawned":[1,3,5,7,24,35,44],"killed_by":"4 Shapes","ascension_level":0}