{"gold_per_floor":[119,119,119,133,8,8,25,58,85,100,100,131,131,145,145,240,240,251,50,63,75,174,174,202,202,228,239,199,214,214,230,230,329,329,340,340,359,6,21,21,53,65,65,65,75,0,13,31,31,31],"floor_reached":51,"playtime":4034,"items_purged":[],"score":711,"play_id":"3c6200d5-7b22-4fab-90fb-0fbd88331091","local_time":"20190308222449","is_ascension_mode":false,"campfire_choices":[{"floor":6.0,"key":"REST"},{"data":"Noxious Fumes","floor":11.0,"key":"SMITH"},{"floor":15.0,"key":"REST"},{"floor":30.0,"key":"REST"},{"floor":32.0,"key":"REST"},{"floor":40,"key":"REST"},{"floor":49,"key":"REST"}],"neow_cost":"NONE","seed_source_timestamp":0,"circlet_count":0,"master_deck":["Defend_G+1","Defend_G+1","Defend_G+1","Defend_G","Defend_G","Strike_G","Strike_G","Strike_G","Strike_G","Strike_G","Survivor+1","Neutralize","Poisoned Stab","Infinite Blades","Quick Slash","Flying Knee","Noxious Fumes+1","Backstab","Poisoned Stab","All Out Attack","Poisoned Stab","Bullet Time","Quick Slash","Deadly Poison","Dodge and Roll+1","Writhe","Noxious Fumes+1","Bane","PiercingWail","After Image","Caltrops+1","PiercingWail+1","Poisoned Stab+1","Bouncing Flask+1","Quick Slash+1","The Bomb","Backflip","Expertise+1","Predator+1"],"special_seed":0,"relics":["Ring of the Snake","Bag of Preparation","PreservedInsect","Dream Catcher","The Specimen","Philosopher\u0027s Stone","Snake Skull","Mummified Hand","Orichalcum","War Paint","Lizard Tail","Happy Flower","Frozen Eye","Kunai","Bottled Lightning","Red Mask"],"potions_floor_usage":[41,50],"damage_taken":[{"damage":6.0,"enemies":"2 Louse","floor":1.0,"turns":3.0},{"damage":0.0,"enemies":"Jaw Worm","floor":4.0,"turns":4.0},{"damage":0.0,"enemies":"Small Slimes","floor":7.0,"turns":3.0},{"damage":17.0,"enemies":"Gremlin Nob","floor":8.0,"turns":4.0},{"damage":0.0,"enemies":"3 Louse","floor":10.0,"turns":1.0},{"damage":6.0,"enemies":"3 Sentries","floor":12.0,"turns":5.0},{"damage":0.0,"enemies":"2 Fungi Beasts","floor":14.0,"turns":2.0},{"damage":25.0,"enemies":"The Guardian","floor":16.0,"turns":7.0},{"damage":11.0,"enemies":"3 Byrds","floor":18.0,"turns":4.0},{"damage":7.0,"enemies":"2 Thieves","floor":20.0,"turns":3.0},{"damage":8.0,"enemies":"Cultist and Chosen","floor":21.0,"turns":5.0},{"damage":7.0,"enemies":"Book of Stabbing","floor":24.0,"turns":4.0},{"damage":14.0,"enemies":"3 Cultists","floor":27.0,"turns":5.0},{"damage":3.0,"enemies":"Chosen and Byrds","floor":29.0,"turns":4.0},{"damage":6.0,"enemies":"Centurion and Healer","floor":31.0,"turns":5.0},{"damage":49.0,"enemies":"Champ","floor":33.0,"turns":10.0},{"damage":16.0,"enemies":"Orb Walker","floor":35.0,"turns":4.0},{"damage":15.0,"enemies":"3 Shapes","floor":37.0,"turns":3.0},{"damage":4.0,"enemies":"Jaw Worm Horde","floor":39.0,"turns":5.0},{"damage":8,"enemies":"Nemesis","floor":41,"turns":5},{"damage":25,"enemies":"Sphere and 2 Shapes","floor":42,"turns":3},{"damage":13,"enemies":"Spire Growth","floor":45,"turns":4},{"damage":2,"enemies":"Maw","floor":47,"turns":6},{"damage":0,"enemies":"Transient","floor":48,"turns":5},{"damage":50,"enemies":"Awakened One","floor":50,"turns":12}],"seed_played":"4345418964111152413","potions_obtained":[{"floor":8.0,"key":"FearPotion"},{"floor":10.0,"key":"SpeedPotion"},{"floor":14.0,"key":"Dexterity Potion"},{"floor":21.0,"key":"Energy Potion"},{"floor":24.0,"key":"GamblersBrew"},{"floor":31.0,"key":"AttackPotion"},{"floor":35.0,"key":"Explosive Potion"},{"floor":39.0,"key":"Regen Potion"},{"floor":48,"key":"Weak Potion"}],"is_trial":false,"path_per_floor":["M","?","?","M","$","R","M","E","T","M","R","E","?","M","R","B",null,"M","$","M","M","?","?","E","?","T","M","?","M","R","M","R","B",null,"M","?","M","$","M","R","E","M","T","?","M","?","M","M","R","B",null],"character_chosen":"THE_SILENT","items_purchased":["Deflect","Quick Slash","Explosive Potion","Snake Skull","Deadly Poison","Happy Flower","Frozen Eye"],"campfire_rested":6,"item_purchase_floors":[5,5,5,19,19,38,38],"current_hp_per_floor":[71,64,49,49,49,72,72,55,55,55,55,49,49,49,72,47,77,66,66,59,51,51,51,44,30,30,16,16,13,37,31,55,6,82,66,66,51,51,47,71,77,52,52,52,39,39,37,37,61,11],"gold":31,"neow_bonus":"TEN_PERCENT_HP_BONUS","is_prod":false,"is_daily":false,"chose_seed":false,"campfire_upgraded":1,"win_rate":0.0,"timestamp":1552094689,"path_taken":["M","?","?","M","?","R","M","E","T","M","R","E","?","M","R","BOSS","M","$","M","M","?","?","E","?","T","M","?","?","R","M","R","BOSS","M","?","M","$","M","R","E","M","T","?","M","?","M","M","R","BOSS"],"build_version":"2019-01-17","purchased_purges":0,"victory":true,"max_hp_per_floor":[77,77,77,77,77,77,77,77,77,77,77,77,77,77,77,77,77,77,77,77,77,77,77,77,82,82,82,82,82,82,82,82,82,82,82,82,82,82,82,82,82,82,82,82,82,82,82,82,82,82],"card_choices":[{"not_picked":["Flying Knee","Outmaneuver"],"picked":"Poisoned Stab","floor":1.0},{"not_picked":["Dagger Throw","Well Laid Plans"],"picked":"Infinite Blades","floor":4.0},{"not_picked":["Slice","Unload"],"picked":"Flying Knee","floor":7.0},{"not_picked":["Flying Knee","Deflect"],"picked":"Noxious Fumes","floor":8.0},{"not_picked":["Blur","Phantasmal Killer"],"picked":"Backstab","floor":10.0},{"not_picked":["Escape Plan","Prepared"],"picked":"Poisoned Stab","floor":12.0},{"not_picked":["Deflect","Bouncing Flask"],"picked":"All Out Attack","floor":14.0},{"not_picked":["Backflip","Riddle With Holes"],"picked":"Poisoned Stab","floor":15.0},{"not_picked":["Tools of the Trade","Night Terror"],"picked":"Bullet Time","floor":16.0},{"not_picked":["Well Laid Plans","Deflect"],"picked":"Quick Slash","floor":18.0},{"not_picked":["Backflip","Acrobatics+1"],"picked":"Dodge and Roll+1","floor":20.0},{"not_picked":["Endless Agony","Bane","Slice"],"picked":"SKIP","floor":21.0},{"not_picked":["Blade Dance+1","Skewer"],"picked":"Noxious Fumes","floor":24.0},{"not_picked":["Slice","Dagger Spray"],"picked":"Bane","floor":27.0},{"not_picked":["Burst","Dagger Throw","Quick Slash"],"picked":"SKIP","floor":29.0},{"not_picked":["Blade Dance","Infinite Blades"],"picked":"PiercingWail","floor":31.0},{"not_picked":["Wraith Form v2","Doppelganger"],"picked":"After Image","floor":33.0},{"not_picked":["Calculated Gamble+1","Deadly Poison+1"],"picked":"Caltrops+1","floor":35.0},{"not_picked":["Acrobatics","Blade Dance"],"picked":"PiercingWail+1","floor":37.0},{"not_picked":["Backflip+1","Slice+1"],"picked":"Poisoned Stab+1","floor":39.0},{"not_picked":["Outmaneuver","Acrobatics"],"picked":"Bouncing Flask+1","floor":40},{"not_picked":["Skewer+1","Calculated Gamble","Malaise"],"picked":"SKIP","floor":41},{"not_picked":["Deflect+1","Bane+1"],"picked":"Quick Slash+1","floor":42},{"not_picked":["Mind Blast","Dramatic Entrance"],"picked":"The Bomb","floor":44},{"not_picked":["PiercingWail+1","Dodge and Roll+1","Blade Dance"],"picked":"SKIP","floor":45},{"not_picked":["Prepared+1","Flying Knee"],"picked":"Backflip","floor":47},{"not_picked":["Reflex","Bouncing Flask"],"picked":"Expertise+1","floor":48},{"not_picked":["Slice+1","Outmaneuver"],"picked":"Predator+1","floor":49}],"player_experience":90,"relics_obtained":[{"floor":8.0,"key":"PreservedInsect"},{"floor":9.0,"key":"Dream Catcher"},{"floor":12.0,"key":"The Specimen"},{"floor":24.0,"key":"Orichalcum"},{"floor":26.0,"key":"War Paint"},{"floor":41,"key":"Kunai"},{"floor":43,"key":"Bottled Lightning"}],"event_choices":[{"damage_healed":0.0,"max_hp_gain":0.0,"max_hp_loss":0.0,"gold_gain":0.0,"event_name":"Scrap Ooze","player_choice":"Success","floor":2.0,"gold_loss":0.0,"damage_taken":7.0,"relics_obtained":["Bag of Preparation"]},{"damage_healed":0.0,"max_hp_gain":0.0,"max_hp_loss":0.0,"gold_gain":0.0,"event_name":"Shining Light","player_choice":"Entered Light","floor":3.0,"gold_loss":0.0,"damage_taken":15.0,"cards_upgraded":["Defend_G","Survivor"]},{"damage_healed":0.0,"max_hp_gain":0.0,"max_hp_loss":0.0,"gold_gain":0.0,"event_name":"Liars Game","player_choice":"Ignored","floor":13.0,"gold_loss":0.0,"damage_taken":0.0},{"damage_healed":0.0,"max_hp_gain":0.0,"max_hp_loss":0.0,"gold_gain":99.0,"event_name":"Nest","player_choice":"Stole From Cult","floor":22.0,"gold_loss":0.0,"damage_taken":0.0},{"damage_healed":0.0,"max_hp_gain":0.0,"max_hp_loss":0.0,"gold_gain":0.0,"event_name":"The Mausoleum","player_choice":"Opened","floor":23.0,"gold_loss":0.0,"damage_taken":0.0,"relics_obtained":["Mummified Hand"],"cards_obtained":["Writhe"]},{"damage_healed":0.0,"max_hp_gain":5.0,"max_hp_loss":0.0,"gold_gain":0.0,"event_name":"Forgotten Altar","player_choice":"Shed Blood","floor":25.0,"gold_loss":0.0,"damage_taken":19.0},{"damage_healed":0.0,"max_hp_gain":0.0,"max_hp_loss":0.0,"gold_gain":0.0,"event_name":"Designer","player_choice":"Upgrade","floor":28.0,"gold_loss":40.0,"damage_taken":0.0,"cards_upgraded":["Noxious Fumes"]},{"cards_removed":["Deflect"],"damage_healed":0.0,"max_hp_gain":0.0,"max_hp_loss":0.0,"gold_gain":0.0,"event_name":"Falling","player_choice":"Removed Skill","floor":36.0,"gold_loss":0.0,"damage_taken":0.0},{"damage_healed":0,"gold_gain":0,"player_choice":"Memory 1","damage_taken":0,"max_hp_gain":0,"max_hp_loss":0,"event_name":"SensoryStone","floor":44,"gold_loss":0},{"damage_healed":0,"gold_gain":0,"player_choice":"Paid","damage_taken":0,"relics_obtained":["Red Mask"],"max_hp_gain":0,"max_hp_loss":0,"event_name":"Tomb of Lord Red Mask","floor":46,"gold_loss":75}],"is_beta":false,"boss_relics":[{"not_picked":["Astrolabe","Coffee Dripper"],"picked":"Philosopher\u0027s Stone"},{"not_picked":["Runic Dome","Empty Cage"],"picked":"Lizard Tail"}],"items_purged_floors":[],"is_endless":false,"potions_floor_spawned":[8,10,14,21,24,31,35,39,48],"ascension_level":0}