{"gold_per_floor":[114,129,304,322,332,363,363,382,382,394,429,386,386,421,421,421],"floor_reached":16,"playtime":938,"items_purged":[],"score":207,"play_id":"1efdf707-56d8-4334-9e9f-31b7db16a144","local_time":"20190307224256","is_ascension_mode":true,"campfire_choices":[{"data":"Carnage","floor":7.0,"key":"SMITH"},{"floor":13,"key":"REST"},{"data":"Whirlwind","floor":15,"key":"SMITH"}],"neow_cost":"NONE","seed_source_timestamp":0,"circlet_count":0,"master_deck":["AscendersBane","Strike_R","Strike_R","Strike_R","Strike_R","Strike_R","Defend_R","Defend_R","Defend_R","Defend_R","Bash","Twin Strike","Iron Wave","Doubt","Iron Wave","Carnage+1","Cleave","Rage","Bludgeon","Whirlwind+1"],"special_seed":0,"relics":["Burning Blood","Oddly Smooth Stone","Ancient Tea Set","Matryoshka","Frozen Egg 2","Strawberry"],"potions_floor_usage":[],"damage_taken":[{"damage":6.0,"enemies":"Small Slimes","floor":1.0,"turns":3.0},{"damage":0.0,"enemies":"Jaw Worm","floor":2.0,"turns":3.0},{"damage":7.0,"enemies":"2 Louse","floor":4.0,"turns":4.0},{"damage":15.0,"enemies":"Red Slaver","floor":5.0,"turns":4.0},{"damage":18.0,"enemies":"Gremlin Nob","floor":6.0,"turns":5.0},{"damage":16.0,"enemies":"Lots of Slimes","floor":8.0,"turns":5.0},{"damage":4.0,"enemies":"Exordium Thugs","floor":10.0,"turns":5.0},{"damage":43,"enemies":"Lagavulin","floor":11,"turns":7},{"damage":4,"enemies":"3 Sentries","floor":14,"turns":8},{"damage":42,"enemies":"The Guardian","floor":16,"turns":8}],"seed_played":"3346111601323382193","potions_obtained":[{"floor":5.0,"key":"Block Potion"},{"floor":6.0,"key":"LiquidBronze"},{"floor":11,"key":"GamblersBrew"},{"floor":14,"key":"Energy Potion"}],"is_trial":false,"path_per_floor":["M","M","?","M","M","E","R","M","T","M","E","?","R","E","R","B"],"character_chosen":"IRONCLAD","items_purchased":[],"campfire_rested":1,"item_purchase_floors":[],"current_hp_per_floor":[68,74,74,73,64,52,52,42,42,44,7,7,29,38,38,0],"gold":421,"neow_bonus":"RANDOM_COMMON_RELIC","is_prod":false,"is_daily":false,"chose_seed":false,"campfire_upgraded":2,"win_rate":0,"timestamp":1551987776,"path_taken":["M","M","?","M","M","E","R","M","T","M","E","?","R","E","R","BOSS"],"build_version":"2019-01-23","purchased_purges":0,"victory":false,"max_hp_per_floor":[75,75,75,75,75,75,75,75,75,75,75,75,75,82,82,82],"card_choices":[{"not_picked":["Headbutt","Inflame"],"picked":"Twin Strike","floor":1.0},{"not_picked":["Bloodletting","Perfected Strike"],"picked":"Iron Wave","floor":2.0},{"not_picked":["Burning Pact","True Grit","Blood for Blood"],"picked":"SKIP","floor":4.0},{"not_picked":["Heavy Blade","Warcry"],"picked":"Iron Wave","floor":5.0},{"not_picked":["Clothesline","Warcry"],"picked":"Carnage","floor":6.0},{"not_picked":["Wild Strike","Headbutt"],"picked":"Cleave","floor":8.0},{"not_picked":["Pommel Strike","Pummel"],"picked":"Rage","floor":10.0},{"not_picked":["Pommel Strike","Cleave"],"picked":"Bludgeon","floor":11},{"not_picked":["Dropkick","Pommel Strike"],"picked":"Whirlwind","floor":14}],"player_experience":389567,"relics_obtained":[{"floor":6.0,"key":"Ancient Tea Set"},{"floor":9.0,"key":"Matryoshka"},{"floor":11,"key":"Frozen Egg 2"},{"floor":14,"key":"Strawberry"}],"event_choices":[{"damage_healed":0.0,"max_hp_gain":0.0,"max_hp_loss":0.0,"gold_gain":175.0,"event_name":"Liars Game","player_choice":"AGREE","floor":3.0,"gold_loss":0.0,"damage_taken":0.0,"cards_obtained":["Doubt"]},{"damage_healed":0,"gold_gain":0,"player_choice":"Left Gold","damage_taken":0,"max_hp_gain":0,"max_hp_loss":0,"event_name":"World of Goop","floor":12,"gold_loss":43}],"is_beta":false,"boss_relics":[],"items_purged_floors":[],"is_endless":false,"potions_floor_spawned":[5,6,11,14],"killed_by":"The Guardian","ascension_level":14}