{"gold_per_floor":[118,118,43,43,43,78,78,78,78,78,94,94,119,155,155,286,349,369,385,399,399,423,423,348,348,374,412,412,340,340,378,378,504,504,523,523,541,554,426,426,426,41,64,87,87,37,37],"floor_reached":47,"playtime":1468,"items_purged":["Bash","Normality","Shame","Wild Strike"],"score":531,"play_id":"94035688-00bc-496d-9d21-c9ca8c3d545c","local_time":"20190101170401","is_ascension_mode":false,"campfire_choices":[{"floor":7,"key":"REST"},{"data":"Perfected Strike","floor":10,"key":"SMITH"},{"data":"Twin Strike","floor":12,"key":"SMITH"},{"data":"Perfected Strike","floor":15,"key":"SMITH"},{"data":"Immolate","floor":23,"key":"SMITH"},{"data":"Power Through","floor":25,"key":"SMITH"},{"floor":28,"key":"REST"},{"floor":32,"key":"REST"},{"floor":40,"key":"REST"},{"data":"Perfected Strike","floor":45,"key":"SMITH"}],"neow_cost":"NONE","seed_source_timestamp":625940885835271,"circlet_count":0,"master_deck":["Strike_R","Strike_R","Strike_R","Strike_R","Strike_R","Defend_R+1","Defend_R+1","Defend_R","Perfected Strike+1","Twin Strike+1","Wild Strike+1","Perfected Strike+1","Immolate+1","Power Through+1","Perfected Strike","Pommel Strike","Shrug It Off","Barricade","Enlightenment","Perfected Strike+1","Wild Strike","Twin Strike"],"relics":["Burning Blood","NeowsBlessing","Golden Idol","War Paint","Pantograph","Letter Opener","Odd Mushroom","Tiny House","MutagenicStrength","Bag of Preparation","Thread and Needle","Mango","Calling Bell","Smiling Mask","The Courier","Nunchaku","Spirit Poop","Lantern","Ancient Tea Set","Juzu Bracelet"],"potions_floor_usage":[16,18,18,19,22,33,44,44,47,47],"damage_taken":[{"damage":0,"enemies":"Small Slimes","floor":1,"turns":2},{"damage":0,"enemies":"3 Sentries","floor":6,"turns":2},{"damage":0,"enemies":"Jaw Worm","floor":11,"turns":1},{"damage":0,"enemies":"2 Louse","floor":13,"turns":2},{"damage":0,"enemies":"The Mushroom Lair","floor":14,"turns":3},{"damage":68,"enemies":"Hexaghost","floor":16,"turns":9},{"damage":14,"enemies":"3 Byrds","floor":18,"turns":5},{"damage":0,"enemies":"Spheric Guardian","floor":19,"turns":2},{"damage":26,"enemies":"Centurion and Healer","floor":20,"turns":5},{"damage":26,"enemies":"Shelled Parasite and Fungi","floor":22,"turns":5},{"damage":41,"enemies":"Book of Stabbing","floor":27,"turns":5},{"damage":15,"enemies":"Slavers","floor":31,"turns":3},{"damage":95,"enemies":"Champ","floor":33,"turns":15},{"damage":33,"enemies":"3 Darklings","floor":35,"turns":4},{"damage":4,"enemies":"3 Shapes","floor":37,"turns":5},{"damage":48,"enemies":"Spire Growth","floor":38,"turns":5},{"damage":19,"enemies":"Transient","floor":44,"turns":5},{"damage":67,"enemies":"Giant Head","floor":47,"turns":7}],"seed_played":"-9041772807328927190","potions_obtained":[{"floor":6,"key":"AttackPotion"},{"floor":16,"key":"Swift Potion"},{"floor":17,"key":"Swift Potion"},{"floor":18,"key":"AttackPotion"},{"floor":20,"key":"Regen Potion"},{"floor":27,"key":"GamblersBrew"},{"floor":35,"key":"Dexterity Potion"},{"floor":38,"key":"GamblersBrew"},{"floor":44,"key":"Weak Potion"}],"is_trial":false,"path_per_floor":["M","?","$","?","?","E","R","$","T","R","M","R","M","?","R","B",null,"M","M","M","?","M","R","?","R","T","E","R","$","?","E","R","B",null,"M","?","M","M","$","R","?","$","T","M","R","$","E"],"character_chosen":"IRONCLAD","items_purchased":["Perfected Strike","Pommel Strike","Fruit Juice","Perfected Strike","Wild Strike","Twin Strike","Lantern","Ancient Tea Set"],"campfire_rested":4,"item_purchase_floors":[29,29,39,42,42,42,42,42],"current_hp_per_floor":[80,60,60,53,35,41,65,65,65,65,71,71,77,80,80,18,85,77,83,63,63,55,55,55,55,55,20,45,45,45,50,79,10,99,72,72,74,32,32,61,61,61,61,48,48,48,0],"gold":37,"neow_bonus":"THREE_ENEMY_KILL","is_prod":false,"is_daily":false,"chose_seed":false,"campfire_upgraded":6,"win_rate":0,"timestamp":1546380241,"path_taken":["M","?","$","?","?","E","R","$","T","R","M","R","?","?","R","BOSS","M","M","M","?","M","R","?","R","T","E","R","$","?","E","R","BOSS","M","?","M","M","$","R","?","$","T","M","R","$","E"],"build_version":"2018-12-20","purchased_purges":4,"victory":false,"max_hp_per_floor":[80,80,80,80,80,80,80,80,80,80,80,80,80,80,80,80,85,85,85,85,85,85,85,85,85,85,85,85,85,85,99,99,99,99,99,99,99,99,99,99,99,99,99,99,99,99,104],"card_choices":[{"not_picked":["Havoc","Headbutt"],"picked":"Perfected Strike","floor":1},{"not_picked":["True Grit","Dropkick"],"picked":"Twin Strike","floor":6},{"not_picked":["Inflame","Shockwave"],"picked":"Wild Strike","floor":11},{"not_picked":["Thunderclap","Shrug It Off"],"picked":"Perfected Strike","floor":13},{"not_picked":["Offering","Brutality"],"picked":"Immolate","floor":16},{"not_picked":["Wild Strike","Anger"],"picked":"Power Through","floor":17},{"not_picked":["Carnage","Burning Pact+1"],"picked":"Wild Strike","floor":18},{"not_picked":["Evolve","Clash"],"picked":"Wild Strike","floor":19},{"not_picked":["Reaper","Cleave","Thunderclap"],"picked":"SKIP","floor":20},{"not_picked":["Searing Blow","Sentinel+1","Inflame"],"picked":"SKIP","floor":22},{"not_picked":["Thunderclap","Headbutt","Reckless Charge+1"],"picked":"SKIP","floor":27},{"not_picked":["Whirlwind","Twin Strike"],"picked":"Shrug It Off","floor":31},{"not_picked":["Feed","Double Tap"],"picked":"Barricade","floor":33},{"not_picked":["Corruption","True Grit","Carnage"],"picked":"SKIP","floor":35},{"not_picked":["Discovery","Dramatic Entrance"],"picked":"Enlightenment","floor":36},{"not_picked":["Cleave","Metallicize+1","Sword Boomerang"],"picked":"SKIP","floor":37},{"not_picked":["Headbutt+1","Clash","Flame Barrier"],"picked":"SKIP","floor":38},{"not_picked":["Dual Wield","Clash","Armaments"],"picked":"SKIP","floor":44}],"player_experience":382061,"relics_obtained":[{"floor":6,"key":"Pantograph"},{"floor":9,"key":"Letter Opener"},{"floor":14,"key":"Odd Mushroom"},{"floor":26,"key":"Bag of Preparation"},{"floor":27,"key":"Thread and Needle"},{"floor":31,"key":"Mango"},{"floor":34,"key":"Smiling Mask"},{"floor":34,"key":"The Courier"},{"floor":34,"key":"Nunchaku"},{"floor":43,"key":"Juzu Bracelet"}],"event_choices":[{"damage_healed":0,"gold_gain":0,"player_choice":"Take Damage","damage_taken":20,"relics_obtained":["Golden Idol"],"max_hp_gain":0,"max_hp_loss":0,"event_name":"Golden Idol","floor":2,"gold_loss":0},{"cards_removed":["Defend_R"],"damage_healed":0,"gold_gain":0,"player_choice":"Card Removal","damage_taken":7,"max_hp_gain":0,"max_hp_loss":0,"event_name":"Golden Wing","floor":4,"gold_loss":0},{"damage_healed":0,"gold_gain":0,"player_choice":"Success","damage_taken":18,"relics_obtained":["War Paint"],"max_hp_gain":0,"max_hp_loss":0,"event_name":"Scrap Ooze","floor":5,"gold_loss":0},{"damage_healed":0,"gold_gain":0,"player_choice":"Fought Mushrooms","damage_taken":0,"max_hp_gain":0,"max_hp_loss":0,"event_name":"Mushrooms","floor":14,"gold_loss":0},{"damage_healed":0,"gold_gain":0,"player_choice":"Inject Mutagens","damage_taken":0,"relics_obtained":["MutagenicStrength"],"max_hp_gain":0,"max_hp_loss":0,"event_name":"Drug Dealer","floor":21,"gold_loss":0},{"cards_removed":["Wild Strike"],"damage_healed":0,"gold_gain":0,"player_choice":"Gave Gold","damage_taken":0,"max_hp_gain":0,"max_hp_loss":0,"event_name":"Beggar","floor":24,"gold_loss":75},{"damage_healed":0,"gold_gain":0,"player_choice":"Ignored","damage_taken":0,"max_hp_gain":0,"max_hp_loss":0,"event_name":"The Mausoleum","floor":30,"gold_loss":0},{"damage_healed":0,"gold_gain":0,"player_choice":"Memory 1","damage_taken":0,"max_hp_gain":0,"max_hp_loss":0,"event_name":"SensoryStone","floor":36,"gold_loss":0},{"cards_removed":["Pain"],"damage_healed":0,"gold_gain":0,"player_choice":"Offered Curse","damage_taken":0,"relics_obtained":["Spirit Poop"],"max_hp_gain":0,"max_hp_loss":0,"event_name":"Bonfire Elementals","floor":41,"gold_loss":0}],"is_beta":false,"boss_relics":[{"not_picked":["Pandora\u0027s Box","Black Star"],"picked":"Tiny House"},{"not_picked":["Runic Pyramid","Runic Cube"],"picked":"Calling Bell"}],"items_purged_floors":[3,39,42,46],"is_endless":false,"potions_floor_spawned":[6,16,18,20,27,35,38,44],"killed_by":"Giant Head","ascension_level":0}