{"gold_per_floor":[111,111,125,140,140,140,154,154,154,164,199,199,230,74,74,172,172,189,208,220,135,135,135,169,169,169,16,16,33,48,64,64,167,167,180,194,214,136,154,154,168,202,202,202,214,214,44,144,144,144,144,144,95,124,124],"floor_reached":56,"playtime":4120,"items_purged":[],"score":1434,"play_id":"95a9064b-b537-4642-b582-a5f5ddbed862","local_time":"20190108115519","daily_mods":["SealedDeck"],"is_ascension_mode":false,"campfire_choices":[{"data":"Footwork","floor":6,"key":"SMITH"},{"data":"Footwork","floor":8,"key":"SMITH"},{"data":"Noxious Fumes","floor":15,"key":"SMITH"},{"data":"Corpse Explosion","floor":23,"key":"SMITH"},{"data":"PiercingWail","floor":25,"key":"SMITH"},{"floor":28,"key":"RECALL"},{"floor":32,"key":"REST"},{"floor":44,"key":"REST"},{"floor":46,"key":"REST"},{"floor":49,"key":"REST"},{"floor":52,"key":"REST"}],"neow_cost":"","seed_source_timestamp":0,"circlet_count":0,"master_deck":["Cloak And Dagger","Sucker Punch","Flying Knee","Deflect","Blur","Backflip","Footwork+1","Deadly Poison","Caltrops","Noxious Fumes+1","Blur","Footwork+1","Malaise","Deflect","Corpse Explosion+1","Noxious Fumes+1","Flying Knee+1","PiercingWail+1","Deflect+1","Bullet Time+1","Distraction+1","Caltrops+1","Footwork+1","PiercingWail+1","Blur+1","Backflip+1","Blur+1"],"relics":["Ring of the Snake","Bottled Tornado","Tough Bandages","Frozen Egg 2","Lantern","Sozu","Anchor","Blood Vial","Toxic Egg 2","Snake Skull","Fusion Hammer","Regal Pillow","Bottled Lightning","Oddly Smooth Stone","Dead Branch","Happy Flower"],"potions_floor_usage":[11,11],"damage_taken":[{"damage":2,"enemies":"Small Slimes","floor":1,"turns":4},{"damage":0,"enemies":"2 Louse","floor":3,"turns":4},{"damage":0,"enemies":"Jaw Worm","floor":4,"turns":7},{"damage":2,"enemies":"Lots of Slimes","floor":7,"turns":6},{"damage":0,"enemies":"Blue Slaver","floor":10,"turns":22},{"damage":6,"enemies":"3 Sentries","floor":11,"turns":8},{"damage":0,"enemies":"Lagavulin","floor":13,"turns":7},{"damage":0,"enemies":"The Guardian","floor":16,"turns":12},{"damage":0,"enemies":"2 Thieves","floor":18,"turns":4},{"damage":0,"enemies":"Spheric Guardian","floor":19,"turns":4},{"damage":0,"enemies":"Chosen and Byrds","floor":20,"turns":7},{"damage":11,"enemies":"Slavers","floor":24,"turns":4},{"damage":0,"enemies":"Snake Plant","floor":29,"turns":5},{"damage":0,"enemies":"3 Cultists","floor":30,"turns":4},{"damage":1,"enemies":"Snecko","floor":31,"turns":6},{"damage":0,"enemies":"Champ","floor":33,"turns":12},{"damage":0,"enemies":"Orb Walker","floor":35,"turns":4},{"damage":0,"enemies":"3 Darklings","floor":36,"turns":3},{"damage":0,"enemies":"Jaw Worm Horde","floor":37,"turns":2},{"damage":0,"enemies":"Spire Growth","floor":39,"turns":5},{"damage":0,"enemies":"3 Darklings","floor":41,"turns":3},{"damage":31,"enemies":"Nemesis","floor":42,"turns":9},{"damage":0,"enemies":"Maw","floor":45,"turns":7},{"damage":0,"enemies":"Mind Bloom Boss Battle","floor":48,"turns":8},{"damage":18,"enemies":"Time Eater","floor":50,"turns":11},{"damage":0,"enemies":"Shield and Spear","floor":54,"turns":6},{"damage":0,"enemies":"The Heart","floor":55,"turns":11}],"seed_played":"1731559175060242847","potions_obtained":[{"floor":1,"key":"Block Potion"},{"floor":4,"key":"Regen Potion"},{"floor":10,"key":"Fire Potion"},{"floor":13,"key":"FearPotion"}],"is_trial":true,"path_per_floor":["M","?","M","M","?","R","M","R","T","M","E","?","E","$","R","B",null,"M","M","M","?","?","R","E","R","T","$","R","M","M","M","R","B",null,"M","M","M","$","M","?","M","E","T","R","M","R","$","?","R","B",null,"R","$","E","B",null],"character_chosen":"THE_SILENT","items_purchased":["Lantern","Snake Skull","Caltrops+1","Oddly Smooth Stone","PiercingWail+1","Backflip+1"],"campfire_rested":5,"item_purchase_floors":[14,27,38,47,47,53],"current_hp_per_floor":[68,68,68,68,73,73,71,71,71,71,65,65,65,65,65,65,75,75,75,75,75,61,61,50,50,50,50,50,52,54,55,79,80,80,80,80,80,80,80,80,80,49,49,80,80,80,80,80,80,62,80,80,80,80,80],"gold":124,"neow_bonus":"","is_prod":false,"is_daily":false,"chose_seed":false,"campfire_upgraded":5,"win_rate":0,"timestamp":1546966519,"path_taken":["M","?","M","M","?","R","M","R","T","M","E","?","E","$","R","BOSS","M","M","M","?","?","R","E","R","T","?","R","M","M","M","R","BOSS","M","?","M","$","M","?","?","E","T","R","M","R","$","?","R","BOSS","R","$","E","BOSS"],"build_version":"2019-01-03v4","purchased_purges":0,"victory":true,"max_hp_per_floor":[70,70,70,70,75,75,75,75,75,75,75,75,75,75,75,75,75,75,75,75,75,80,80,80,80,80,80,80,80,80,80,80,80,80,80,80,80,80,80,80,80,80,80,80,80,80,80,80,80,80,80,80,80,80,80],"card_choices":[{"not_picked":["Flechettes","Quick Slash"],"picked":"Blur","floor":1},{"not_picked":["Eviscerate","PiercingWail"],"picked":"Footwork","floor":3},{"not_picked":["Dagger Throw","Bane","Choke"],"picked":"SKIP","floor":4},{"not_picked":["Prepared","Choke","Tactician"],"picked":"SKIP","floor":7},{"not_picked":["Dagger Throw","Quick Slash"],"picked":"Malaise","floor":10},{"not_picked":["Slice","Dagger Spray","Predator"],"picked":"SKIP","floor":11},{"not_picked":["Dagger Throw","Poisoned Stab"],"picked":"Deflect","floor":13},{"not_picked":["Grand Finale","Venomology"],"picked":"Corpse Explosion","floor":16},{"not_picked":["Prepared","Underhanded Strike"],"picked":"Noxious Fumes+1","floor":18},{"not_picked":["Skewer","Acrobatics","Dagger Spray"],"picked":"SKIP","floor":19},{"not_picked":["Predator","Backflip"],"picked":"Flying Knee+1","floor":20},{"not_picked":["Outmaneuver","Prepared"],"picked":"PiercingWail","floor":24},{"not_picked":["Dagger Throw","Slice"],"picked":"Deflect+1","floor":29},{"not_picked":["Tactician+1","Eviscerate","Acrobatics+1"],"picked":"SKIP","floor":30},{"not_picked":["Cloak And Dagger+1","Flying Knee","Riddle With Holes"],"picked":"SKIP","floor":31},{"not_picked":["A Thousand Cuts+1","Die Die Die"],"picked":"Bullet Time+1","floor":33},{"not_picked":["Slice","Flechettes+1","Sucker Punch"],"picked":"SKIP","floor":35},{"not_picked":["Tactician+1","Bane","Acrobatics+1"],"picked":"SKIP","floor":36},{"not_picked":["Cloak And Dagger+1","Die Die Die"],"picked":"Distraction+1","floor":37},{"not_picked":["Masterful Stab","Deadly Poison+1","Acrobatics+1"],"picked":"SKIP","floor":39},{"not_picked":["Slice","PiercingWail+1"],"picked":"Footwork+1","floor":41},{"not_picked":["Blade Dance+1","Setup+1","Poisoned Stab"],"picked":"SKIP","floor":42},{"not_picked":["Quick Slash+1","Crippling Poison+1","Dagger Throw"],"picked":"SKIP","floor":45},{"not_picked":["Escape Plan+1","Eviscerate+1"],"picked":"Blur+1","floor":48},{"not_picked":["Accuracy+1","Quick Slash"],"picked":"Blur+1","floor":54}],"player_experience":471597,"relics_obtained":[{"floor":9,"key":"Bottled Tornado"},{"floor":11,"key":"Tough Bandages"},{"floor":13,"key":"Frozen Egg 2"},{"floor":24,"key":"Blood Vial"},{"floor":26,"key":"Toxic Egg 2"},{"floor":42,"key":"Bottled Lightning"},{"floor":48,"key":"Dead Branch"},{"floor":54,"key":"Happy Flower"}],"event_choices":[{"damage_healed":0,"gold_gain":0,"player_choice":"Leave","damage_taken":0,"max_hp_gain":0,"max_hp_loss":0,"event_name":"The Cleric","floor":2,"gold_loss":0},{"damage_healed":0,"gold_gain":0,"player_choice":"Donut","damage_taken":0,"max_hp_gain":5,"max_hp_loss":0,"event_name":"Big Fish","floor":5,"gold_loss":0},{"damage_healed":0,"gold_gain":0,"player_choice":"Ignored","damage_taken":0,"max_hp_gain":0,"max_hp_loss":0,"event_name":"Shining Light","floor":12,"gold_loss":0},{"damage_healed":0,"gold_gain":0,"player_choice":"Obtained Relic","damage_taken":0,"relics_obtained":["Anchor"],"max_hp_gain":0,"max_hp_loss":0,"event_name":"Addict","floor":21,"gold_loss":85},{"damage_healed":0,"gold_gain":0,"player_choice":"Shed Blood","damage_taken":19,"max_hp_gain":5,"max_hp_loss":0,"event_name":"Forgotten Altar","floor":22,"gold_loss":0},{"damage_healed":0,"gold_gain":0,"player_choice":"Gave Potion","damage_taken":0,"relics_obtained":["Regal Pillow"],"max_hp_gain":0,"max_hp_loss":0,"event_name":"WeMeetAgain","floor":40,"gold_loss":0},{"damage_healed":0,"gold_gain":0,"player_choice":"Fight","damage_taken":0,"max_hp_gain":0,"max_hp_loss":0,"event_name":"MindBloom","floor":48,"gold_loss":0}],"is_beta":false,"boss_relics":[{"not_picked":["Ectoplasm","Philosopher\u0027s Stone"],"picked":"Sozu"},{"not_picked":["Runic Dome","Runic Pyramid"],"picked":"Fusion Hammer"}],"items_purged_floors":[],"is_endless":false,"potions_floor_spawned":[1,4,10,13,20,24,29,33,37,41,54],"ascension_level":0}