{"path_per_floor":["M","M","?","?","$","R","E","R","T","M","M","?","?","E","R","B",null,"M","M","?","M","?","E","$","R","T","R","E","?","M","M","R","B",null,"M","?","?","?","M","E","M","?","T","M","R","$","R","M","R","B"],"character_chosen":"IRONCLAD","items_purchased":["Toxic Egg 2","True Grit","Blood Vial","True Grit","Inflame","AttackPotion","Art of War","Disarm","Evolve"],"gold_per_floor":[359,378,453,453,67,67,95,95,144,164,183,208,271,298,298,376,376,391,403,403,413,413,439,8,8,35,35,68,68,79,92,92,163,163,176,176,230,230,249,282,301,301,301,316,316,26,26,41,41,41],"floor_reached":51,"campfire_rested":2,"playtime":3448,"current_hp_per_floor":[66,61,50,55,55,55,25,25,25,31,37,41,29,27,51,11,63,68,65,65,53,53,39,39,39,39,39,38,38,32,40,40,46,82,72,72,74,90,87,57,51,51,51,51,51,51,51,58,97,60],"items_purged":["Pain","Strike_R"],"gold":41,"score":1387,"play_id":"1d1a1f04-0206-4753-ac5d-e3cc5b21aa20","local_time":"20180512092310","is_prod":false,"is_daily":false,"chose_seed":false,"is_ascension_mode":true,"campfire_upgraded":7,"timestamp":1526109790,"path_taken":["M","M","?","?","$","R","E","R","T","M","M","?","?","E","R","BOSS","M","M","?","M","?","E","$","R","T","R","E","?","M","M","R","BOSS","M","?","?","?","M","E","M","?","T","M","R","$","R","M","R","BOSS"],"build_version":"2018-05-10","seed_source_timestamp":171781240590171,"purchased_purges":2,"victory":true,"master_deck":["Strike_R+1","Strike_R+1","Strike_R+1","Strike_R+1","Defend_R+1","Defend_R+1","Defend_R+1","Defend_R+1","Bash+1","AscendersBane","Burning Pact+1","Body Slam+1","True Grit+1","Bludgeon+1","Shockwave+1","Battle Trance+1","Havoc+1","Impervious+1","Exhume+1","Dual Wield+1","Power Through+1","True Grit+1","Inflame+1","Metallicize+1","Flame Barrier+1","Offering+1","Pain","Parasite","Injury","Writhe","Second Wind+1","Feed","Uppercut+1","Disarm+1","Evolve+1","Feel No Pain"],"max_hp_per_floor":[75,75,75,80,80,80,80,80,80,80,80,80,80,80,80,80,80,80,80,80,80,80,80,80,80,80,80,80,80,80,80,80,80,90,90,90,90,90,90,97,97,97,97,97,97,97,97,97,97,97],"relics":["Burning Blood","Toxic Egg 2","Red Skull","Bronze Scales","Odd Mushroom","Ancient Tea Set","Bag of Preparation","Snecko Eye","Juzu Bracelet","Blood Vial","Prayer Wheel","Pen Nib","Calling Bell","Regal Pillow","Pear","Torii","Ice Cream","Strawberry","Oddly Smooth Stone","Art of War"],"card_choices":[{"not_picked":["Warcry","Feel No Pain"],"picked":"Burning Pact","floor":1},{"not_picked":["Second Wind","Clothesline"],"picked":"Body Slam","floor":2},{"not_picked":["Pommel Strike","Uppercut"],"picked":"Bludgeon","floor":7},{"not_picked":["Anger","Combust"],"picked":"Shockwave","floor":10},{"not_picked":["Body Slam","Havoc"],"picked":"Battle Trance","floor":12},{"not_picked":["Rage","Cleave"],"picked":"Havoc","floor":13},{"not_picked":["Headbutt","Clash"],"picked":"Impervious","floor":14},{"not_picked":["Double Tap","Brutality"],"picked":"Exhume","floor":16},{"not_picked":["Metallicize","Perfected Strike"],"picked":"Dual Wield","floor":18},{"not_picked":["Pommel Strike","Cleave"],"picked":"Power Through","floor":21},{"not_picked":["Thunderclap","Twin Strike"],"picked":"Metallicize","floor":28},{"not_picked":["Pommel Strike","Searing Blow"],"picked":"Flame Barrier","floor":30},{"not_picked":["Double Tap","Demon Form"],"picked":"Offering","floor":33},{"not_picked":["Pommel Strike","Body Slam"],"picked":"Second Wind","floor":39},{"not_picked":["Power Through","Wild Strike"],"picked":"Feed","floor":40},{"not_picked":["Thunderclap","Clash"],"picked":"Uppercut","floor":43},{"not_picked":["Thunderclap","Carnage"],"picked":"Feel No Pain","floor":48}],"player_experience":552431,"potions_floor_usage":[12,14,14,16,23,30,35,35,39,48,50],"damage_taken":[{"damage":8,"enemies":"Cultist","floor":1,"turns":3},{"damage":11,"enemies":"2 Louse","floor":2,"turns":4},{"damage":36,"enemies":"Gremlin Nob","floor":7,"turns":5},{"damage":0,"enemies":"Jaw Worm","floor":10,"turns":3},{"damage":0,"enemies":"Large Slime","floor":11,"turns":3},{"damage":2,"enemies":"The Mushroom Lair","floor":12,"turns":4},{"damage":18,"enemies":"3 Sentries","floor":13,"turns":6},{"damage":8,"enemies":"3 Sentries","floor":14,"turns":4},{"damage":46,"enemies":"Slime Boss","floor":16,"turns":9},{"damage":1,"enemies":"3 Byrds","floor":18,"turns":3},{"damage":9,"enemies":"Shell Parasite","floor":19,"turns":3},{"damage":18,"enemies":"3 Cultists","floor":21,"turns":6},{"damage":20,"enemies":"Book of Stabbing","floor":23,"turns":4},{"damage":9,"enemies":"Slavers","floor":28,"turns":5},{"damage":14,"enemies":"Snake Plant","floor":30,"turns":3},{"damage":0,"enemies":"Centurion and Healer","floor":31,"turns":5},{"damage":2,"enemies":"Champ","floor":33,"turns":5},{"damage":18,"enemies":"3 Darklings","floor":35,"turns":8},{"damage":6,"enemies":"Mysterious Sphere","floor":37,"turns":4},{"damage":9,"enemies":"3 Shapes","floor":39,"turns":4},{"damage":45,"enemies":"Giant Head","floor":40,"turns":8},{"damage":14,"enemies":"Flame Bruiser 2 Orb","floor":41,"turns":4},{"damage":8,"enemies":"3 Darklings","floor":44,"turns":4},{"damage":1,"enemies":"Spire Growth","floor":48,"turns":4},{"damage":43,"enemies":"Time Eater","floor":50,"turns":12}],"event_choices":[{"event_name":"World of Goop","player_choice":"Gather Gold","floor":3,"damage_taken":0},{"event_name":"Big Fish","player_choice":"Donut","floor":4,"damage_taken":0},{"event_name":"Mushrooms","player_choice":"Fought Mushrooms","floor":12,"damage_taken":0},{"event_name":"Dead Adventurer","player_choice":"Searched \u00272\u0027 times","floor":13,"damage_taken":0},{"event_name":"Drug Dealer","player_choice":"Ignored","floor":20,"damage_taken":0},{"event_name":"Back to Basics","player_choice":"Simplicity","floor":22,"damage_taken":0},{"event_name":"Vampires","player_choice":"Ignored","floor":29,"damage_taken":0},{"event_name":"Upgrade Shrine","player_choice":"Upgraded","floor":36,"damage_taken":0},{"event_name":"Mysterious Sphere","player_choice":"Fight","floor":37,"damage_taken":0},{"event_name":"Winding Halls","player_choice":"Writhe","floor":38,"damage_taken":0},{"event_name":"SensoryStone","player_choice":"Memory 1","floor":42,"damage_taken":0}],"boss_relics":[{"not_picked":["Orrery","Eternal Feather"],"picked":"Snecko Eye"},{"not_picked":["Runic Pyramid","White Beast Statue"],"picked":"Calling Bell"}],"potions_floor_spawned":[7,13,13,14,19,23,28,30,31,40,41],"seed_played":"-4039670026773417280","ascension_level":14,"is_trial":false}