{"gold_per_floor":[114,129,144,159,9,39,39,69,69,44,44,74,89,139,139,239,239,254,254,269,269,284,284,32,32,32,47,77,77,92,10,10,110,110,125,125,155,10,25,25,25,55,55,80,110,125,75,75],"floor_reached":48,"playtime":2640,"items_purged":["Normality"],"score":831,"play_id":"c16437b6-47cc-4864-9fa4-a89b32e52b56","local_time":"20190303224506","daily_mods":["Cursed Run","Flight","DeadlyEvents"],"is_ascension_mode":false,"campfire_choices":[{"floor":15,"key":"REST"},{"data":"1","floor":23,"key":"LIFT"},{"data":"Mayhem","floor":29,"key":"SMITH"},{"floor":32,"key":"REST"},{"floor":40,"key":"REST"},{"data":"Creative AI","floor":41,"key":"SMITH"}],"neow_cost":"","seed_source_timestamp":13499209732985,"circlet_count":0,"master_deck":["Zap","Dualcast+1","Cold Snap","Ball Lightning","Chill","Stack","Beam Cell","Rainbow","Go for the Eyes","Defragment","Steam Power+1","Injury","Doubt","Core Surge","Parasite","Regret","Parasite","Streamline","Necronomicurse","Sweeping Beam+1","Parasite","Reprogram+1","Mayhem+1","Heatsinks","Coolheaded+1","Regret","Normality","Consume+1","Blizzard+1","Multi-Cast+1","Self Repair","Compile Driver+1","Normality","Biased Cognition","Go for the Eyes+1","FTL+1","Seek+1","Redo+1","Recycle+1","Gash+1","Stack+1","Core Surge+1","Turbo+1","Decay","Streamline+1","Creative AI+1","White Noise+1","Redo+1","Injury","Pain","Chaos+1","Loop+1"],"special_seed":17958,"relics":["Cursed Key","Darkstone Periapt","Du-Vu Doll","Blood Vial","Question Card","NlothsMask","Bag of Preparation","Mercury Hourglass","Pantograph","Potion Belt","Calling Bell","Happy Flower","Toxic Egg 2","Girya","Necronomicon","Molten Egg 2","Oddly Smooth Stone","Matryoshka","Pen Nib","Pandora\u0027s Box","Ornamental Fan","Meat on the Bone","Bag of Marbles","Frozen Egg 2","Smiling Mask","War Paint","Orichalcum"],"potions_floor_usage":[28,33,37,37,37,42,42,45,45],"damage_taken":[{"damage":3,"enemies":"Cultist","floor":1,"turns":5},{"damage":3,"enemies":"2 Louse","floor":2,"turns":3},{"damage":0,"enemies":"Small Slimes","floor":3,"turns":3},{"damage":6,"enemies":"Red Slaver","floor":4,"turns":3},{"damage":13,"enemies":"3 Sentries","floor":6,"turns":7},{"damage":21,"enemies":"Gremlin Nob","floor":8,"turns":4},{"damage":1,"enemies":"Lagavulin","floor":12,"turns":4},{"damage":0,"enemies":"2 Fungi Beasts","floor":13,"turns":2},{"damage":39,"enemies":"The Guardian","floor":16,"turns":8},{"damage":5,"enemies":"Shell Parasite","floor":18,"turns":4},{"damage":20,"enemies":"2 Thieves","floor":20,"turns":4},{"damage":15,"enemies":"3 Cultists","floor":22,"turns":5},{"damage":19,"enemies":"Snake Plant","floor":27,"turns":2},{"damage":40,"enemies":"Slavers","floor":28,"turns":4},{"damage":2,"enemies":"Snecko","floor":30,"turns":3},{"damage":72,"enemies":"Automaton","floor":33,"turns":9},{"damage":19,"enemies":"3 Shapes","floor":35,"turns":3},{"damage":81,"enemies":"Reptomancer","floor":37,"turns":5},{"damage":15,"enemies":"3 Darklings","floor":39,"turns":2},{"damage":70,"enemies":"Nemesis","floor":42,"turns":7},{"damage":30,"enemies":"Giant Head","floor":45,"turns":6},{"damage":19,"enemies":"4 Shapes","floor":46,"turns":3},{"damage":33,"enemies":"Sphere and 2 Shapes","floor":48,"turns":3}],"seed_played":"-270384257363861475","potions_obtained":[{"floor":3,"key":"Dexterity Potion"},{"floor":6,"key":"Energy Potion"},{"floor":12,"key":"Swift Potion"},{"floor":22,"key":"FearPotion"},{"floor":28,"key":"SteroidPotion"},{"floor":30,"key":"Ancient Potion"},{"floor":33,"key":"Weak Potion"},{"floor":37,"key":"PowerPotion"},{"floor":39,"key":"FocusPotion"},{"floor":42,"key":"PowerPotion"},{"floor":45,"key":"Dexterity Potion"}],"is_trial":false,"path_per_floor":["M","M","M","M","$","E","?","E","T","$","?","E","M","T","R","B",null,"M","?","M","T","M","R","$","T","T","M","E","R","M","$","R","B",null,"M","?","E","$","M","R","R","E","T","T","E","M","$","M"],"character_chosen":"DEFECT","items_purchased":["Blood Vial","Go for the Eyes","Mayhem","Heatsinks","Coolheaded+1","Self Repair","Compile Driver+1","Creative AI"],"campfire_rested":3,"item_purchase_floors":[5,10,24,24,24,31,31,38],"current_hp_per_floor":[72,69,69,63,63,52,52,33,39,39,39,40,42,48,74,54,111,106,96,78,84,71,71,71,77,83,66,28,28,28,28,68,36,141,129,135,63,63,50,94,94,33,39,45,36,31,31,0],"gold":75,"neow_bonus":"","is_prod":false,"is_daily":true,"chose_seed":false,"campfire_upgraded":2,"win_rate":0.0,"timestamp":1551620706,"path_taken":["M","?","M","M","$","E","?","?","T","?","?","?","M","?","R","BOSS","M","?","M","?","?","R","$","?","T","M","?","R","M","?","R","BOSS","M","?","?","?","?","R","R","?","T","?","?","?","$","?"],"build_version":"2019-01-23","purchased_purges":1,"victory":false,"max_hp_per_floor":[75,75,75,75,75,75,75,75,81,81,81,81,81,87,87,93,111,111,117,117,123,123,123,123,129,135,135,135,135,135,135,135,141,141,141,147,147,147,147,147,147,147,153,159,159,159,159,159],"card_choices":[{"not_picked":["Rebound","Hologram"],"picked":"Cold Snap","floor":1},{"not_picked":["Streamline","Undo"],"picked":"Ball Lightning","floor":2},{"not_picked":["Steam","Sweeping Beam"],"picked":"Chill","floor":3},{"not_picked":["Blizzard","Turbo"],"picked":"Stack","floor":4},{"not_picked":["Conserve Battery","Rebound"],"picked":"Beam Cell","floor":6},{"not_picked":["Sunder","Sweeping Beam","Undo"],"picked":"Rainbow","floor":8},{"not_picked":["Static Discharge","Ball Lightning","Sunder"],"picked":"Defragment","floor":12},{"not_picked":["Steam","Gash","Beam Cell"],"picked":"Steam Power","floor":13},{"not_picked":["Thunder Strike","Buffer","Machine Learning"],"picked":"Core Surge","floor":16},{"not_picked":["Compile Driver","Stack+1","Sweeping Beam"],"picked":"Streamline","floor":18},{"not_picked":["Blizzard","Cold Snap+1","Auto Shields+1"],"picked":"Sweeping Beam+1","floor":20},{"not_picked":["Barrage+1","Thunder Strike+1","Steam+1"],"picked":"Reprogram+1","floor":22},{"not_picked":["Coolheaded+1","Ball Lightning+1","Hologram+1"],"picked":"Consume+1","floor":27},{"not_picked":["Ball Lightning+1","Turbo+1","Rebound+1"],"picked":"Blizzard+1","floor":28},{"not_picked":["Darkness+1","FTL+1","Streamline+1"],"picked":"Multi-Cast+1","floor":30},{"not_picked":["All For One+1","Electrodynamics","Meteor Strike+1"],"picked":"Biased Cognition","floor":33},{"not_picked":["BootSequence+1","Skim+1","Cold Snap+1"],"picked":"Turbo+1","floor":35},{"not_picked":["Turbo+1","Rebound+1","Redo+1"],"picked":"Streamline+1","floor":37},{"not_picked":["Rebound+1","Rip and Tear+1","Turbo+1"],"picked":"White Noise+1","floor":39},{"not_picked":["Streamline+1","Compile Driver+1","Stack+1"],"picked":"Redo+1","floor":42},{"not_picked":["Go for the Eyes+1","Ball Lightning+1","Aggregate+1"],"picked":"Chaos+1","floor":45},{"not_picked":["Barrage+1","Static Discharge+1","Redo+1"],"picked":"Loop+1","floor":46}],"player_experience":38798,"relics_obtained":[{"floor":6,"key":"Question Card"},{"floor":8,"key":"Bag of Preparation"},{"floor":12,"key":"Pantograph"},{"floor":14,"key":"Potion Belt"},{"floor":17,"key":"Happy Flower"},{"floor":17,"key":"Toxic Egg 2"},{"floor":17,"key":"Girya"},{"floor":19,"key":"Necronomicon"},{"floor":21,"key":"Molten Egg 2"},{"floor":25,"key":"Oddly Smooth Stone"},{"floor":26,"key":"Matryoshka"},{"floor":28,"key":"Pen Nib"},{"floor":37,"key":"Ornamental Fan"},{"floor":42,"key":"Meat on the Bone"},{"floor":43,"key":"Bag of Marbles"},{"floor":43,"key":"Frozen Egg 2"},{"floor":44,"key":"Smiling Mask"},{"floor":44,"key":"War Paint"},{"floor":45,"key":"Orichalcum"}],"event_choices":[{"damage_healed":0,"gold_gain":0,"player_choice":"Trade","damage_taken":0,"relics_obtained":["NlothsMask"],"max_hp_gain":0,"max_hp_loss":0,"event_name":"FaceTrader","floor":7,"gold_loss":0},{"damage_healed":0,"gold_gain":0,"player_choice":"Gave Potion","damage_taken":0,"relics_obtained":["Mercury Hourglass"],"max_hp_gain":0,"max_hp_loss":0,"event_name":"WeMeetAgain","floor":11,"gold_loss":0},{"damage_healed":0,"gold_gain":0,"player_choice":"Obtained Book","damage_taken":16,"max_hp_gain":0,"max_hp_loss":0,"event_name":"Cursed Tome","floor":19,"gold_loss":0},{"damage_healed":0,"gold_gain":0,"player_choice":"Cursed","damage_taken":0,"max_hp_gain":0,"max_hp_loss":0,"event_name":"Wheel of Change","floor":36,"gold_loss":0,"cards_obtained":["Decay"]}],"is_beta":false,"boss_relics":[{"not_picked":["Ectoplasm","Lizard Tail"],"picked":"Calling Bell"},{"not_picked":["Philosopher\u0027s Stone","Orrery"],"picked":"Pandora\u0027s Box"}],"items_purged_floors":[47],"is_endless":false,"potions_floor_spawned":[3,6,12,22,28,30,33,37,39,42,45],"killed_by":"Sphere and 2 Shapes","ascension_level":0}