{"gold_per_floor":[115,129,145,145,122,137,150,150,150,180,180,213,213,253,253,384,384,400,400,400,423,423,423,439,439,439,472,497,497,497,497,497,497],"floor_reached":33,"playtime":1327,"items_purged":[],"score":297,"play_id":"05e3c70d-294e-4d8d-afcf-b38ba6d493fa","local_time":"20190228234557","is_ascension_mode":true,"campfire_choices":[{"data":"Body Slam","floor":8.0,"key":"SMITH"},{"floor":15.0,"key":"REST"},{"data":"Body Slam","floor":23.0,"key":"SMITH"},{"floor":25.0,"key":"REST"},{"floor":32.0,"key":"REST"}],"neow_cost":"NONE","seed_source_timestamp":1393215204083438,"circlet_count":0,"master_deck":["Strike_R","Strike_R","Strike_R","Strike_R","Strike_R","Defend_R","Defend_R","Defend_R","Shrug It Off","Heavy Blade","Shrug It Off+1","Body Slam+1","Spot Weakness","Entrench","Cleave","Flex","Double Tap","Body Slam","Cleave","Body Slam+1","Double Tap","Heavy Blade+1","Spot Weakness"],"special_seed":0,"relics":["Black Blood","Omamori","Sundial","The Courier","Golden Idol","Kunai","Boot","Letter Opener","Pen Nib","Juzu Bracelet"],"potions_floor_usage":[33],"damage_taken":[{"damage":0.0,"enemies":"2 Louse","floor":1.0,"turns":2.0},{"damage":6.0,"enemies":"Cultist","floor":2.0,"turns":4.0},{"damage":1.0,"enemies":"Jaw Worm","floor":3.0,"turns":4.0},{"damage":2.0,"enemies":"Large Slime","floor":6.0,"turns":6.0},{"damage":10.0,"enemies":"Exordium Wildlife","floor":7.0,"turns":6.0},{"damage":21.0,"enemies":"Gremlin Nob","floor":10.0,"turns":6.0},{"damage":29.0,"enemies":"3 Sentries","floor":12.0,"turns":8.0},{"damage":29.0,"enemies":"Gremlin Nob","floor":14.0,"turns":4.0},{"damage":55.0,"enemies":"The Guardian","floor":16.0,"turns":19.0},{"damage":32.0,"enemies":"2 Thieves","floor":18.0,"turns":5.0},{"damage":6.0,"enemies":"Spheric Guardian","floor":21.0,"turns":5.0},{"damage":36.0,"enemies":"Shelled Parasite and Fungi","floor":24.0,"turns":7.0},{"damage":35.0,"enemies":"Slavers","floor":27.0,"turns":4.0},{"damage":9.0,"enemies":"3 Cultists","floor":28.0,"turns":5.0},{"damage":81,"enemies":"Champ","floor":33,"turns":10}],"seed_played":"-5759136531239003064","potions_obtained":[{"floor":6.0,"key":"EssenceOfSteel"},{"floor":7.0,"key":"SkillPotion"},{"floor":12.0,"key":"SkillPotion"},{"floor":18.0,"key":"Strength Potion"},{"floor":27.0,"key":"Block Potion"},{"floor":28.0,"key":"SkillPotion"}],"is_trial":false,"path_per_floor":["M","M","M","?","$","M","M","R","T","E","?","E","?","E","R","B",null,"M","?","?","M","?","R","M","R","T","E","M","T","?","?","R","B"],"character_chosen":"IRONCLAD","items_purchased":["Body Slam"],"campfire_rested":3,"item_purchase_floors":[5],"current_hp_per_floor":[80,80,80,80,80,80,76,76,76,61,61,38,58,35,59,10,80,58,58,58,62,62,62,36,60,60,35,36,36,36,36,60,0],"gold":497,"neow_bonus":"RANDOM_COMMON_RELIC","is_prod":false,"is_daily":false,"chose_seed":false,"campfire_upgraded":2,"win_rate":0,"timestamp":1551415557,"path_taken":["M","M","M","?","$","M","?","R","T","E","?","E","?","E","R","BOSS","M","?","?","?","?","R","?","R","T","E","M","?","?","?","R","BOSS"],"build_version":"2019-01-23","purchased_purges":0,"victory":false,"max_hp_per_floor":[80,80,80,80,80,80,80,80,80,80,80,80,80,80,80,80,80,80,80,80,80,80,80,80,80,80,80,80,80,80,80,80,80],"card_choices":[{"not_picked":["Twin Strike","Wild Strike"],"picked":"Shrug It Off","floor":1.0},{"not_picked":["Entrench","Sword Boomerang"],"picked":"Heavy Blade","floor":2.0},{"not_picked":["Perfected Strike","Hemokinesis"],"picked":"Shrug It Off","floor":3.0},{"not_picked":["Whirlwind","Anger"],"picked":"Spot Weakness","floor":6.0},{"not_picked":["Shrug It Off","Perfected Strike"],"picked":"Entrench","floor":7.0},{"not_picked":["Wild Strike","Thunderclap"],"picked":"Cleave","floor":10.0},{"not_picked":["Twin Strike","Demon Form","Pommel Strike"],"picked":"SKIP","floor":12.0},{"not_picked":["Wild Strike","Corruption"],"picked":"Flex","floor":14.0},{"not_picked":["Demon Form","Brutality"],"picked":"Double Tap","floor":16.0},{"not_picked":["Headbutt","Perfected Strike"],"picked":"Body Slam","floor":18.0},{"not_picked":["Perfected Strike","Disarm"],"picked":"Body Slam","floor":21.0},{"not_picked":["Thunderclap","Havoc","Twin Strike"],"picked":"SKIP","floor":24.0},{"not_picked":["Battle Trance","Cleave"],"picked":"Double Tap","floor":27.0},{"not_picked":["Cleave+1","Carnage"],"picked":"Heavy Blade+1","floor":28.0}],"player_experience":499137,"relics_obtained":[{"floor":9.0,"key":"Sundial"},{"floor":10.0,"key":"The Courier"},{"floor":12.0,"key":"Kunai"},{"floor":14.0,"key":"Boot"},{"floor":26.0,"key":"Letter Opener"},{"floor":27.0,"key":"Pen Nib"},{"floor":29.0,"key":"Juzu Bracelet"}],"event_choices":[{"damage_healed":0.0,"max_hp_gain":0.0,"max_hp_loss":0.0,"gold_gain":0.0,"event_name":"Accursed Blacksmith","player_choice":"Forge","floor":4.0,"gold_loss":0.0,"damage_taken":0.0,"cards_upgraded":["Shrug It Off"]},{"damage_healed":0.0,"max_hp_gain":0.0,"max_hp_loss":0.0,"gold_gain":0.0,"event_name":"Golden Idol","player_choice":"Take Wound","floor":11.0,"gold_loss":0.0,"damage_taken":0.0,"relics_obtained":["Golden Idol"],"cards_obtained":["Injury"]},{"damage_healed":20.0,"max_hp_gain":0.0,"max_hp_loss":0.0,"gold_gain":0.0,"event_name":"Mushrooms","player_choice":"Healed and dodged fight","floor":13.0,"gold_loss":0.0,"damage_taken":0.0,"cards_obtained":["Parasite"]},{"cards_removed":["Bash"],"damage_healed":0.0,"max_hp_gain":0.0,"max_hp_loss":0.0,"gold_gain":0.0,"event_name":"Back to Basics","player_choice":"Elegance","floor":19.0,"gold_loss":0.0,"damage_taken":0.0},{"damage_healed":0.0,"max_hp_gain":0.0,"max_hp_loss":0.0,"gold_gain":0.0,"cards_transformed":["Defend_R"],"event_name":"Transmorgrifier","player_choice":"Transformed","floor":20.0,"gold_loss":0.0,"damage_taken":0.0,"cards_obtained":["Cleave"]},{"damage_healed":0.0,"max_hp_gain":0.0,"max_hp_loss":0.0,"gold_gain":0.0,"event_name":"The Woman in Blue","player_choice":"Bought 0 Potions","floor":22.0,"gold_loss":0.0,"damage_taken":0.0},{"damage_healed":0.0,"max_hp_gain":0.0,"max_hp_loss":0.0,"gold_gain":0.0,"event_name":"Vampires","player_choice":"Ignored","floor":30.0,"gold_loss":0.0,"damage_taken":0.0},{"damage_healed":0.0,"max_hp_gain":0.0,"max_hp_loss":0.0,"gold_gain":0.0,"event_name":"Duplicator","player_choice":"Copied","floor":31.0,"gold_loss":0.0,"damage_taken":0.0,"cards_obtained":["Spot Weakness"]}],"is_beta":false,"boss_relics":[{"not_picked":["Eternal Feather","Tiny House"],"picked":"Black Blood"}],"items_purged_floors":[],"is_endless":false,"potions_floor_spawned":[6,7,12,18,27,28],"killed_by":"Champ","ascension_level":1}