{"gold_per_floor":[117,31,31,31,45,45,76,76,101,130,130,149,163,33,33,112,112,125,145,165,191,207,207,234,234,234,245,6,37,37,72,72,149,149,168,138,154,154,51,51,79,89,89,89,118,118,146,1,1,1],"floor_reached":51,"playtime":3479,"items_purged":["Strike_B","Strike_B"],"score":1398,"play_id":"ce01b9a1-59c0-4b29-863a-2b8c8926bd41","local_time":"20180924213412","is_ascension_mode":true,"campfire_choices":[{"data":"Zap","floor":6,"key":"SMITH"},{"data":"Fission","floor":8,"key":"SMITH"},{"floor":11,"key":"REST"},{"data":"Defragment","floor":15,"key":"SMITH"},{"floor":23,"key":"REST"},{"floor":25,"key":"REST"},{"data":"Creative AI","floor":30,"key":"SMITH"},{"floor":32,"key":"REST"},{"floor":40,"key":"REST"},{"data":"Go for the Eyes","floor":44,"key":"SMITH"},{"floor":46,"key":"REST"},{"floor":49,"key":"REST"}],"neow_cost":"TEN_PERCENT_HP_LOSS","seed_source_timestamp":8080113084391,"circlet_count":0,"master_deck":["Strike_B","Strike_B","Defend_B","Defend_B","Defend_B","Defend_B","Zap+1","Dualcast","AscendersBane","Hologram","Barrage","Sweeping Beam","Go for the Eyes+1","Fission+1","White Noise","Chaos","Cold Snap","Capacitor","Defragment+1","Seek","Sunder","Self Repair","Ball Lightning","Reinforced Body","Creative AI+1","Rip and Tear+1","Hologram","Genetic Algorithm","Electrodynamics","All For One","Chaos+1","Cold Snap+1","Leap","Compile Driver","Doubt","Stack","Coolheaded+1","Barrage"],"relics":["Cracked Core","Emotion Chip","The Courier","Blood Vial","Ornamental Fan","Nuclear Battery","Orichalcum","Regal Pillow","Mercury Hourglass","Strange Spoon","Bag of Preparation","Happy Flower","Cursed Key","Girya","Ginger","Strawberry","Anchor"],"potions_floor_usage":[7,22,24,29,29,41,41,42,50],"damage_taken":[{"damage":0,"enemies":"Cultist","floor":1,"turns":4},{"damage":7,"enemies":"Small Slimes","floor":5,"turns":3},{"damage":17,"enemies":"Lagavulin","floor":7,"turns":7},{"damage":12,"enemies":"3 Sentries","floor":10,"turns":3},{"damage":8,"enemies":"2 Louse","floor":12,"turns":2},{"damage":4,"enemies":"2 Fungi Beasts","floor":13,"turns":3},{"damage":21,"enemies":"Hexaghost","floor":16,"turns":10},{"damage":14,"enemies":"2 Thieves","floor":18,"turns":3},{"damage":2,"enemies":"Chosen","floor":19,"turns":4},{"damage":19,"enemies":"Sentry and Sphere","floor":20,"turns":8},{"damage":27,"enemies":"Snake Plant","floor":22,"turns":6},{"damage":5,"enemies":"Gremlin Leader","floor":24,"turns":9},{"damage":12,"enemies":"Centurion and Healer","floor":27,"turns":5},{"damage":28,"enemies":"Slavers","floor":29,"turns":3},{"damage":31,"enemies":"Book of Stabbing","floor":31,"turns":6},{"damage":50,"enemies":"Automaton","floor":33,"turns":7},{"damage":12,"enemies":"Orb Walker","floor":35,"turns":3},{"damage":17,"enemies":"3 Darklings","floor":37,"turns":5},{"damage":36,"enemies":"2 Orb Walkers","floor":41,"turns":4},{"damage":2,"enemies":"Reptomancer","floor":42,"turns":6},{"damage":37,"enemies":"Nemesis","floor":45,"turns":8},{"damage":26,"enemies":"Giant Head","floor":47,"turns":8},{"damage":21,"enemies":"Donu and Deca","floor":50,"turns":9}],"seed_played":"5045085069356716603","potions_obtained":[{"floor":5,"key":"Fire Potion"},{"floor":12,"key":"GamblersBrew"},{"floor":13,"key":"Block Potion"},{"floor":24,"key":"Poison Potion"},{"floor":27,"key":"Explosive Potion"},{"floor":33,"key":"GamblersBrew"},{"floor":36,"key":"SkillPotion"},{"floor":42,"key":"Fruit Juice"},{"floor":47,"key":"SmokeBomb"}],"is_trial":false,"path_per_floor":["M","$","?","?","M","R","E","R","T","E","R","M","M","$","R","B",null,"M","M","M","T","M","R","E","R","T","M","$","E","R","E","R","B",null,"M","?","M","?","$","R","E","M","T","R","E","R","E","$","R","B"],"character_chosen":"DEFECT","items_purchased":["Barrage","Sweeping Beam","Capacitor","Defragment","Strange Spoon","Hologram","Leap","Swift Potion","Barrage"],"campfire_rested":7,"item_purchase_floors":[2,2,14,14,28,28,39,48,48],"current_hp_per_floor":[64,64,64,64,57,57,40,40,40,30,49,43,41,41,41,22,54,42,42,32,32,7,26,30,64,64,59,59,40,40,18,52,11,51,41,41,33,33,33,64,42,54,54,54,33,70,53,53,76,55],"gold":1,"neow_bonus":"ONE_RARE_RELIC","is_prod":false,"is_daily":false,"chose_seed":false,"campfire_upgraded":5,"win_rate":0,"timestamp":1537817652,"path_taken":["M","$","?","?","M","R","E","R","T","E","R","M","M","?","R","BOSS","M","?","M","?","?","R","E","R","T","?","$","E","R","E","R","BOSS","M","?","M","?","$","R","E","M","T","R","E","R","E","$","R","BOSS"],"build_version":"2018-09-20","purchased_purges":2,"victory":true,"max_hp_per_floor":[64,64,64,64,64,64,64,64,64,64,64,64,64,64,64,64,64,64,64,64,64,64,64,64,64,64,64,64,64,64,64,64,64,64,64,64,64,64,64,64,64,69,69,69,76,76,76,76,76,76],"card_choices":[{"not_picked":["Steam","Coolheaded"],"picked":"Hologram","floor":1},{"not_picked":["Rip and Tear","Redo"],"picked":"Go for the Eyes","floor":5},{"not_picked":["Fusion","Cold Snap"],"picked":"Fission","floor":7},{"not_picked":["Leap","Go for the Eyes"],"picked":"White Noise","floor":10},{"not_picked":["Force Field","Beam Cell"],"picked":"Chaos","floor":12},{"not_picked":["Rebound","Darkness"],"picked":"Cold Snap","floor":13},{"not_picked":["Hyperbeam","Fission"],"picked":"Seek","floor":16},{"not_picked":["Consume","Rebound"],"picked":"Sunder","floor":18},{"not_picked":["Steam Power","Loop"],"picked":"Self Repair","floor":19},{"not_picked":["Recycle","Beam Cell"],"picked":"Ball Lightning","floor":20},{"not_picked":["Streamline+1","Beam Cell"],"picked":"Reinforced Body","floor":22},{"not_picked":["Doom and Gloom","Fusion"],"picked":"Creative AI","floor":24},{"not_picked":["Self Repair","Cold Snap"],"picked":"Rip and Tear+1","floor":27},{"not_picked":["Static Discharge","Ball Lightning"],"picked":"Genetic Algorithm","floor":29},{"not_picked":["Auto Shields","Chaos"],"picked":"Electrodynamics","floor":31},{"not_picked":["Multi-Cast","Fission"],"picked":"All For One","floor":33},{"not_picked":["Doom and Gloom","Cold Snap+1"],"picked":"Chaos+1","floor":35},{"not_picked":["Coolheaded","Leap"],"picked":"Cold Snap+1","floor":37},{"not_picked":["Steam","Rebound"],"picked":"Compile Driver","floor":41},{"not_picked":["Barrage","Lockon","Gash"],"picked":"SKIP","floor":42},{"not_picked":["Chaos+1","Gash"],"picked":"Stack","floor":45},{"not_picked":["Double Energy+1","Genetic Algorithm"],"picked":"Coolheaded+1","floor":47}],"player_experience":980334,"relics_obtained":[{"floor":7,"key":"The Courier"},{"floor":9,"key":"Blood Vial"},{"floor":10,"key":"Ornamental Fan"},{"floor":21,"key":"Orichalcum"},{"floor":24,"key":"Regal Pillow"},{"floor":26,"key":"Mercury Hourglass"},{"floor":29,"key":"Bag of Preparation"},{"floor":31,"key":"Happy Flower"},{"floor":41,"key":"Girya"},{"floor":43,"key":"Ginger"},{"floor":45,"key":"Strawberry"},{"floor":47,"key":"Anchor"}],"event_choices":[{"event_name":"Scrap Ooze","player_choice":"unsuccessful","floor":3,"damage_taken":0},{"event_name":"The Cleric","player_choice":"Leave","floor":4,"damage_taken":0},{"event_name":"The Woman in Blue","player_choice":"Bought 2 Potions","floor":36,"damage_taken":0},{"event_name":"Tomb of Lord Red Mask","player_choice":"Ignored","floor":38,"damage_taken":0}],"is_beta":false,"boss_relics":[{"not_picked":["Ectoplasm","Snecko Eye"],"picked":"Nuclear Battery"},{"not_picked":["Astrolabe","Runic Pyramid"],"picked":"Cursed Key"}],"items_purged_floors":[39,48],"is_endless":false,"potions_floor_spawned":[5,12,13,16,20,24,27,33,37,42,47],"ascension_level":16}