{"path_per_floor":["M","?","?","T","M","R","M","?","T","R","$","?","E","$","R","B",null,"M","?","?","?","M","R","$","R","T","M","R","M","E","M","R","B",null,"M","?","M","?","?","E","R","M","T","M","M","?","M","M","R","B"],"character_chosen":"DEFECT","items_purchased":["DataDisk","Defragment","War Paint"],"gold_per_floor":[114,114,114,114,133,133,144,144,144,144,1,176,203,60,60,164,164,184,184,211,361,380,380,135,135,135,153,153,168,199,216,216,316,316,330,377,388,388,388,416,416,430,456,467,487,709,728,739,739,739],"floor_reached":51,"campfire_rested":3,"playtime":1943,"item_purchase_floors":[11,14,24],"current_hp_per_floor":[65,65,65,65,65,65,70,70,70,70,70,70,64,64,64,22,80,80,80,44,44,29,53,53,77,77,80,80,78,80,77,77,60,86,88,84,73,73,63,47,74,92,92,94,94,94,96,96,96,43],"items_purged":["Strike_B","Doubt"],"gold":739,"score":795,"play_id":"2e79bd02-4129-405f-af10-82ad69d696ee","local_time":"20180611192439","is_prod":false,"is_daily":false,"chose_seed":false,"is_ascension_mode":false,"campfire_upgraded":6,"win_rate":0,"timestamp":1528709079,"campfire_choices":[{"data":"Zap","floor":6,"key":"SMITH"},{"data":"Dualcast","floor":10,"key":"SMITH"},{"data":"Defragment","floor":15,"key":"SMITH"},{"floor":23,"key":"REST"},{"floor":25,"key":"REST"},{"data":"Defragment","floor":28,"key":"SMITH"},{"data":"Static Discharge","floor":32,"key":"SMITH"},{"floor":41,"key":"REST"},{"data":"Creative AI","floor":49,"key":"SMITH"}],"path_taken":["M","?","?","?","?","R","M","?","T","R","?","?","E","$","R","BOSS","M","?","?","?","M","R","$","R","T","?","R","M","E","M","R","BOSS","M","?","M","?","?","E","R","M","T","M","?","?","M","M","R","BOSS"],"build_version":"2018-06-08","seed_source_timestamp":26095269404072,"purchased_purges":2,"victory":true,"master_deck":["Strike_B","Strike_B","Defend_B+1","Defend_B","Defend_B","Defend_B","Zap+1","Dualcast+1","Amplify","Self Repair","Auto Shields+1","Core Surge+1","Static Discharge+1","Leap","Defragment+1","Electrodynamics","Defragment+1","Self Repair+1","Hello World","Cold Snap","Blizzard+1","Creative AI+1","Heatsinks+1","Static Discharge+1","Storm+1","Flash of Steel","Panache","Dramatic Entrance","Heatsinks","Conserve Battery+1"],"max_hp_per_floor":[75,75,75,75,75,75,75,75,75,75,75,75,80,80,80,80,80,80,80,80,80,80,80,80,80,80,80,80,80,80,80,80,82,86,88,88,88,88,88,90,90,92,92,94,94,94,96,96,96,96],"relics":["Cracked Core","Vajra","Bottled Lightning","DataDisk","Toolbox","Sozu","Red Mask","War Paint","Du-Vu Doll","Singing Bowl","Orrery","Ice Cream","Orichalcum","Regal Pillow"],"card_choices":[{"not_picked":["Melter","Redo"],"picked":"Self Repair","floor":1},{"not_picked":["Steam","Melter"],"picked":"Static Discharge","floor":5},{"not_picked":["Sunder","Double Energy","FTL"],"picked":"SKIP","floor":7},{"not_picked":["Rip and Tear","Lockon"],"picked":"Leap","floor":13},{"not_picked":["Machine Learning","All For One"],"picked":"Electrodynamics","floor":16},{"not_picked":["Hologram","Go for the Eyes+1","Turbo"],"picked":"SKIP","floor":18},{"not_picked":["Beam Cell","Redo"],"picked":"Defragment","floor":22},{"not_picked":["Sweeping Beam","Tempest+1","Turbo"],"picked":"SKIP","floor":27},{"not_picked":["Sweeping Beam","FTL"],"picked":"Self Repair+1","floor":29},{"not_picked":["Glacier+1","Reboot"],"picked":"Hello World","floor":30},{"not_picked":["Barrage","Turbo"],"picked":"Cold Snap","floor":31},{"not_picked":["Rainbow","Fission","Electrodynamics"],"picked":"Singing Bowl","floor":33},{"not_picked":["Beam Cell","Barrage+1","Conserve Battery"],"picked":"Singing Bowl","floor":34},{"not_picked":["Rip and Tear+1","Stack","Undo"],"picked":"Singing Bowl","floor":34},{"not_picked":["Gash","Leap"],"picked":"Blizzard+1","floor":34},{"not_picked":["Ball Lightning","Streamline"],"picked":"Creative AI","floor":34},{"not_picked":["Compile Driver","Barrage"],"picked":"Heatsinks+1","floor":34},{"not_picked":["Sunder","Hologram+1","Stack+1"],"picked":"Singing Bowl","floor":35},{"not_picked":["Coolheaded","Beam Cell+1"],"picked":"Static Discharge+1","floor":36},{"not_picked":["Stack+1","Compile Driver"],"picked":"Storm+1","floor":37},{"not_picked":["Panacea","Transmutation"],"picked":"Flash of Steel","floor":39},{"not_picked":["Transmutation","Panacea"],"picked":"Panache","floor":39},{"not_picked":["Finesse","Trip"],"picked":"Dramatic Entrance","floor":39},{"not_picked":["Tempest","Barrage+1","Steam"],"picked":"Singing Bowl","floor":40},{"not_picked":["Streamline","Turbo","Rip and Tear"],"picked":"Singing Bowl","floor":42},{"not_picked":["Turbo+1","Darkness+1","Coolheaded"],"picked":"Singing Bowl","floor":44},{"not_picked":["Gash","Ball Lightning"],"picked":"Heatsinks","floor":45},{"not_picked":["Barrage+1","Beam Cell+1","Conserve Battery"],"picked":"Singing Bowl","floor":47},{"not_picked":["Auto Shields+1","All For One"],"picked":"Conserve Battery+1","floor":48}],"player_experience":395882,"potions_floor_usage":[13,13,13,16],"damage_taken":[{"damage":10,"enemies":"Jaw Worm","floor":1,"turns":4},{"damage":0,"enemies":"Cultist","floor":5,"turns":2},{"damage":2,"enemies":"2 Louse","floor":7,"turns":3},{"damage":25,"enemies":"Lagavulin","floor":13,"turns":5},{"damage":42,"enemies":"Slime Boss","floor":16,"turns":8},{"damage":6,"enemies":"Shell Parasite","floor":18,"turns":6},{"damage":43,"floor":20,"turns":4},{"damage":15,"enemies":"3 Byrds","floor":22,"turns":3},{"damage":0,"enemies":"Snecko","floor":27,"turns":3},{"damage":9,"enemies":"Centurion and Healer","floor":29,"turns":4},{"damage":0,"enemies":"Gremlin Leader","floor":30,"turns":5},{"damage":13,"enemies":"Cultist and Chosen","floor":31,"turns":4},{"damage":19,"enemies":"Champ","floor":33,"turns":12},{"damage":5,"enemies":"3 Shapes","floor":35,"turns":3},{"damage":14,"floor":36,"turns":4},{"damage":28,"enemies":"Orb Walker","floor":37,"turns":5},{"damage":35,"enemies":"2 Orb Walkers","floor":40,"turns":3},{"damage":0,"enemies":"Maw","floor":42,"turns":4},{"damage":0,"enemies":"Transient","floor":44,"turns":5},{"damage":11,"enemies":"Spire Growth","floor":45,"turns":4},{"damage":3,"enemies":"Sphere and 2 Shapes","floor":47,"turns":2},{"damage":0,"enemies":"Flame Bruiser 2 Orb","floor":48,"turns":3},{"damage":53,"enemies":"Time Eater","floor":50,"turns":6}],"relics_obtained":[{"floor":4,"key":"Vajra"},{"floor":9,"key":"Bottled Lightning"},{"floor":13,"key":"Toolbox"},{"floor":20,"key":"Red Mask"},{"floor":26,"key":"Du-Vu Doll"},{"floor":30,"key":"Singing Bowl"},{"floor":36,"key":"Ice Cream"},{"floor":40,"key":"Orichalcum"},{"floor":43,"key":"Regal Pillow"}],"event_choices":[{"event_name":"Match and Keep!","player_choice":"2 cards matched","floor":2,"damage_taken":0},{"event_name":"Upgrade Shrine","player_choice":"Upgraded","floor":3,"damage_taken":0},{"event_name":"The Lab","player_choice":"Got Potions","floor":8,"damage_taken":0},{"event_name":"Liars Game","player_choice":"agreed","floor":12,"damage_taken":0},{"event_name":"Drug Dealer","player_choice":"Ignored","floor":19,"damage_taken":0},{"event_name":"Masked Bandits","player_choice":"Fought over 184 gold","floor":20,"damage_taken":0},{"event_name":"Nest","player_choice":"Stole From Cult","floor":21,"damage_taken":0},{"event_name":"Mysterious Sphere","player_choice":"Fight","floor":36,"damage_taken":0},{"event_name":"Falling","player_choice":"Removed Attack","floor":38,"damage_taken":0},{"event_name":"SensoryStone","player_choice":"Memory 3","floor":39,"damage_taken":0},{"event_name":"Tomb of Lord Red Mask","player_choice":"Wore Mask","floor":46,"damage_taken":0}],"boss_relics":[{"not_picked":["Snecko Eye","Runic Dome"],"picked":"Sozu"},{"not_picked":["Busted Crown","Runic Pyramid"],"picked":"Orrery"}],"items_purged_floors":[14,24],"potions_floor_spawned":[1,7,13,27,30,33,35,36,42,45],"seed_played":"-6578701184813045641","ascension_level":0,"potions_obtained":[{"floor":1,"key":"Strength Potion"},{"floor":7,"key":"Explosive Potion"},{"floor":8,"key":"Fruit Juice"},{"floor":13,"key":"AttackPotion"}],"is_trial":false}