{"gold_per_floor":[114,114,9,24,39,69,69,84,159,124,139,169,169,89,89,214,214,233,332,351,370,370,370,223,261,286,324,343,183,183,202,202,327,327,346,346,346,94,94,94,132,12,12,12,31,50,50,69,69,69],"floor_reached":50,"playtime":4234,"items_purged":["Strike_G","Strike_G","Setup","Strike_G"],"score":568,"play_id":"b52a6768-b819-46e1-a4b6-9c4173594fa9","local_time":"20190221103000","daily_mods":["Heirloom","Time Dilation","Elite Swarm"],"is_ascension_mode":false,"campfire_choices":[{"data":"Deadly Poison","floor":7,"key":"SMITH"},{"floor":15,"key":"REST"},{"floor":23,"key":"REST"},{"data":"Catalyst","floor":30,"key":"SMITH"},{"floor":32,"key":"REST"},{"data":"Burst","floor":40,"key":"SMITH"},{"data":"Adrenaline","floor":44,"key":"SMITH"},{"data":"Corpse Explosion","floor":47,"key":"SMITH"},{"data":"Corpse Explosion","floor":49,"key":"SMITH"}],"neow_cost":"","seed_source_timestamp":0,"circlet_count":0,"master_deck":["Defend_G","Defend_G","Defend_G","Defend_G","Defend_G","Strike_G","Survivor","Neutralize","Deadly Poison+1","Adrenaline+1","Catalyst+1","Burst+1","Corpse Explosion+1","Caltrops+1","Envenom+1","Bane","Prepared+1","Envenom+1","Corpse Explosion+1","PiercingWail+1","Noxious Fumes+1","Backflip","Poisoned Stab","Crippling Poison+1","Deflect+1","Escape Plan","Blind","Well Laid Plans+1"],"special_seed":17948,"relics":["Ring of the Serpent","The Specimen","FossilizedHelix","Centennial Puzzle","Frozen Egg 2","Ancient Tea Set","Golden Idol","Sundial","Art of War","The Courier","Orrery","Strawberry","Nunchaku","Blue Candle"],"potions_floor_usage":[8,12,16,18,21,25,27,28,33,41,45,50],"damage_taken":[{"damage":5,"enemies":"2 Louse","floor":1,"turns":2},{"damage":0,"enemies":"Cultist","floor":4,"turns":3},{"damage":0,"enemies":"Small Slimes","floor":5,"turns":3},{"damage":16,"enemies":"Lagavulin","floor":6,"turns":7},{"damage":0,"enemies":"2 Fungi Beasts","floor":8,"turns":2},{"damage":0,"enemies":"Blue Slaver","floor":11,"turns":3},{"damage":11,"enemies":"Gremlin Nob","floor":12,"turns":4},{"damage":7,"enemies":"Slime Boss","floor":16,"turns":10},{"damage":15,"enemies":"Spheric Guardian","floor":18,"turns":5},{"damage":5,"enemies":"2 Thieves","floor":20,"turns":3},{"damage":21,"enemies":"Shelled Parasite and Fungi","floor":21,"turns":4},{"damage":2,"enemies":"Slavers","floor":25,"turns":2},{"damage":12,"enemies":"Gremlin Leader","floor":27,"turns":4},{"damage":0,"enemies":"Snake Plant","floor":28,"turns":4},{"damage":0,"enemies":"3 Cultists","floor":31,"turns":2},{"damage":28,"enemies":"Collector","floor":33,"turns":5},{"damage":4,"enemies":"Orb Walker","floor":35,"turns":4},{"damage":0,"enemies":"Reptomancer","floor":41,"turns":4},{"damage":0,"enemies":"3 Darklings","floor":45,"turns":2},{"damage":0,"enemies":"Sphere and 2 Shapes","floor":46,"turns":5},{"damage":7,"enemies":"Spire Growth","floor":48,"turns":4},{"damage":80,"enemies":"Awakened One","floor":50,"turns":8}],"seed_played":"-5984108549789572650","potions_obtained":[{"floor":4,"key":"SteroidPotion"},{"floor":6,"key":"Weak Potion"},{"floor":12,"key":"Ancient Potion"},{"floor":18,"key":"Fruit Juice"},{"floor":20,"key":"SkillPotion"},{"floor":22,"key":"GamblersBrew"},{"floor":22,"key":"GhostInAJar"},{"floor":22,"key":"Strength Potion"},{"floor":25,"key":"SteroidPotion"},{"floor":27,"key":"SpeedPotion"},{"floor":41,"key":"Fire Potion"},{"floor":48,"key":"Block Potion"}],"is_trial":false,"path_per_floor":["M","?","?","M","M","E","R","M","T","?","M","E","?","$","R","B",null,"M","?","M","M","?","R","$","E","T","E","M","$","R","M","R","B",null,"M","?","?","$","?","R","E","$","T","R","M","M","R","M","R","B"],"character_chosen":"THE_SILENT","items_purchased":["Caltrops+1","Envenom+1","Noxious Fumes+1","Backflip","Well Laid Plans+1","Strawberry"],"campfire_rested":3,"item_purchase_floors":[14,24,29,29,38,38],"current_hp_per_floor":[65,65,65,65,65,49,49,49,49,66,66,55,38,38,59,52,70,60,60,55,34,34,56,56,54,54,42,42,42,42,42,64,36,75,71,71,71,78,78,78,78,78,78,78,78,78,78,71,71,0],"gold":69,"neow_bonus":"","is_prod":false,"is_daily":true,"chose_seed":false,"campfire_upgraded":6,"win_rate":0,"timestamp":1550755800,"path_taken":["M","?","?","?","M","E","R","M","T","?","M","E","?","$","R","BOSS","M","?","M","M","?","R","$","E","T","E","M","$","R","M","R","BOSS","M","?","?","$","?","R","E","$","T","R","M","M","R","?","R","BOSS"],"build_version":"2019-01-23","purchased_purges":4,"victory":false,"max_hp_per_floor":[70,70,70,70,70,70,70,70,70,70,70,70,70,70,70,70,70,75,75,75,75,75,75,75,75,75,75,75,75,75,75,75,75,75,75,75,75,82,82,82,82,82,82,82,82,82,82,82,82,82],"card_choices":[{"not_picked":["Concentrate","Escape Plan"],"picked":"Deadly Poison","floor":1},{"not_picked":["Sucker Punch","Distraction"],"picked":"Catalyst","floor":4},{"not_picked":["Outmaneuver","Underhanded Strike","Dagger Throw"],"picked":"SKIP","floor":5},{"not_picked":["Glass Knife","Adrenaline"],"picked":"Burst","floor":6},{"not_picked":["Dodge and Roll","Leg Sweep","Slice"],"picked":"SKIP","floor":8},{"not_picked":["Dagger Spray","Distraction","Predator"],"picked":"SKIP","floor":11},{"not_picked":["Burst","Glass Knife"],"picked":"Corpse Explosion","floor":12},{"not_picked":["Corpse Explosion","Glass Knife"],"picked":"Envenom+1","floor":16},{"not_picked":["Slice","Expertise"],"picked":"Bane","floor":18},{"not_picked":["Slice","Blur","Infinite Blades+1"],"picked":"SKIP","floor":20},{"not_picked":["Concentrate+1","Calculated Gamble"],"picked":"Prepared+1","floor":21},{"not_picked":["Doppelganger","Storm of Steel"],"picked":"Corpse Explosion","floor":25},{"not_picked":["Phantasmal Killer","Malaise","Adrenaline"],"picked":"SKIP","floor":27},{"not_picked":["Flying Knee+1","Terror"],"picked":"PiercingWail+1","floor":28},{"not_picked":["Acrobatics","Quick Slash","Heel Hook+1"],"picked":"SKIP","floor":31},{"not_picked":["Quick Slash","Dagger Spray"],"picked":"Poisoned Stab","floor":34},{"not_picked":["Tactician","Outmaneuver"],"picked":"Setup","floor":34},{"not_picked":["Heel Hook","Choke+1"],"picked":"Crippling Poison","floor":34},{"not_picked":["Caltrops+1","Infinite Blades+1"],"picked":"Deflect+1","floor":34},{"not_picked":["Flying Knee","Underhanded Strike+1"],"picked":"Escape Plan","floor":34},{"not_picked":["Prepared","Dagger Throw","Deflect+1"],"picked":"SKIP","floor":35},{"not_picked":["Jack Of All Trades","Deep Breath"],"picked":"Blind","floor":36},{"not_picked":["Phantasmal Killer","Unload","After Image+1"],"picked":"SKIP","floor":41},{"not_picked":["Heel Hook+1","Dagger Throw","Acrobatics+1"],"picked":"SKIP","floor":45},{"not_picked":["Acrobatics+1","Expertise+1","Prepared"],"picked":"SKIP","floor":46},{"not_picked":["Slice","Endless Agony+1","Dagger Throw"],"picked":"SKIP","floor":48}],"player_experience":113076,"relics_obtained":[{"floor":6,"key":"Centennial Puzzle"},{"floor":9,"key":"Frozen Egg 2"},{"floor":12,"key":"Ancient Tea Set"},{"floor":25,"key":"Sundial"},{"floor":26,"key":"Art of War"},{"floor":27,"key":"The Courier"},{"floor":41,"key":"Nunchaku"},{"floor":43,"key":"Blue Candle"}],"event_choices":[{"damage_healed":0,"gold_gain":0,"cards_transformed":["Strike_G"],"player_choice":"Change","damage_taken":0,"max_hp_gain":0,"max_hp_loss":0,"event_name":"Living Wall","floor":2,"gold_loss":0,"cards_obtained":["Adrenaline"]},{"damage_healed":0,"gold_gain":0,"player_choice":"Paid Gold","damage_taken":0,"relics_obtained":["FossilizedHelix"],"max_hp_gain":0,"max_hp_loss":0,"event_name":"WeMeetAgain","floor":3,"gold_loss":105},{"damage_healed":17,"gold_gain":0,"player_choice":"Healed","damage_taken":0,"max_hp_gain":0,"max_hp_loss":0,"event_name":"The Cleric","floor":10,"gold_loss":35},{"damage_healed":0,"gold_gain":0,"player_choice":"Take Damage","damage_taken":17,"relics_obtained":["Golden Idol"],"max_hp_gain":0,"max_hp_loss":0,"event_name":"Golden Idol","floor":13,"gold_loss":0},{"damage_healed":0,"gold_gain":99,"player_choice":"Stole From Cult","damage_taken":0,"max_hp_gain":0,"max_hp_loss":0,"event_name":"Nest","floor":19,"gold_loss":0},{"damage_healed":0,"gold_gain":0,"player_choice":"Got Potions","damage_taken":0,"max_hp_gain":0,"max_hp_loss":0,"event_name":"Lab","floor":22,"gold_loss":0},{"damage_healed":0,"gold_gain":0,"player_choice":"Memory 1","damage_taken":0,"max_hp_gain":0,"max_hp_loss":0,"event_name":"SensoryStone","floor":36,"gold_loss":0},{"damage_healed":0,"gold_gain":0,"player_choice":"Ignored","damage_taken":0,"max_hp_gain":0,"max_hp_loss":0,"event_name":"Tomb of Lord Red Mask","floor":37,"gold_loss":0},{"damage_healed":0,"gold_gain":0,"player_choice":"Upgraded","damage_taken":0,"max_hp_gain":0,"max_hp_loss":0,"event_name":"Upgrade Shrine","floor":39,"gold_loss":0,"cards_upgraded":["Crippling Poison"]}],"is_beta":false,"boss_relics":[{"not_picked":["Snecko Eye","Cursed Key"],"picked":"Ring of the Serpent"},{"not_picked":["Black Star","Velvet Choker"],"picked":"Orrery"}],"items_purged_floors":[24,29,38,42],"is_endless":false,"potions_floor_spawned":[4,6,12,18,20,25,27,41,48],"killed_by":"Awakened One","ascension_level":0}