{"gold_per_floor":[218,7,7,7,17,50,50,64,90,90,90,90,100,100],"floor_reached":14,"playtime":333,"items_purged":[],"score":172,"play_id":"1eb2b024-b8cd-4261-9af4-414f1e41e669","local_time":"20190205193901","is_ascension_mode":true,"campfire_choices":[{"data":"Zap","floor":7,"key":"SMITH"},{"data":"Loop","floor":10,"key":"SMITH"},{"data":"Sweeping Beam","floor":12,"key":"SMITH"}],"neow_cost":"NONE","seed_source_timestamp":264076956279199,"circlet_count":0,"master_deck":["AscendersBane","Strike_B","Strike_B","Strike_B","Strike_B","Defend_B","Defend_B","Defend_B","Defend_B","Zap+1","Dualcast","Sweeping Beam+1","Loop+1","Redo","Chill","Go for the Eyes"],"relics":["Cracked Core","Membership Card","Vajra","Centennial Puzzle"],"potions_floor_usage":[14,14],"damage_taken":[{"damage":2,"enemies":"Jaw Worm","floor":1,"turns":3},{"damage":0,"enemies":"2 Louse","floor":5,"turns":2},{"damage":35,"enemies":"3 Sentries","floor":6,"turns":8},{"damage":0,"enemies":"Small Slimes","floor":8,"turns":2},{"damage":4,"enemies":"Looter","floor":13,"turns":4},{"damage":28,"enemies":"Gremlin Nob","floor":14,"turns":3}],"seed_played":"8936546054957208481","potions_obtained":[{"floor":6,"key":"FocusPotion"},{"floor":13,"key":"LiquidBronze"}],"is_trial":false,"path_per_floor":["M","$","?","$","M","E","R","M","T","R","?","R","M","E"],"character_chosen":"DEFECT","items_purchased":["Membership Card"],"campfire_rested":0,"item_purchase_floors":[2],"current_hp_per_floor":[62,62,67,67,67,32,32,32,32,32,32,32,28,0],"gold":100,"neow_bonus":"HUNDRED_GOLD","is_prod":false,"is_daily":false,"chose_seed":false,"campfire_upgraded":3,"win_rate":0,"timestamp":1549424341,"path_taken":["M","$","?","$","M","E","R","M","T","R","?","R","M","E"],"build_version":"2019-01-23","purchased_purges":0,"victory":false,"max_hp_per_floor":[71,71,76,76,76,76,76,76,76,76,76,76,76,76],"card_choices":[{"not_picked":["Scrape","Double Energy"],"picked":"Sweeping Beam","floor":1},{"not_picked":["Barrage","Compile Driver"],"picked":"Loop","floor":5},{"not_picked":["Steam","Rip and Tear"],"picked":"Redo","floor":6},{"not_picked":["Beam Cell","Undo"],"picked":"Chill","floor":8},{"not_picked":["Barrage","Sweeping Beam"],"picked":"Go for the Eyes","floor":13}],"player_experience":631312,"relics_obtained":[{"floor":6,"key":"Vajra"},{"floor":9,"key":"Centennial Puzzle"}],"event_choices":[{"damage_healed":0,"gold_gain":0,"player_choice":"Donut","damage_taken":0,"max_hp_gain":5,"max_hp_loss":0,"event_name":"Big Fish","floor":3,"gold_loss":0},{"damage_healed":0,"gold_gain":0,"player_choice":"Ignored","damage_taken":0,"max_hp_gain":0,"max_hp_loss":0,"event_name":"Liars Game","floor":11,"gold_loss":0}],"is_beta":false,"boss_relics":[],"items_purged_floors":[],"is_endless":false,"potions_floor_spawned":[6,13],"killed_by":"Gremlin Nob","ascension_level":19}