{"gold_per_floor":[113,131,151,170,170,199,211,211,236,236],"floor_reached":10,"playtime":540,"items_purged":[],"score":74,"play_id":"66c3006c-6bd7-4868-8220-775d51482ce1","local_time":"20190124205826","is_ascension_mode":true,"campfire_choices":[{"floor":8,"key":"RECALL"}],"neow_cost":"NONE","seed_source_timestamp":60236704334211,"circlet_count":0,"master_deck":["Strike_B","Strike_B","Strike_B","Strike_B","Defend_B","Defend_B","Defend_B","Defend_B","Zap","Dualcast","Steam","FTL","Machine Learning","Rebound","Sunder","All For One"],"relics":["Cracked Core","NeowsBlessing","Singing Bowl"],"potions_floor_usage":[7],"damage_taken":[{"damage":0,"enemies":"Cultist","floor":1,"turns":1},{"damage":0,"enemies":"Jaw Worm","floor":2,"turns":1},{"damage":0,"enemies":"2 Louse","floor":3,"turns":1},{"damage":0,"enemies":"Lots of Slimes","floor":4,"turns":4},{"damage":30,"enemies":"Lagavulin","floor":6,"turns":8},{"damage":3,"enemies":"Gremlin Gang","floor":7,"turns":4},{"damage":56,"enemies":"Gremlin Nob","floor":10,"turns":4}],"seed_played":"-6929000854293854633","potions_obtained":[{"floor":2,"key":"Regen Potion"},{"floor":6,"key":"SkillPotion"}],"is_trial":false,"path_per_floor":["M","M","M","M","?","E","M","R","T","E"],"character_chosen":"DEFECT","items_purchased":[],"campfire_rested":0,"item_purchase_floors":[],"current_hp_per_floor":[75,75,75,75,75,45,42,42,42,0],"gold":236,"neow_bonus":"THREE_ENEMY_KILL","is_prod":false,"is_daily":false,"chose_seed":false,"campfire_upgraded":0,"win_rate":0,"timestamp":1548381506,"path_taken":["M","?","M","M","?","E","?","R","T","E"],"build_version":"2019-01-23","purchased_purges":0,"victory":false,"max_hp_per_floor":[75,75,75,75,75,75,75,75,75,75],"card_choices":[{"not_picked":["Sweeping Beam","Coolheaded"],"picked":"Steam","floor":1},{"not_picked":["Tempest","Capacitor"],"picked":"FTL","floor":2},{"not_picked":["Redo","Cold Snap"],"picked":"Machine Learning","floor":3},{"not_picked":["Turbo","Coolheaded"],"picked":"Rebound","floor":4},{"not_picked":["Beam Cell","Stack"],"picked":"Sunder","floor":6},{"not_picked":["Stack","Sweeping Beam"],"picked":"All For One","floor":7}],"player_experience":98776,"relics_obtained":[{"floor":6,"key":"Singing Bowl"}],"event_choices":[{"damage_healed":0,"gold_gain":0,"player_choice":"Bought 0 Potions","damage_taken":0,"max_hp_gain":0,"max_hp_loss":0,"event_name":"The Woman in Blue","floor":5,"gold_loss":0}],"is_beta":false,"boss_relics":[],"items_purged_floors":[],"is_endless":false,"potions_floor_spawned":[2,6],"killed_by":"Gremlin Nob","ascension_level":1}