{"gold_per_floor":[116,116,10,30,46,46,80,80,80,80,80,96,96,114,114,114],"floor_reached":16,"playtime":905,"items_purged":[],"score":100,"play_id":"91a51497-1b92-4280-a53c-62c1ed694fd5","local_time":"20190205213704","is_ascension_mode":false,"campfire_choices":[{"data":"Bane","floor":6,"key":"SMITH"},{"data":"Noxious Fumes","floor":8,"key":"SMITH"},{"floor":15,"key":"REST"}],"neow_cost":"NONE","seed_source_timestamp":451727828862488,"circlet_count":0,"master_deck":["Defend_G","Defend_G","Defend_G","Defend_G","Defend_G","Strike_G","Strike_G","Strike_G","Strike_G","Strike_G","Survivor","Neutralize","Poisoned Stab","Bane+1","Bane+1","Noxious Fumes+1","Skewer","Quick Slash","Poisoned Stab","Injury","Sucker Punch","Bane"],"relics":["Ring of the Snake","Bottled Tornado","Bottled Flame","Golden Idol"],"potions_floor_usage":[16],"damage_taken":[{"damage":4,"enemies":"Small Slimes","floor":1,"turns":3},{"damage":4,"enemies":"2 Louse","floor":4,"turns":2},{"damage":8,"enemies":"Jaw Worm","floor":5,"turns":2},{"damage":27,"enemies":"3 Sentries","floor":7,"turns":9},{"damage":7,"enemies":"3 Louse","floor":12,"turns":3},{"damage":11,"enemies":"Exordium Thugs","floor":14,"turns":4},{"damage":35,"enemies":"The Guardian","floor":16,"turns":7}],"seed_played":"6719387992853128564","potions_obtained":[{"floor":5,"key":"Swift Potion"}],"is_trial":false,"path_per_floor":["M","?","$","M","M","R","E","R","T","?","?","M","?","M","R","B"],"character_chosen":"THE_SILENT","items_purchased":["Bane","Noxious Fumes"],"campfire_rested":1,"item_purchase_floors":[3,3],"current_hp_per_floor":[66,66,66,62,54,54,27,27,27,27,27,20,20,9,30,0],"gold":114,"neow_bonus":"THREE_CARDS","is_prod":false,"is_daily":false,"chose_seed":false,"campfire_upgraded":2,"win_rate":0.0,"timestamp":1549409824,"path_taken":["M","?","$","M","M","R","E","R","T","?","?","?","?","M","R","BOSS"],"build_version":"2019-01-23","purchased_purges":0,"victory":false,"max_hp_per_floor":[70,70,70,70,70,70,70,70,70,70,70,70,70,70,70,70],"card_choices":[{"not_picked":["Escape Plan","Cloak And Dagger"],"picked":"Poisoned Stab","floor":0},{"not_picked":["Dodge and Roll","Expertise"],"picked":"Bane","floor":1},{"not_picked":["Underhanded Strike","Quick Slash"],"picked":"Skewer","floor":4},{"not_picked":["Predator","Outmaneuver"],"picked":"Quick Slash","floor":5},{"not_picked":["Glass Knife","Riddle With Holes"],"picked":"Poisoned Stab","floor":7},{"not_picked":["Prepared","Blade Dance"],"picked":"Sucker Punch","floor":12},{"not_picked":["Endless Agony","Leg Sweep"],"picked":"Bane","floor":14}],"player_experience":58899,"relics_obtained":[{"floor":7,"key":"Bottled Tornado"},{"floor":9,"key":"Bottled Flame"}],"event_choices":[{"damage_healed":0,"gold_gain":0,"player_choice":"Ignored","damage_taken":0,"max_hp_gain":0,"max_hp_loss":0,"event_name":"Golden Wing","floor":2,"gold_loss":0},{"damage_healed":0,"gold_gain":0,"player_choice":"Grow","damage_taken":0,"max_hp_gain":0,"max_hp_loss":0,"event_name":"Living Wall","floor":10,"gold_loss":0,"cards_upgraded":["Bane"]},{"damage_healed":0,"gold_gain":0,"player_choice":"Take Wound","damage_taken":0,"relics_obtained":["Golden Idol"],"max_hp_gain":0,"max_hp_loss":0,"event_name":"Golden Idol","floor":11,"gold_loss":0,"cards_obtained":["Injury"]},{"damage_healed":0,"gold_gain":0,"player_choice":"Ignored","damage_taken":0,"max_hp_gain":0,"max_hp_loss":0,"event_name":"NoteForYourself","floor":13,"gold_loss":0}],"is_beta":false,"boss_relics":[],"items_purged_floors":[],"is_endless":false,"potions_floor_spawned":[5],"killed_by":"The Guardian","ascension_level":0}