{"gold_per_floor":[115,65,65,76,94,94,127,127,427,453,453,463,463,463,463,565,565,579,192,203,223,223,256,256,256],"floor_reached":25,"playtime":2144,"items_purged":["Strike_B"],"score":240,"play_id":"cab03509-09ca-45e0-ac45-1272d3664153","local_time":"20180921224151","is_ascension_mode":true,"campfire_choices":[{"data":"Conserve Battery","floor":6,"key":"SMITH"},{"data":"Multi-Cast","floor":8,"key":"SMITH"},{"data":"Streamline","floor":11,"key":"SMITH"},{"data":"Go for the Eyes","floor":15,"key":"SMITH"},{"data":"White Noise","floor":24,"key":"SMITH"}],"neow_cost":"NONE","seed_source_timestamp":237425377606785,"circlet_count":0,"master_deck":["Defend_B","Defend_B","Defend_B","Defend_B","Zap+1","Dualcast","Conserve Battery+1","Skim","Conserve Battery","Ball Lightning","Multi-Cast+1","Streamline+1","Go for the Eyes+1","Echo Form+1","Gash","Panache","Go for the Eyes","White Noise+1"],"relics":["Cracked Core","Unceasing Top","Old Coin","Nunchaku","Inserter","Tiny Chest","Pen Nib"],"potions_floor_usage":[23],"damage_taken":[{"damage":0,"enemies":"Jaw Worm","floor":1,"turns":4},{"damage":1,"enemies":"2 Louse","floor":4,"turns":3},{"damage":0,"enemies":"Cultist","floor":5,"turns":4},{"damage":8,"enemies":"Gremlin Nob","floor":7,"turns":4},{"damage":20,"enemies":"3 Sentries","floor":10,"turns":7},{"damage":5,"enemies":"3 Louse","floor":12,"turns":3},{"damage":11,"enemies":"The Guardian","floor":16,"turns":10},{"damage":7,"enemies":"Shell Parasite","floor":18,"turns":9},{"damage":2,"enemies":"Spheric Guardian","floor":20,"turns":4},{"damage":26,"enemies":"Snake Plant","floor":21,"turns":4},{"damage":22,"enemies":"Gremlin Leader","floor":23,"turns":7},{"damage":23,"enemies":"Slavers","floor":25,"turns":1}],"seed_played":"8301750137982764506","potions_obtained":[{"floor":1,"key":"SteroidPotion"},{"floor":12,"key":"SteroidPotion"},{"floor":21,"key":"Fire Potion"}],"is_trial":false,"path_per_floor":["M","?","?","M","M","R","E","R","T","E","R","M","?","?","R","B",null,"M","$","M","M","?","E","R"],"character_chosen":"DEFECT","items_purchased":["Panache","Tiny Chest"],"campfire_rested":0,"item_purchase_floors":[19,19],"current_hp_per_floor":[75,75,75,74,74,74,66,66,66,46,46,41,41,34,34,23,75,68,68,66,40,40,18,18,0],"gold":256,"neow_bonus":"THREE_CARDS","is_prod":false,"is_daily":false,"chose_seed":false,"campfire_upgraded":5,"win_rate":0,"timestamp":1537594911,"path_taken":["M","?","?","?","M","R","E","R","T","E","R","M","?","?","R","BOSS","M","$","M","?","?","E","R","E"],"build_version":"2018-09-20","purchased_purges":1,"victory":false,"max_hp_per_floor":[75,75,75,75,75,75,75,75,75,75,75,75,75,75,75,75,75,75,75,75,75,75,75,75,75],"card_choices":[{"not_picked":["Turbo","Compile Driver"],"picked":"Conserve Battery","floor":0},{"not_picked":["Barrage","Compile Driver"],"picked":"Skim","floor":1},{"not_picked":["Rip and Tear","Leap"],"picked":"Conserve Battery","floor":4},{"not_picked":["Leap","Recycle"],"picked":"Ball Lightning","floor":5},{"not_picked":["Chill","Rip and Tear"],"picked":"Multi-Cast","floor":7},{"not_picked":["Self Repair","Recycle"],"picked":"Streamline","floor":10},{"not_picked":["Loop","Storm"],"picked":"Go for the Eyes","floor":12},{"not_picked":["Seek","Electrodynamics"],"picked":"Echo Form","floor":16},{"not_picked":["Compile Driver+1","Streamline"],"picked":"Gash","floor":18},{"not_picked":["Redo","Genetic Algorithm","Compile Driver+1"],"picked":"SKIP","floor":20},{"not_picked":["Sunder","Coolheaded"],"picked":"Go for the Eyes","floor":21},{"not_picked":["Conserve Battery","Redo"],"picked":"White Noise","floor":23}],"player_experience":148283,"relics_obtained":[{"floor":7,"key":"Unceasing Top"},{"floor":9,"key":"Old Coin"},{"floor":10,"key":"Nunchaku"},{"floor":23,"key":"Pen Nib"}],"event_choices":[{"event_name":"The Cleric","player_choice":"Card Removal","floor":2,"damage_taken":0},{"event_name":"Upgrade Shrine","player_choice":"Upgraded","floor":3,"damage_taken":0},{"event_name":"Living Wall","player_choice":"Forget","floor":13,"damage_taken":0},{"event_name":"Golden Wing","player_choice":"Card Removal","floor":14,"damage_taken":0},{"event_name":"Accursed Blacksmith","player_choice":"Forge","floor":22,"damage_taken":0}],"is_beta":false,"boss_relics":[{"not_picked":["White Beast Statue","Sozu"],"picked":"Inserter"}],"items_purged_floors":[19],"is_endless":false,"potions_floor_spawned":[1,12,21],"killed_by":"Slavers","ascension_level":1}