{"gold_per_floor":[12,12,29,29,29,60,60,83,83,102,115,138,171,187,187,308,308,323,323,337,360,33,33,49,49,49,84,100,0,31,31,31,160,160,185,185,204,537,556,581,593,593,593,612,612,612,641,660,660,660],"floor_reached":51,"playtime":1536,"items_purged":["Strike_R","Defend_R"],"score":826,"play_id":"217b0d15-3455-4b46-8660-deda1a58f5a8","local_time":"20181030154605","is_ascension_mode":false,"campfire_choices":[{"data":"Bash","floor":7.0,"key":"SMITH"},{"data":"Whirlwind","floor":15.0,"key":"SMITH"},{"floor":23.0,"key":"REST"},{"floor":25.0,"key":"REST"},{"floor":32.0,"key":"REST"},{"floor":42.0,"key":"REST"},{"floor":45.0,"key":"REST"},{"floor":49.0,"key":"REST"}],"neow_cost":"NO_GOLD","seed_source_timestamp":766156828495334,"circlet_count":0,"master_deck":["Strike_R","Strike_R","Strike_R","Defend_R","Defend_R","Bash+1","Shrug It Off+1","True Grit+1","Whirlwind+1","Battle Trance+1","Spot Weakness+1","Demon Form","Clothesline","Carnage","Pummel+1","Second Wind+1","Armaments+1","Havoc+1","Heavy Blade+1","Heavy Blade+1","Pummel+1","Limit Break+1"],"special_seed":0,"relics":["Burning Blood","Toxic Egg 2","Blue Candle","Odd Mushroom","Fusion Hammer","Paper Frog","Darkstone Periapt","Frozen Egg 2","Ornamental Fan","Sozu","Molten Egg 2","Gremlin Horn","Bag of Marbles"],"potions_floor_usage":[50,50,50],"damage_taken":[{"damage":1.0,"enemies":"2 Louse","floor":1.0,"turns":3.0},{"damage":7.0,"enemies":"Small Slimes","floor":3.0,"turns":3.0},{"damage":48.0,"enemies":"3 Sentries","floor":6.0,"turns":11.0},{"damage":1.0,"enemies":"Jaw Worm","floor":8.0,"turns":4.0},{"damage":7.0,"enemies":"3 Louse","floor":10.0,"turns":5.0},{"damage":0.0,"enemies":"Large Slime","floor":11.0,"turns":5.0},{"damage":5.0,"enemies":"Exordium Thugs","floor":12.0,"turns":4.0},{"damage":2.0,"enemies":"The Mushroom Lair","floor":13.0,"turns":4.0},{"damage":0.0,"enemies":"Gremlin Gang","floor":14.0,"turns":3.0},{"damage":34.0,"enemies":"Hexaghost","floor":16.0,"turns":8.0},{"damage":10.0,"enemies":"Chosen","floor":18.0,"turns":4.0},{"damage":20.0,"enemies":"Shell Parasite","floor":20.0,"turns":4.0},{"damage":18.0,"enemies":"3 Cultists","floor":21.0,"turns":3.0},{"damage":20.0,"enemies":"Centurion and Healer","floor":24.0,"turns":3.0},{"damage":27.0,"enemies":"Gremlin Leader","floor":27.0,"turns":4.0},{"damage":13.0,"enemies":"Sentry and Sphere","floor":28.0,"turns":4.0},{"damage":30.0,"enemies":"Slavers","floor":30.0,"turns":3.0},{"damage":43.0,"enemies":"Champ","floor":33.0,"turns":7.0},{"damage":10.0,"enemies":"3 Shapes","floor":35.0,"turns":2.0},{"damage":0.0,"enemies":"Orb Walker","floor":37.0,"turns":3.0},{"damage":26.0,"enemies":"3 Darklings","floor":39.0,"turns":5.0},{"damage":12.0,"enemies":"Giant Head","floor":40.0,"turns":6.0},{"damage":28.0,"enemies":"Maw","floor":41.0,"turns":7.0},{"damage":17.0,"enemies":"Writhing Mass","floor":44.0,"turns":3.0},{"damage":65.0,"enemies":"Reptomancer","floor":47.0,"turns":5.0},{"damage":8.0,"enemies":"4 Shapes","floor":48.0,"turns":3.0},{"damage":29,"enemies":"Donu and Deca","floor":50,"turns":6}],"seed_played":"-2080618937728697882","potions_obtained":[{"floor":10.0,"key":"Poison Potion"},{"floor":11.0,"key":"FearPotion"},{"floor":12.0,"key":"Regen Potion"},{"floor":16.0,"key":"Dexterity Potion"},{"floor":24.0,"key":"Swift Potion"},{"floor":30.0,"key":"EssenceOfSteel"}],"is_trial":false,"path_per_floor":["M","?","M","?","?","E","R","M","T","M","M","M","?","M","R","B",null,"M","?","M","M","$","R","M","R","T","E","M","$","E","?","R","B",null,"M","?","M","?","M","E","M","R","T","M","R","?","E","M","R","B"],"character_chosen":"IRONCLAD","items_purchased":["Paper Frog"],"campfire_rested":6,"item_purchase_floors":[22],"current_hp_per_floor":[96,89,88,64,64,22,22,27,27,26,32,33,37,43,43,29,96,92,92,78,66,66,94,80,96,96,75,68,68,44,76,96,59,96,92,92,96,96,76,70,48,76,76,65,93,93,34,32,60,37],"gold":660,"neow_bonus":"TWENTY_PERCENT_HP_BONUS","is_prod":false,"is_daily":false,"chose_seed":false,"campfire_upgraded":2,"win_rate":0,"timestamp":1540881965,"path_taken":["M","?","M","?","?","E","R","M","T","M","?","M","?","M","R","BOSS","M","?","?","M","$","R","M","R","T","E","?","$","E","?","R","BOSS","M","?","M","?","M","E","M","R","T","?","R","?","E","M","R","BOSS"],"build_version":"2018-10-29v2","purchased_purges":2,"victory":true,"max_hp_per_floor":[96,96,96,96,96,96,96,96,96,96,96,96,96,96,96,96,96,96,96,96,96,96,96,96,96,96,96,96,96,96,96,96,96,96,96,96,96,96,96,96,96,96,96,96,96,96,96,96,96,96],"card_choices":[{"not_picked":["Havoc","Heavy Blade"],"picked":"Cleave","floor":1.0},{"not_picked":["Dual Wield","Warcry","Sever Soul"],"picked":"SKIP","floor":3.0},{"not_picked":["Dual Wield","Warcry","Sever Soul"],"picked":"SKIP","floor":3.0},{"not_picked":["Body Slam","Burning Pact"],"picked":"Shrug It Off","floor":6.0},{"not_picked":["Wild Strike","Feed"],"picked":"True Grit+1","floor":8.0},{"not_picked":["True Grit+1","Burning Pact+1"],"picked":"Whirlwind","floor":10.0},{"not_picked":["Anger","Clash"],"picked":"Battle Trance+1","floor":11.0},{"not_picked":["Headbutt","Wild Strike","Cleave"],"picked":"SKIP","floor":12.0},{"not_picked":["Headbutt","Iron Wave"],"picked":"Spot Weakness+1","floor":13.0},{"not_picked":["Intimidate+1","Wild Strike","Rupture"],"picked":"SKIP","floor":14.0},{"not_picked":["Bludgeon","Berserk"],"picked":"Demon Form","floor":16.0},{"not_picked":["Rampage","Clothesline","Iron Wave"],"picked":"SKIP","floor":18.0},{"not_picked":["Rampage","Iron Wave"],"picked":"Clothesline","floor":18.0},{"not_picked":["Pommel Strike","Rage+1","Searing Blow"],"picked":"SKIP","floor":20.0},{"not_picked":["Clothesline","Spot Weakness+1","Anger+1"],"picked":"SKIP","floor":21.0},{"not_picked":["Warcry+1","Searing Blow"],"picked":"Carnage","floor":24.0},{"not_picked":["Twin Strike","Clash"],"picked":"Pummel+1","floor":27.0},{"not_picked":["Entrench+1","Evolve+1","True Grit+1"],"picked":"SKIP","floor":28.0},{"not_picked":["Blood for Blood","Anger"],"picked":"Second Wind+1","floor":30.0},{"not_picked":["Body Slam+1","Dropkick","Cleave+1"],"picked":"SKIP","floor":35.0},{"not_picked":["Rampage+1","Body Slam+1"],"picked":"Armaments+1","floor":37.0},{"not_picked":["Warcry+1","Burning Pact+1"],"picked":"Havoc+1","floor":39.0},{"not_picked":["True Grit+1","Pommel Strike+1"],"picked":"Heavy Blade+1","floor":40.0},{"not_picked":["Cleave+1","Infernal Blade+1"],"picked":"Heavy Blade+1","floor":41.0},{"not_picked":["Havoc+1","Barricade+1"],"picked":"Pummel+1","floor":44.0},{"not_picked":["Sever Soul+1","Blood for Blood+1"],"picked":"Limit Break+1","floor":47.0},{"not_picked":["Perfected Strike+1","Power Through+1","Hemokinesis+1"],"picked":"SKIP","floor":48.0}],"player_experience":526103,"relics_obtained":[{"floor":6.0,"key":"Toxic Egg 2"},{"floor":9.0,"key":"Blue Candle"},{"floor":13.0,"key":"Odd Mushroom"},{"floor":26.0,"key":"Darkstone Periapt"},{"floor":27.0,"key":"Frozen Egg 2"},{"floor":30.0,"key":"Ornamental Fan"},{"floor":40.0,"key":"Molten Egg 2"},{"floor":43.0,"key":"Gremlin Horn"},{"floor":47.0,"key":"Bag of Marbles"}],"event_choices":[{"cards_removed":["Defend_R"],"damage_healed":0.0,"max_hp_gain":0.0,"max_hp_loss":0.0,"gold_gain":0.0,"event_name":"Golden Wing","player_choice":"Card Removal","floor":2.0,"gold_loss":0.0,"damage_taken":7.0},{"damage_healed":0.0,"max_hp_gain":0.0,"max_hp_loss":0.0,"gold_gain":0.0,"event_name":"Golden Idol","player_choice":"Take Damage","floor":4.0,"gold_loss":0.0,"damage_taken":24.0,"relics_obtained":["Golden Idol"]},{"cards_removed":["Strike_R"],"damage_healed":0.0,"max_hp_gain":0.0,"max_hp_loss":0.0,"gold_gain":0.0,"event_name":"Purifier","player_choice":"Purged","floor":5.0,"gold_loss":0.0,"damage_taken":0.0},{"damage_healed":0.0,"max_hp_gain":0.0,"max_hp_loss":0.0,"gold_gain":0.0,"event_name":"Mushrooms","player_choice":"Fought Mushrooms","floor":13.0,"gold_loss":0.0,"damage_taken":0.0},{"damage_healed":0.0,"max_hp_gain":0.0,"max_hp_loss":0.0,"gold_gain":0.0,"event_name":"Vampires","player_choice":"Ignored","floor":19.0,"gold_loss":0.0,"damage_taken":0.0},{"damage_healed":32.0,"max_hp_gain":0.0,"max_hp_loss":0.0,"gold_gain":0.0,"event_name":"The Library","player_choice":"Heal","floor":31.0,"gold_loss":0.0,"damage_taken":0.0},{"damage_healed":0.0,"max_hp_gain":0.0,"max_hp_loss":0.0,"gold_gain":0.0,"event_name":"The Woman in Blue","player_choice":"Bought 0 Potions","floor":36.0,"gold_loss":0.0,"damage_taken":0.0},{"damage_healed":0.0,"max_hp_gain":0.0,"max_hp_loss":0.0,"gold_gain":333.0,"event_name":"The Moai Head","player_choice":"Gave Idol","floor":38.0,"relics_lost":["Golden Idol"],"gold_loss":0.0,"damage_taken":0.0},{"cards_removed":["Cleave"],"damage_healed":0.0,"max_hp_gain":0.0,"max_hp_loss":0.0,"gold_gain":0.0,"event_name":"Falling","player_choice":"Removed Attack","floor":46.0,"gold_loss":0.0,"damage_taken":0.0}],"is_beta":true,"boss_relics":[{"not_picked":["Runic Pyramid","Eternal Feather"],"picked":"Fusion Hammer"},{"not_picked":["Lizard Tail","Runic Cube"],"picked":"Sozu"}],"items_purged_floors":[22,29],"is_endless":false,"potions_floor_spawned":[10,11,12,16,24,27,28,30,40,44,48],"ascension_level":0}