{"path_per_floor":["M","?","?","M","M","R","M","T","T","?","M","R","M","$","R","B",null,"M","?","M","M","M","R","M","M","T","M","?","R","M","$","R","B",null,"M","T","M","?","$","R","?","R","T","$","M","M","M","?","R"],"character_chosen":"IRONCLAD","items_purchased":["Fiend Fire","Oddly Smooth Stone","Pear","Medical Kit"],"gold_per_floor":[216,391,391,404,422,422,442,442,442,442,455,455,468,76,76,197,197,220,220,238,248,263,263,274,285,367,383,383,383,402,59,59,161,161,181,206,222,222,15,15,15,15,15,15,34,50,64,64,64],"floor_reached":50,"campfire_rested":3,"playtime":2210,"current_hp_per_floor":[80,80,77,72,67,67,68,68,68,48,46,46,32,32,56,14,80,76,76,73,65,55,55,38,39,44,54,54,54,34,44,71,49,90,96,96,90,78,78,78,78,78,78,78,86,72,75,75,99],"items_purged":["Doubt","Strike_R"],"gold":64,"score":438,"play_id":"e7a91507-c0f8-47e4-a99d-e5efbac84e9f","is_prod":false,"is_daily":false,"is_ascension_mode":false,"campfire_upgraded":6,"path_taken":["M","?","?","?","M","R","M","?","T","?","M","R","M","$","R","BOSS","M","?","M","M","M","R","M","M","T","M","?","R","?","$","R","BOSS","M","?","M","?","$","R","?","R","T","?","M","?","M","?","R","BOSS"],"build_version":"2018-02-08-PROD1","purchased_purges":3,"victory":false,"master_deck":["Strike_R","Strike_R","Strike_R","Strike_R","Defend_R","Defend_R","Defend_R","Defend_R","Bash+1","Headbutt","Armaments+1","Infernal Blade","Heavy Blade+1","Fiend Fire+1","Limit Break+1","Flex+1","Flex+1","Battle Trance+1","Metallicize+1","Shrug It Off","Feed","Madness","Madness","Good Instincts","Corruption+1","Shrug It Off","Sentinel+1"],"max_hp_per_floor":[80,80,80,80,80,80,80,80,80,80,80,80,80,80,80,80,80,80,80,80,80,80,80,80,80,80,80,80,80,80,90,90,90,90,96,96,96,96,96,96,96,96,96,96,99,99,99,99,99],"relics":["Burning Blood","Vajra","Torii","Ginger","Bloody Idol","Oddly Smooth Stone","Runic Cube","Centennial Puzzle","Pear","Sozu","Pen Nib","Medical Kit","Charon\u0027s Ashes"],"card_choices":[{"not_picked":["Clothesline","Flex"],"picked":"Headbutt"},{"not_picked":["Headbutt","Infernal Blade"],"picked":"Armaments"},{"not_picked":["Sentinel","Intimidate"],"picked":"Infernal Blade"},{"not_picked":["Flex","Cleave"],"picked":"Heavy Blade"},{"not_picked":["Double Tap","Immolate"],"picked":"Limit Break"},{"not_picked":["Rage","Wild Strike"],"picked":"Flex"},{"not_picked":["Armaments","Combust"],"picked":"Flex"},{"not_picked":["Sword Boomerang","Reckless Charge"],"picked":"Battle Trance"},{"not_picked":["Heavy Blade","Pommel Strike"],"picked":"Metallicize"},{"not_picked":["Perfected Strike","Flex"],"picked":"Shrug It Off"},{"not_picked":["Armaments","Havoc"],"picked":"Feed"},{"not_picked":["Sword Boomerang","Perfected Strike"],"picked":"Corruption"},{"not_picked":["Clash","Armaments"],"picked":"Shrug It Off"},{"not_picked":["Rage","Burning Pact"],"picked":"Sentinel"}],"player_experience":171712,"potions_floor_usage":[24,27],"damage_taken":[{"damage":6.0,"enemies":"Cultist","floor":1.0,"turns":3.0},{"damage":11.0,"enemies":"Small Slimes","floor":4.0,"turns":3.0},{"damage":11.0,"enemies":"Blue Slaver","floor":5.0,"turns":4.0},{"damage":5.0,"enemies":"Looter","floor":7.0,"turns":4.0},{"damage":8.0,"enemies":"3 Louse","floor":11.0,"turns":3.0},{"damage":20.0,"enemies":"Exordium Wildlife","floor":13.0,"turns":4.0},{"damage":48,"enemies":"Slime Boss","floor":16,"turns":10},{"damage":10,"enemies":"Spheric Guardian","floor":18,"turns":3},{"damage":14,"enemies":"Chosen","floor":20,"turns":5},{"damage":19,"enemies":"3 Cultists","floor":21,"turns":4},{"damage":21,"enemies":"Snake Plant","floor":22,"turns":3},{"damage":28,"enemies":"Centurion and Healer","floor":24,"turns":5},{"damage":10,"enemies":"Sentry and Sphere","floor":25,"turns":3},{"damage":1,"enemies":"Snake Plant","floor":27,"turns":3},{"damage":31,"enemies":"Cultist and Chosen","floor":30,"turns":6},{"damage":33,"enemies":"Automaton","floor":33,"turns":6},{"damage":5,"enemies":"3 Shapes","floor":35,"turns":6},{"damage":17,"enemies":"3 Darklings","floor":37,"turns":7},{"damage":6,"enemies":"Sphere and 2 Shapes","floor":45,"turns":3},{"damage":25,"enemies":"4 Shapes","floor":46,"turns":3},{"damage":8,"enemies":"3 Darklings","floor":47,"turns":3},{"damage":102,"enemies":"Time Eater","floor":50,"turns":6}],"event_choices":[{"event_name":"Liars Game","player_choice":"agreed","floor":2.0,"damage_taken":0.0},{"event_name":"Scrap Ooze","player_choice":"success","floor":3.0,"damage_taken":3.0},{"event_name":"Golden Idol","player_choice":"Take Damage","floor":10.0,"damage_taken":0.0},{"event_name":"Forgotten Altar","player_choice":"Gave Idol","floor":19,"damage_taken":0},{"event_name":"The Woman in Blue","player_choice":"Bought 0 Potions","floor":28,"damage_taken":0},{"event_name":"Winding Halls","player_choice":"Embrace Madness","floor":38,"damage_taken":0},{"event_name":"Match and Keep!","player_choice":"1 cards matched","floor":41,"damage_taken":0},{"event_name":"Upgrade Shrine","player_choice":"Upgraded","floor":48,"damage_taken":0}],"boss_relics":[{"not_picked":["Philosopher\u0027s Stone","Question Card"],"picked":"Runic Cube"},{"not_picked":["Orrery","White Beast Statue"],"picked":"Sozu"}],"potions_floor_spawned":[13,16,21,24,27,33,35,37,46],"seed_played":"4846663336845562471","killed_by":"Time Eater","ascension_level":0,"is_trial":false}