{"gold_per_floor":[17,37,37,48,58,58,121,121,121,135,135,151,151,28,28,131,131,146,146,21,221,234,234],"floor_reached":23,"playtime":1176,"items_purged":["Writhe"],"score":248,"play_id":"d2419726-b848-47b4-b649-b9435b0b723c","local_time":"20190120003847","is_ascension_mode":true,"campfire_choices":[{"data":"Armaments","floor":6,"key":"SMITH"},{"data":"Inflame","floor":8,"key":"SMITH"},{"data":"Rage","floor":15,"key":"SMITH"}],"neow_cost":"NO_GOLD","seed_source_timestamp":806876872810000,"circlet_count":0,"master_deck":["Strike_R","Strike_R","Strike_R","Strike_R","Strike_R","Defend_R","Defend_R","Defend_R","Defend_R","Bash","Cleave","Armaments+1","Inflame+1","Intimidate","Rupture","True Grit","Rampage+1","Clash+1","Rage+1","Dark Embrace","Rage","Iron Wave+1","Metallicize+1"],"relics":["Burning Blood","Gambling Chip","Blue Candle","Tiny Chest","Molten Egg 2","Meat on the Bone","Runic Pyramid","Toxic Egg 2"],"potions_floor_usage":[7,7,7],"damage_taken":[{"damage":2,"enemies":"Small Slimes","floor":1,"turns":4},{"damage":16,"enemies":"Jaw Worm","floor":2,"turns":4},{"damage":0,"enemies":"2 Louse","floor":4,"turns":2},{"damage":6,"enemies":"Blue Slaver","floor":5,"turns":6},{"damage":17,"enemies":"Lagavulin","floor":7,"turns":7},{"damage":11,"enemies":"Exordium Thugs","floor":10,"turns":3},{"damage":13,"enemies":"Large Slime","floor":12,"turns":4},{"damage":15,"enemies":"The Guardian","floor":16,"turns":12},{"damage":10,"enemies":"Shell Parasite","floor":18,"turns":9},{"damage":38,"enemies":"Chosen","floor":22,"turns":7},{"damage":54,"enemies":"Book of Stabbing","floor":23,"turns":7}],"seed_played":"-722504948534079717","potions_obtained":[{"floor":1,"key":"Weak Potion"},{"floor":2,"key":"AttackPotion"},{"floor":4,"key":"PowerPotion"},{"floor":22,"key":"SneckoOil"}],"is_trial":false,"path_per_floor":["M","M","?","M","M","R","E","R","T","M","T","M","?","$","R","B",null,"M","?","$","?","M","E"],"character_chosen":"IRONCLAD","items_purchased":["Clash+1","Rage","Iron Wave+1"],"campfire_rested":0,"item_purchase_floors":[14,14,20],"current_hp_per_floor":[76,66,59,65,65,65,54,54,54,49,49,54,54,54,54,57,74,70,70,70,70,50,0],"gold":234,"neow_bonus":"ONE_RARE_RELIC","is_prod":false,"is_daily":false,"chose_seed":false,"campfire_upgraded":3,"win_rate":0,"timestamp":1547973527,"path_taken":["M","M","?","M","M","R","E","R","T","M","?","M","?","?","R","BOSS","M","?","$","?","M","E"],"build_version":"2019-01-17v2","purchased_purges":1,"victory":false,"max_hp_per_floor":[80,80,80,80,80,80,80,80,80,80,80,80,80,80,80,80,80,80,80,80,80,80,80],"card_choices":[{"not_picked":["Flame Barrier","Havoc"],"picked":"Cleave","floor":1},{"not_picked":["Iron Wave","Heavy Blade"],"picked":"Armaments","floor":2},{"not_picked":["Twin Strike","Perfected Strike"],"picked":"Inflame","floor":4},{"not_picked":["Headbutt","Havoc"],"picked":"Intimidate","floor":5},{"not_picked":["Power Through","Warcry"],"picked":"Rupture","floor":7},{"not_picked":["Entrench","Evolve"],"picked":"True Grit","floor":10},{"not_picked":["Pummel+1","Anger+1"],"picked":"Rampage+1","floor":12},{"not_picked":["Barricade","Feed+1"],"picked":"Dark Embrace","floor":16},{"not_picked":["Flex","Thunderclap+1"],"picked":"Rage","floor":18},{"not_picked":["Sword Boomerang+1","Flame Barrier+1"],"picked":"Metallicize+1","floor":22}],"player_experience":562175,"relics_obtained":[{"floor":7,"key":"Tiny Chest"},{"floor":9,"key":"Molten Egg 2"},{"floor":11,"key":"Meat on the Bone"}],"event_choices":[{"damage_healed":0,"gold_gain":0,"player_choice":"Success","damage_taken":7,"relics_obtained":["Blue Candle"],"max_hp_gain":0,"max_hp_loss":0,"event_name":"Scrap Ooze","floor":3,"gold_loss":0},{"damage_healed":0,"gold_gain":0,"player_choice":"Ignored","damage_taken":0,"max_hp_gain":0,"max_hp_loss":0,"event_name":"Liars Game","floor":13,"gold_loss":0},{"damage_healed":0,"gold_gain":0,"player_choice":"Opened","damage_taken":0,"relics_obtained":["Toxic Egg 2"],"max_hp_gain":0,"max_hp_loss":0,"event_name":"The Mausoleum","floor":19,"gold_loss":0,"cards_obtained":["Writhe"]},{"damage_healed":0,"gold_gain":200,"player_choice":"Gold","damage_taken":0,"max_hp_gain":0,"max_hp_loss":0,"event_name":"Wheel of Change","floor":21,"gold_loss":0}],"is_beta":false,"boss_relics":[{"not_picked":["Sozu","Busted Crown"],"picked":"Runic Pyramid"}],"items_purged_floors":[20],"is_endless":false,"potions_floor_spawned":[1,2,4,22],"killed_by":"Book of Stabbing","ascension_level":6}