{"gold_per_floor":[114,114,134,149,149,149,174,174,197,162,162,194,23,37,37,110,110,88,88,108,123,123],"floor_reached":22,"playtime":1059,"items_purged":[],"score":378,"play_id":"6e6da5b8-6267-4230-90d5-c93e438465c9","local_time":"20190228174413","is_ascension_mode":true,"campfire_choices":[{"floor":6.0,"key":"REST"},{"data":"Chaos","floor":8.0,"key":"SMITH"},{"data":"Dualcast","floor":11.0,"key":"SMITH"},{"data":"Darkness","floor":15.0,"key":"SMITH"}],"neow_cost":"NONE","seed_source_timestamp":68144860030808,"circlet_count":0,"master_deck":["AscendersBane","Strike_B","Strike_B","Strike_B","Strike_B","Defend_B+1","Defend_B","Defend_B+1","Defend_B","Zap+1","Dualcast+1","Darkness+1","Compile Driver","Auto Shields","Chaos+1","Reinforced Body","Steam Power","Meteor Strike","Genetic Algorithm+1","Defragment","Glacier"],"special_seed":0,"relics":["Cracked Core","Happy Flower","Bag of Marbles","Smiling Mask","Regal Pillow","DataDisk","Philosopher\u0027s Stone"],"potions_floor_usage":[22],"damage_taken":[{"damage":2.0,"enemies":"Jaw Worm","floor":1.0,"turns":3.0},{"damage":5.0,"enemies":"2 Louse","floor":3.0,"turns":3.0},{"damage":0.0,"enemies":"Cultist","floor":4.0,"turns":3.0},{"damage":13.0,"enemies":"Lagavulin","floor":7.0,"turns":6.0},{"damage":4.0,"enemies":"3 Sentries","floor":12.0,"turns":6.0},{"damage":3.0,"enemies":"Large Slime","floor":14.0,"turns":5.0},{"damage":6.0,"enemies":"The Guardian","floor":16.0,"turns":11.0},{"damage":13,"enemies":"2 Thieves","floor":18,"turns":4},{"damage":11,"enemies":"Chosen","floor":20,"turns":6},{"damage":9,"enemies":"Snecko","floor":21,"turns":4},{"damage":7,"enemies":"3 Cultists","floor":22,"turns":3}],"seed_played":"3759300727455113186","potions_obtained":[{"floor":1.0,"key":"Poison Potion"},{"floor":7.0,"key":"SkillPotion"},{"floor":16.0,"key":"Dexterity Potion"}],"is_trial":false,"path_per_floor":["M","?","M","M","?","R","E","R","T","?","R","E","$","M","R","B",null,"M","?","M","M","M"],"character_chosen":"DEFECT","items_purchased":["DataDisk"],"campfire_rested":1,"item_purchase_floors":[13],"current_hp_per_floor":[62,36,31,31,10,31,18,18,18,35,35,31,31,28,28,22,59,46,26,15,6,0],"gold":123,"neow_bonus":"UPGRADE_CARD","is_prod":false,"is_daily":false,"chose_seed":false,"campfire_upgraded":3,"win_rate":0,"timestamp":1551393853,"path_taken":["M","?","M","M","?","R","E","R","T","?","R","E","$","M","R","BOSS","M","?","M","M","M"],"build_version":"2019-01-23","purchased_purges":0,"victory":false,"max_hp_per_floor":[71,71,71,71,71,71,71,71,71,71,71,71,71,71,71,71,71,71,76,76,76,76],"card_choices":[{"not_picked":["Hologram","Beam Cell"],"picked":"Darkness","floor":1.0},{"not_picked":["Hello World","Double Energy"],"picked":"Compile Driver","floor":3.0},{"not_picked":["Storm","Steam"],"picked":"Auto Shields","floor":4.0},{"not_picked":["Rebound","Hello World"],"picked":"Chaos","floor":7.0},{"not_picked":["Doom and Gloom","Heatsinks"],"picked":"Reinforced Body","floor":12.0},{"not_picked":["Blizzard","Static Discharge"],"picked":"Steam Power","floor":14.0},{"not_picked":["Creative AI","Thunder Strike"],"picked":"Meteor Strike","floor":16.0},{"not_picked":["Double Energy+1","Skim"],"picked":"Genetic Algorithm+1","floor":18},{"not_picked":["Reinforced Body","Hologram"],"picked":"Defragment","floor":20},{"not_picked":["Chill","Leap"],"picked":"Glacier","floor":21}],"player_experience":609936,"relics_obtained":[{"floor":7.0,"key":"Bag of Marbles"},{"floor":9.0,"key":"Smiling Mask"},{"floor":12.0,"key":"Regal Pillow"}],"event_choices":[{"damage_healed":0.0,"max_hp_gain":0.0,"max_hp_loss":0.0,"gold_gain":0.0,"event_name":"Scrap Ooze","player_choice":"Success","floor":2.0,"gold_loss":0.0,"damage_taken":26.0,"relics_obtained":["Happy Flower"]},{"damage_healed":0.0,"max_hp_gain":0.0,"max_hp_loss":0.0,"gold_gain":0.0,"event_name":"Shining Light","player_choice":"Entered Light","floor":5.0,"gold_loss":0.0,"damage_taken":21.0,"cards_upgraded":["Defend_B","Defend_B"]},{"damage_healed":17.0,"max_hp_gain":0.0,"max_hp_loss":0.0,"gold_gain":0.0,"event_name":"The Cleric","player_choice":"Healed","floor":10.0,"gold_loss":35.0,"damage_taken":0.0},{"damage_healed":0,"gold_gain":0,"player_choice":"Shed Blood","damage_taken":25,"max_hp_gain":5,"max_hp_loss":0,"event_name":"Forgotten Altar","floor":19,"gold_loss":0}],"is_beta":false,"boss_relics":[{"not_picked":["Astrolabe","White Beast Statue"],"picked":"Philosopher\u0027s Stone"}],"items_purged_floors":[],"is_endless":false,"potions_floor_spawned":[1,7,16],"killed_by":"3 Cultists","ascension_level":19}