{"gold_per_floor":[119,129,79,79,90,90,103,121,173,173,192,208,218,233,233,328,328,348,368,379,393,241,241],"floor_reached":23,"playtime":899,"items_purged":[],"score":216,"play_id":"13e0d1ca-c0bb-4e58-a32b-7ddf146dbc2b","local_time":"20180914041319","is_ascension_mode":false,"campfire_choices":[{"data":"Twin Strike","floor":6,"key":"SMITH"},{"data":"Perfected Strike","floor":15,"key":"SMITH"}],"neow_cost":"CURSE","seed_source_timestamp":85660830729841,"circlet_count":0,"master_deck":["Strike_R","Strike_R","Strike_R","Strike_R","Strike_R","Defend_R","Defend_R","Defend_R","Defend_R","Bash","Twin Strike+1","Twin Strike","Double Tap","Perfected Strike+1","Wild Strike","Double Tap","Perfected Strike","Pommel Strike"],"relics":["Burning Blood","Juzu Bracelet","Black Star","Blood Vial"],"potions_floor_usage":[16,16,16],"damage_taken":[{"damage":5,"enemies":"Small Slimes","floor":1,"turns":4},{"damage":4,"enemies":"2 Louse","floor":2,"turns":3},{"damage":6,"enemies":"Jaw Worm","floor":5,"turns":3},{"damage":33,"enemies":"Exordium Thugs","floor":7,"turns":5},{"damage":9,"enemies":"Large Slime","floor":8,"turns":5},{"damage":12,"enemies":"2 Fungi Beasts","floor":11,"turns":3},{"damage":0,"enemies":"Gremlin Gang","floor":12,"turns":3},{"damage":5,"enemies":"Looter","floor":13,"turns":2},{"damage":2,"enemies":"2 Fungi Beasts","floor":14,"turns":3},{"damage":47,"enemies":"Hexaghost","floor":16,"turns":5},{"damage":34,"enemies":"Shell Parasite","floor":18,"turns":6},{"damage":8,"enemies":"3 Byrds","floor":19,"turns":5},{"damage":36,"enemies":"Snake Plant","floor":20,"turns":4},{"damage":20,"enemies":"Chosen and Byrds","floor":21,"turns":7},{"damage":0,"enemies":"Slavers","floor":23,"turns":1}],"seed_played":"7891791078892704379","potions_obtained":[{"floor":2,"key":"Poison Potion"},{"floor":8,"key":"Swift Potion"},{"floor":11,"key":"AttackPotion"},{"floor":21,"key":"Fire Potion"}],"is_trial":false,"path_per_floor":["M","M","?","$","M","R","M","M","T","?","M","M","M","M","R","B",null,"M","M","M","M","$"],"character_chosen":"IRONCLAD","items_purchased":["Blood Vial"],"campfire_rested":0,"item_purchase_floors":[22],"current_hp_per_floor":[96,96,96,96,96,96,69,66,66,66,60,66,67,71,71,30,96,68,66,36,22,22,24],"gold":241,"neow_bonus":"TWENTY_PERCENT_HP_BONUS","is_prod":false,"is_daily":false,"chose_seed":false,"campfire_upgraded":2,"win_rate":0,"timestamp":1536912799,"path_taken":["M","M","?","$","M","R","M","M","T","?","M","M","M","M","R","BOSS","M","M","M","M","$","E"],"build_version":"2018-09-06","purchased_purges":0,"victory":false,"max_hp_per_floor":[96,96,96,96,96,96,96,96,96,96,96,96,96,96,96,96,96,96,96,96,96,96,96],"card_choices":[{"not_picked":["Iron Wave","Warcry","Power Through"],"picked":"SKIP","floor":1},{"not_picked":["True Grit","Rampage","Burning Pact"],"picked":"SKIP","floor":2},{"not_picked":["Anger","Iron Wave"],"picked":"Twin Strike","floor":5},{"not_picked":["Pummel","Cleave"],"picked":"Twin Strike","floor":7},{"not_picked":["Headbutt","Seeing Red"],"picked":"Double Tap","floor":8},{"not_picked":["Clash","Wild Strike"],"picked":"Perfected Strike","floor":11},{"not_picked":["Warcry","Iron Wave","Rampage"],"picked":"SKIP","floor":12},{"not_picked":["Body Slam","Entrench","Ghostly Armor"],"picked":"SKIP","floor":13},{"not_picked":["True Grit","Flex"],"picked":"Wild Strike","floor":14},{"not_picked":["Bludgeon","Brutality"],"picked":"Double Tap","floor":16},{"not_picked":["Flame Barrier","Armaments","Disarm+1"],"picked":"SKIP","floor":18},{"not_picked":["Iron Wave","Anger"],"picked":"Perfected Strike","floor":19},{"not_picked":["Body Slam","Warcry+1","Intimidate"],"picked":"SKIP","floor":20},{"not_picked":["True Grit","Inflame+1"],"picked":"Pommel Strike","floor":21}],"player_experience":132142,"relics_obtained":[{"floor":9,"key":"Juzu Bracelet"}],"event_choices":[{"event_name":"The Cleric","player_choice":"Card Removal","floor":3,"damage_taken":0},{"event_name":"Golden Idol","player_choice":"Ignored","floor":10,"damage_taken":0}],"is_beta":false,"boss_relics":[{"not_picked":["Runic Cube","Coffee Dripper"],"picked":"Black Star"}],"items_purged_floors":[],"is_endless":false,"potions_floor_spawned":[2,8,11,12,13,21],"killed_by":"Slavers","ascension_level":0}