{"gold_per_floor":[112,125,125,145,158,184,184,209,236,264,276,305,327,356,368,479,491,516,528,540,566,592,635,647,113,165,165,175,175,189,208,208,306,306,325,325,325,177,177,210,221,231,231,251,251,268,268,283,283,283],"floor_reached":51,"playtime":5729,"items_purged":["Strike_B"],"score":665,"play_id":"c30348b3-7632-4f27-90d8-2b4f0569631c","local_time":"20190130144008","is_ascension_mode":false,"campfire_choices":[{"data":"Hello World","floor":7,"key":"SMITH"},{"floor":11,"key":"REST"},{"data":"Streamline","floor":15,"key":"SMITH"},{"floor":24,"key":"REST"},{"data":"Sunder","floor":27,"key":"SMITH"},{"data":"Loop","floor":29,"key":"SMITH"},{"data":"Fusion","floor":32,"key":"SMITH"},{"data":"Barrage","floor":45,"key":"SMITH"},{"data":"Reinforced Body","floor":47,"key":"SMITH"},{"floor":49,"key":"REST"}],"neow_cost":"NONE","seed_source_timestamp":4685835903948,"circlet_count":0,"master_deck":["Strike_B+1","Strike_B+1","Strike_B+1","Defend_B+1","Defend_B+1","Defend_B+1","Defend_B+1","Zap+1","Dualcast+1","Loop+1","Ball Lightning+1","Genetic Algorithm+1","Lockon+1","Hello World+1","Streamline+1","Chill+1","Cold Snap+1","Machine Learning+1","Electrodynamics+1","FTL+1","RitualDagger+1","Reinforced Body+1","Conserve Battery+1","Fusion+1","Sunder+1","Chaos+1","Barrage+1","Madness+1","Madness+1","Leap+1","Barrage+1","Sweeping Beam+1","Reinforced Body+1","Go for the Eyes+1"],"relics":["Cracked Core","Whetstone","Bag of Marbles","MawBank","Inserter","Enchiridion","Anchor","Meat on the Bone","Blood Vial","Dream Catcher","Philosopher\u0027s Stone","Mark of the Bloom","Vajra","Thread and Needle","Boot"],"potions_floor_usage":[22,23,33,44,46,50],"damage_taken":[{"damage":2,"enemies":"2 Louse","floor":1,"turns":2},{"damage":6,"enemies":"Cultist","floor":2,"turns":3},{"damage":0,"enemies":"Small Slimes","floor":4,"turns":2},{"damage":5,"enemies":"Looter","floor":5,"turns":3},{"damage":28,"enemies":"Lagavulin","floor":6,"turns":5},{"damage":22,"enemies":"3 Sentries","floor":8,"turns":5},{"damage":0,"enemies":"Exordium Wildlife","floor":10,"turns":3},{"damage":1,"enemies":"2 Fungi Beasts","floor":12,"turns":3},{"damage":7,"enemies":"Blue Slaver","floor":13,"turns":3},{"damage":4,"enemies":"Exordium Thugs","floor":14,"turns":5},{"damage":9,"enemies":"Hexaghost","floor":16,"turns":8},{"damage":3,"enemies":"2 Thieves","floor":18,"turns":3},{"damage":8,"enemies":"3 Byrds","floor":21,"turns":3},{"damage":3,"enemies":"3 Cultists","floor":22,"turns":3},{"damage":31,"enemies":"Book of Stabbing","floor":23,"turns":5},{"damage":8,"enemies":"Snecko","floor":28,"turns":3},{"damage":7,"enemies":"Shelled Parasite and Fungi","floor":30,"turns":5},{"damage":0,"enemies":"Cultist and Chosen","floor":31,"turns":4},{"damage":35,"enemies":"Automaton","floor":33,"turns":10},{"damage":0,"enemies":"3 Shapes","floor":35,"turns":3},{"damage":16,"enemies":"Reptomancer","floor":40,"turns":5},{"damage":0,"enemies":"Orb Walker","floor":41,"turns":3},{"damage":16,"enemies":"Sphere and 2 Shapes","floor":42,"turns":4},{"damage":0,"enemies":"Jaw Worm Horde","floor":44,"turns":4},{"damage":0,"enemies":"3 Darklings","floor":46,"turns":3},{"damage":0,"enemies":"Transient","floor":48,"turns":5},{"damage":23,"enemies":"Awakened One","floor":50,"turns":13}],"seed_played":"3644246223031593789","potions_obtained":[{"floor":4,"key":"Weak Potion"},{"floor":5,"key":"Weak Potion"},{"floor":10,"key":"GamblersBrew"},{"floor":13,"key":"Dexterity Potion"},{"floor":18,"key":"FocusPotion"},{"floor":21,"key":"Strength Potion"},{"floor":41,"key":"Explosive Potion"},{"floor":42,"key":"Explosive Potion"},{"floor":44,"key":"Regen Potion"},{"floor":48,"key":"EssenceOfSteel"}],"is_trial":false,"path_per_floor":["M","M","?","M","M","E","R","E","T","M","R","M","M","M","R","B",null,"M","?","?","M","M","E","R","$","T","R","M","R","M","M","R","B",null,"M","?","?","$","?","E","M","M","T","M","R","M","R","M","R","B",null],"character_chosen":"DEFECT","items_purchased":["Meat on the Bone","Blood Vial","Sunder","Vajra"],"campfire_rested":3,"item_purchase_floors":[25,25,25,38],"current_hp_per_floor":[80,74,74,74,69,41,41,19,19,19,43,42,35,31,31,22,82,79,73,57,49,46,15,39,39,39,39,45,45,52,54,54,33,82,82,72,72,72,72,56,56,40,40,40,40,40,40,40,40,17],"gold":283,"neow_bonus":"TEN_PERCENT_HP_BONUS","is_prod":false,"is_daily":false,"chose_seed":false,"campfire_upgraded":7,"win_rate":0.0,"timestamp":1548866408,"path_taken":["M","M","?","?","M","E","R","E","T","M","R","M","M","M","R","BOSS","M","?","?","M","M","E","R","?","T","R","M","R","M","?","R","BOSS","M","?","?","$","?","E","M","?","T","M","R","M","R","M","R","BOSS"],"build_version":"2019-01-23","purchased_purges":1,"victory":true,"max_hp_per_floor":[82,82,82,82,82,82,82,82,82,82,82,82,82,82,82,82,82,82,82,82,82,82,82,82,82,82,82,82,82,82,82,82,82,82,82,82,82,82,82,82,82,82,82,82,82,82,82,82,82,82],"card_choices":[{"not_picked":["Barrage","Cold Snap"],"picked":"Loop","floor":1},{"not_picked":["Streamline","Go for the Eyes"],"picked":"Ball Lightning","floor":2},{"not_picked":["Reboot","Barrage"],"picked":"Genetic Algorithm","floor":4},{"not_picked":["Rebound","Redo"],"picked":"Lockon","floor":5},{"not_picked":["Gash","Go for the Eyes"],"picked":"Hello World","floor":6},{"not_picked":["Compile Driver","Stack"],"picked":"Streamline","floor":8},{"not_picked":["Redo","Go for the Eyes"],"picked":"Undo","floor":10},{"not_picked":["Go for the Eyes","Compile Driver"],"picked":"Chill","floor":12},{"not_picked":["Steam Power","Consume"],"picked":"Cold Snap","floor":13},{"not_picked":["Rebound","Redo"],"picked":"Machine Learning","floor":14},{"not_picked":["Creative AI","Echo Form"],"picked":"Electrodynamics","floor":16},{"not_picked":["Sweeping Beam","Tempest"],"picked":"FTL+1","floor":18},{"not_picked":["Loop","Gash"],"picked":"Reinforced Body","floor":21},{"not_picked":["Compile Driver","Streamline"],"picked":"Conserve Battery","floor":22},{"not_picked":["Biased Cognition","Cold Snap"],"picked":"Fusion","floor":23},{"not_picked":["Storm+1","White Noise","Beam Cell"],"picked":"SKIP","floor":28},{"not_picked":["Turbo","Streamline"],"picked":"Chaos","floor":30},{"not_picked":["Hologram+1","Conserve Battery","Chill"],"picked":"SKIP","floor":31},{"not_picked":["Force Field","Aggregate"],"picked":"Barrage","floor":35},{"not_picked":["Hologram+1","Redo+1"],"picked":"Leap+1","floor":40},{"not_picked":["Hologram","Force Field+1"],"picked":"Barrage","floor":41},{"not_picked":["Turbo+1","Cold Snap+1"],"picked":"Sweeping Beam+1","floor":42},{"not_picked":["Electrodynamics","Streamline","Chill"],"picked":"SKIP","floor":44},{"not_picked":["Electrodynamics","Streamline","Chill"],"picked":"SKIP","floor":44},{"not_picked":["Cold Snap","Streamline"],"picked":"Reinforced Body","floor":46},{"not_picked":["Coolheaded+1","Steam+1","Glacier"],"picked":"SKIP","floor":48},{"not_picked":["Compile Driver","Multi-Cast"],"picked":"Go for the Eyes+1","floor":49}],"player_experience":35026,"relics_obtained":[{"floor":6,"key":"Whetstone"},{"floor":8,"key":"Bag of Marbles"},{"floor":9,"key":"MawBank"},{"floor":20,"key":"Enchiridion"},{"floor":23,"key":"Anchor"},{"floor":26,"key":"Dream Catcher"},{"floor":40,"key":"Thread and Needle"},{"floor":43,"key":"Boot"}],"event_choices":[{"damage_healed":0,"gold_gain":0,"player_choice":"Forge","damage_taken":0,"max_hp_gain":0,"max_hp_loss":0,"event_name":"Accursed Blacksmith","floor":3,"gold_loss":0,"cards_upgraded":["Zap"]},{"damage_healed":0,"gold_gain":0,"player_choice":"Joined the Cult","damage_taken":6,"max_hp_gain":0,"max_hp_loss":0,"event_name":"Nest","floor":19,"gold_loss":0,"cards_obtained":["RitualDagger"]},{"damage_healed":0,"gold_gain":0,"player_choice":"Obtained Book","damage_taken":16,"max_hp_gain":0,"max_hp_loss":0,"event_name":"Cursed Tome","floor":20,"gold_loss":0},{"damage_healed":0,"gold_gain":0,"player_choice":"Embrace Madness","damage_taken":10,"max_hp_gain":0,"max_hp_loss":0,"event_name":"Winding Halls","floor":36,"gold_loss":0,"cards_obtained":["Madness","Madness"]},{"damage_healed":0,"gold_gain":0,"player_choice":"Upgrade","damage_taken":0,"relics_obtained":["Mark of the Bloom"],"max_hp_gain":0,"max_hp_loss":0,"event_name":"MindBloom","floor":37,"gold_loss":0,"cards_upgraded":["Strike_B","Strike_B","Defend_B","Defend_B","Defend_B","Defend_B","Dualcast","Ball Lightning","Genetic Algorithm","Undo","Chill","Cold Snap","Machine Learning","Electrodynamics","RitualDagger","Reinforced Body","Conserve Battery","Chaos","Barrage","Madness","Madness"]},{"cards_removed":["Undo"],"damage_healed":0,"gold_gain":0,"player_choice":"Removed Skill","damage_taken":0,"max_hp_gain":0,"max_hp_loss":0,"event_name":"Falling","floor":39,"gold_loss":0}],"is_beta":false,"boss_relics":[{"not_picked":["Runic Pyramid","Velvet Choker"],"picked":"Inserter"},{"not_picked":["Lizard Tail","Coffee Dripper"],"picked":"Philosopher\u0027s Stone"}],"items_purged_floors":[25],"is_endless":false,"potions_floor_spawned":[4,5,10,12,13,18,21,41,42,44,48],"ascension_level":0}