{"path_per_floor":["M","?","?","?","$","E","R","?","T","E","M","?","M","E","R","B",null,"M","?","$","M","M","E","M","M","T","E","$","M","E","?","R","B",null,"M","M","?","M","M","R","E","M","T","M","M","$","R","?","R"],"character_chosen":"IRONCLAD","items_purchased":["Whirlwind","Toolbox","Flame Barrier","Ancient Tea Set","Evolve","Lantern","Pear"],"gold_per_floor":[112,112,112,112,1,42,42,80,103,141,165,165,185,228,228,348,348,366,366,111,129,148,173,191,201,201,226,6,18,47,297,297,402,402,412,425,425,439,456,456,488,503,529,546,559,91,91,143,143,143],"floor_reached":50,"campfire_rested":4,"playtime":2215,"current_hp_per_floor":[80,60,60,44,44,24,48,40,40,34,36,29,37,41,65,43,80,80,80,80,80,80,65,75,60,60,66,66,80,49,54,78,80,80,44,56,46,50,17,41,48,20,25,65,80,90,90,76,76,0],"items_purged":["Normality"],"gold":143,"score":657,"play_id":"270a7831-c389-425d-83b8-75c11e9e2ef0","local_time":"20180401044312","is_prod":false,"is_daily":false,"is_ascension_mode":true,"campfire_upgraded":2,"timestamp":1522579392,"path_taken":["M","?","?","?","$","E","R","?","T","E","?","?","M","E","R","BOSS","M","?","$","M","M","E","?","M","T","E","$","?","E","?","R","BOSS","M","M","?","M","M","R","E","M","T","M","M","$","R","?","R","BOSS"],"build_version":"2018-03-29v2","purchased_purges":1,"victory":false,"master_deck":["Strike_R","Strike_R+1","Strike_R","Strike_R","Strike_R","Defend_R","Defend_R","Defend_R","Defend_R","Bash","Whirlwind+1","Berserk","Cleave","Perfected Strike","Double Tap","Twin Strike","Battle Trance","Thunderclap","Double Tap","Infernal Blade","Armaments+1","Ghostly Armor+1","Berserk","Fire Breathing","Perfected Strike","Searing Blow+2","Flame Barrier","Metallicize","Seeing Red+1","Regret","Impervious","Cleave+1","Madness","Madness","Pommel Strike+1","Flex+1","Pommel Strike+1","Pommel Strike+1","Headbutt","Combust","Evolve","Fire Breathing"],"max_hp_per_floor":[80,80,80,80,80,80,80,80,80,80,80,80,80,80,80,80,80,80,80,80,80,80,80,80,80,80,80,80,80,80,80,80,80,80,80,80,80,80,80,80,80,80,80,80,80,90,90,90,90,93],"relics":["Burning Blood","Bloody Idol","Blood Vial","Orichalcum","Odd Mushroom","Pen Nib","Blue Candle","Oddly Smooth Stone","Mark of Pain","Toolbox","Mummified Hand","Magic Flower","Bag of Preparation","Ancient Tea Set","Paper Frog","Lizard Tail","Art of War","Omamori","Lantern","Pear","Thread and Needle"],"card_choices":[{"not_picked":["Wild Strike","Clothesline"],"picked":"Whirlwind","floor":0},{"not_picked":["Pommel Strike","Headbutt"],"picked":"Berserk","floor":1},{"not_picked":["Sword Boomerang","Dropkick"],"picked":"Cleave","floor":6},{"not_picked":["Iron Wave","Pummel"],"picked":"Perfected Strike","floor":8},{"not_picked":["Heavy Blade","Clothesline"],"picked":"Double Tap","floor":10},{"not_picked":["Iron Wave","Anger"],"picked":"Twin Strike","floor":11},{"not_picked":["Dark Embrace","Heavy Blade"],"picked":"Battle Trance","floor":13},{"not_picked":["Sentinel","Cleave"],"picked":"Thunderclap","floor":14},{"not_picked":["Immolate","Exhume"],"picked":"Double Tap","floor":16},{"not_picked":["Body Slam","Havoc"],"picked":"Infernal Blade","floor":18},{"not_picked":["Sword Boomerang","Infernal Blade"],"picked":"Armaments","floor":21},{"not_picked":["Flex","Thunderclap"],"picked":"Ghostly Armor","floor":22},{"not_picked":["Searing Blow","Power Through"],"picked":"Berserk","floor":23},{"not_picked":["Thunderclap","Sever Soul"],"picked":"Fire Breathing","floor":24},{"not_picked":["Flex","Power Through"],"picked":"Perfected Strike","floor":25},{"not_picked":["Burning Pact","Iron Wave"],"picked":"Searing Blow","floor":27},{"not_picked":["Shockwave","Blood for Blood"],"picked":"Metallicize","floor":29},{"not_picked":["Perfected Strike","Juggernaut"],"picked":"Seeing Red","floor":30},{"not_picked":["Limit Break","Reaper"],"picked":"Impervious","floor":33},{"not_picked":["Armaments","True Grit"],"picked":"Cleave","floor":35},{"not_picked":["Warcry","Burning Pact"],"picked":"Pommel Strike","floor":38},{"not_picked":["True Grit","Thunderclap"],"picked":"Flex","floor":39},{"not_picked":["Intimidate","Body Slam"],"picked":"Pommel Strike","floor":41},{"not_picked":["Heavy Blade","Hemokinesis"],"picked":"Pommel Strike","floor":42},{"not_picked":["Entrench","Anger"],"picked":"Headbutt","floor":44},{"not_picked":["Anger","Whirlwind"],"picked":"Combust","floor":45},{"not_picked":["Headbutt","Seeing Red"],"picked":"Fire Breathing","floor":48}],"player_experience":234837,"potions_floor_usage":[6,13,14,25,27,33,33,33,42,42,44,44,50],"damage_taken":[{"damage":0,"enemies":"2 Louse","floor":1,"turns":1},{"damage":28,"enemies":"Gremlin Nob","floor":6,"turns":5},{"damage":16,"enemies":"The Mushroom Lair","floor":8,"turns":3},{"damage":14,"enemies":"3 Sentries","floor":10,"turns":3},{"damage":6,"enemies":"Jaw Worm","floor":11,"turns":2},{"damage":0,"enemies":"Small Slimes","floor":13,"turns":1},{"damage":4,"enemies":"Gremlin Nob","floor":14,"turns":3},{"damage":30,"enemies":"Slime Boss","floor":16,"turns":10},{"damage":5,"enemies":"Spheric Guardian","floor":18,"turns":3},{"damage":0,"enemies":"2 Thieves","floor":21,"turns":1},{"damage":6,"enemies":"Cultist and Chosen","floor":22,"turns":4},{"damage":26,"enemies":"Slavers","floor":23,"turns":5},{"damage":3,"enemies":"Centurion and Healer","floor":24,"turns":4},{"damage":28,"enemies":"Snake Plant","floor":25,"turns":5},{"damage":11,"enemies":"Book of Stabbing","floor":27,"turns":4},{"damage":0,"enemies":"Cultist and Chosen","floor":29,"turns":4},{"damage":45,"enemies":"Slavers","floor":30,"turns":5},{"damage":13,"enemies":"Champ","floor":33,"turns":8},{"damage":72,"enemies":"3 Darklings","floor":35,"turns":6},{"damage":5,"enemies":"Orb Walker","floor":36,"turns":2},{"damage":13,"enemies":"3 Darklings","floor":38,"turns":3},{"damage":50,"enemies":"4 Shapes","floor":39,"turns":2},{"damage":10,"enemies":"2 Orb Walkers","floor":41,"turns":4},{"damage":45,"enemies":"Sphere and 2 Shapes","floor":42,"turns":5},{"damage":38,"enemies":"3 Darklings","floor":44,"turns":3},{"damage":2,"enemies":"4 Shapes","floor":45,"turns":2},{"damage":28,"enemies":"Mysterious Sphere","floor":48,"turns":4},{"damage":85,"enemies":"Awakened One","floor":50,"turns":6}],"event_choices":[{"event_name":"Golden Idol","player_choice":"Take Damage","floor":2,"damage_taken":0},{"event_name":"Accursed Blacksmith","player_choice":"Rummage","floor":3,"damage_taken":0},{"event_name":"Shining Light","player_choice":"Entered Light","floor":4,"damage_taken":0},{"event_name":"Mushrooms","player_choice":"Fought Mushrooms","floor":8,"damage_taken":0},{"event_name":"Golden Wing","player_choice":"Card Removal","floor":12,"damage_taken":0},{"event_name":"Forgotten Altar","player_choice":"Gave Idol","floor":19,"damage_taken":0},{"event_name":"Golden Shrine","player_choice":"Desecrate","floor":31,"damage_taken":0},{"event_name":"Winding Halls","player_choice":"Embrace Madness","floor":37,"damage_taken":0},{"event_name":"Mysterious Sphere","player_choice":"Fight","floor":48,"damage_taken":0}],"boss_relics":[{"not_picked":["Philosopher\u0027s Stone","Runic Pyramid"],"picked":"Mark of Pain"},{"not_picked":["Runic Cube","Velvet Choker"],"picked":"Lizard Tail"}],"potions_floor_spawned":[1,8,13,16,25,27,29,30,33,36,38,39,42,48],"seed_played":"6795174742480670074","killed_by":"Awakened One","ascension_level":2,"is_trial":false}