{"gold_per_floor":[10,10,20,36,54,54,82,82,107,118,118,43,43,43,43,133,133,158,82,100,100,118,118,18,18,18,34,34,34,34,57,57,155,155,170,184,21,79,79],"floor_reached":39,"playtime":1215,"items_purged":["Strike_R","Strike_R"],"score":758,"play_id":"e733b8ea-807f-48ef-a0eb-6d41471d3773","local_time":"20181105221803","is_ascension_mode":true,"campfire_choices":[{"floor":6,"key":"REST"},{"floor":11,"key":"REST"},{"data":"Limit Break","floor":15,"key":"SMITH"},{"floor":23,"key":"REST"},{"floor":25,"key":"REST"},{"data":"Inflame","floor":28,"key":"SMITH"},{"floor":32,"key":"REST"}],"neow_cost":"NO_GOLD","seed_source_timestamp":355707457115676,"circlet_count":0,"master_deck":["AscendersBane","Strike_R","Strike_R","Strike_R","Defend_R","Defend_R+1","Defend_R+1","Defend_R","Bash","Inflame+1","Pommel Strike","Limit Break+1","Immolate","Armaments+1","Shockwave","RitualDagger","Metallicize","Carnage"],"relics":["Burning Blood","Strawberry","Potion Belt","Anchor","Golden Idol","Busted Crown","Meat on the Bone","Snecko Eye","Ice Cream"],"potions_floor_usage":[7,7,18,27,27,31,38,38],"damage_taken":[{"damage":16,"enemies":"Jaw Worm","floor":1,"turns":5},{"damage":7,"enemies":"2 Louse","floor":3,"turns":3},{"damage":7,"enemies":"Small Slimes","floor":4,"turns":4},{"damage":14,"enemies":"Blue Slaver","floor":5,"turns":5},{"damage":25,"enemies":"Lagavulin","floor":7,"turns":5},{"damage":12,"enemies":"Looter","floor":10,"turns":3},{"damage":55,"enemies":"The Guardian","floor":16,"turns":13},{"damage":26,"enemies":"3 Byrds","floor":18,"turns":5},{"damage":13,"enemies":"Spheric Guardian","floor":20,"turns":5},{"damage":16,"enemies":"Colosseum Slavers","floor":21,"turns":3},{"damage":24,"enemies":"Shelled Parasite and Fungi","floor":22,"turns":5},{"damage":44,"enemies":"Cultist and Chosen","floor":27,"turns":9},{"damage":19,"enemies":"Chosen and Byrds","floor":31,"turns":7},{"damage":32,"enemies":"Champ","floor":33,"turns":9},{"damage":6,"enemies":"3 Shapes","floor":35,"turns":5},{"damage":18,"enemies":"Orb Walker","floor":36,"turns":4},{"damage":0,"enemies":"2 Orb Walkers","floor":38,"turns":2},{"damage":71,"enemies":"Transient","floor":39,"turns":6}],"seed_played":"-1060610907517013837","potions_obtained":[{"floor":4,"key":"SteroidPotion"},{"floor":5,"key":"SpeedPotion"},{"floor":16,"key":"Dexterity Potion"},{"floor":18,"key":"Energy Potion"},{"floor":22,"key":"Swift Potion"},{"floor":27,"key":"Weak Potion"},{"floor":35,"key":"Strength Potion"},{"floor":36,"key":"SteroidPotion"}],"is_trial":false,"path_per_floor":["M","?","M","M","M","R","E","?","T","M","R","$","?","$","R","B",null,"M","$","M","?","M","R","$","R","T","M","R","?","$","M","R","B",null,"M","M","$","?","M"],"character_chosen":"IRONCLAD","items_purchased":["Shockwave","Metallicize","Carnage"],"campfire_rested":5,"item_purchase_floors":[19,37,37],"current_hp_per_floor":[72,68,67,66,58,86,67,38,38,32,60,60,60,60,60,11,68,48,48,41,31,13,39,39,65,65,39,39,33,33,32,58,44,76,76,64,64,70,0],"gold":79,"neow_bonus":"TWENTY_PERCENT_HP_BONUS","is_prod":false,"is_daily":false,"chose_seed":false,"campfire_upgraded":2,"win_rate":0,"timestamp":1541485083,"path_taken":["M","?","M","M","M","R","E","?","T","M","R","$","?","?","R","BOSS","M","$","M","?","M","R","$","R","T","M","R","?","$","M","R","BOSS","M","M","$","?","M"],"build_version":"2018-11-01","purchased_purges":2,"victory":false,"max_hp_per_floor":[89,96,96,96,96,96,96,96,96,96,96,96,87,87,87,87,87,87,87,87,87,87,87,87,87,87,87,87,87,87,87,87,87,87,87,87,87,87,87],"card_choices":[{"not_picked":["Pommel Strike","Sword Boomerang"],"picked":"Inflame","floor":1},{"not_picked":["Wild Strike","Flex","Warcry"],"picked":"SKIP","floor":3},{"not_picked":["Sword Boomerang","Twin Strike"],"picked":"Pommel Strike","floor":4},{"not_picked":["Thunderclap","Fire Breathing"],"picked":"Limit Break","floor":5},{"not_picked":["Barricade","Sever Soul","Dropkick"],"picked":"SKIP","floor":7},{"not_picked":["Searing Blow","Perfected Strike","Flex"],"picked":"SKIP","floor":10},{"not_picked":["Juggernaut","Dark Embrace"],"picked":"Immolate","floor":16},{"not_picked":[],"picked":"Armaments+1","floor":18},{"not_picked":["Wild Strike"],"picked":"SKIP","floor":20},{"not_picked":["Pummel"],"picked":"SKIP","floor":22},{"not_picked":["Bloodletting"],"picked":"SKIP","floor":27},{"not_picked":["Twin Strike"],"picked":"SKIP","floor":31},{"not_picked":["Sword Boomerang"],"picked":"SKIP","floor":35},{"not_picked":["Warcry+1"],"picked":"SKIP","floor":36}],"player_experience":619076,"relics_obtained":[{"floor":7,"key":"Potion Belt"},{"floor":9,"key":"Anchor"},{"floor":26,"key":"Meat on the Bone"},{"floor":38,"key":"Ice Cream"}],"event_choices":[{"damage_healed":0,"gold_gain":0,"player_choice":"Success","damage_taken":11,"relics_obtained":["Strawberry"],"max_hp_gain":0,"max_hp_loss":0,"event_name":"Scrap Ooze","floor":2,"gold_loss":0},{"damage_healed":0,"gold_gain":0,"player_choice":"Entered Light","damage_taken":29,"max_hp_gain":0,"max_hp_loss":0,"event_name":"Shining Light","floor":8,"gold_loss":0,"cards_upgraded":["Defend_R","Defend_R"]},{"damage_healed":0,"gold_gain":0,"player_choice":"Lose Max HP","damage_taken":0,"relics_obtained":["Golden Idol"],"max_hp_gain":0,"max_hp_loss":9,"event_name":"Golden Idol","floor":13,"gold_loss":0},{"damage_healed":0,"gold_gain":0,"player_choice":"Fight","damage_taken":0,"max_hp_gain":0,"max_hp_loss":0,"event_name":"Colosseum","floor":21,"gold_loss":0},{"damage_healed":0,"gold_gain":0,"player_choice":"Fled From Nobs","damage_taken":0,"max_hp_gain":0,"max_hp_loss":0,"event_name":"Colosseum","floor":21,"gold_loss":0},{"damage_healed":0,"gold_gain":0,"player_choice":"Joined the Cult","damage_taken":6,"max_hp_gain":0,"max_hp_loss":0,"event_name":"Nest","floor":29,"gold_loss":0,"cards_obtained":["RitualDagger"]},{"damage_healed":0,"gold_gain":0,"player_choice":"Fight","damage_taken":0,"max_hp_gain":0,"max_hp_loss":0,"event_name":"Mysterious Sphere","floor":38,"gold_loss":0}],"is_beta":false,"boss_relics":[{"not_picked":["Runic Pyramid","Orrery"],"picked":"Busted Crown"},{"not_picked":["Runic Cube","Eternal Feather"],"picked":"Snecko Eye"}],"items_purged_floors":[12,24],"is_endless":false,"potions_floor_spawned":[4,5,16,18,21,22,27,35,36],"killed_by":"Transient","ascension_level":20}