{"gold_per_floor":[113,113,113,113,3,47,65,65,145,180,180,250,273,306,306,435,435,453,137,152,102,17,51,51,51],"floor_reached":25,"playtime":906,"items_purged":[],"score":282,"play_id":"bfe1ce83-e3a7-4b8d-9b58-aaff81c20857","local_time":"20181010235728","is_ascension_mode":true,"campfire_choices":[{"data":"Pummel","floor":8,"key":"SMITH"},{"floor":15,"key":"REST"},{"data":"Demon Form","floor":24,"key":"SMITH"}],"neow_cost":"","seed_source_timestamp":8780760896935,"circlet_count":0,"master_deck":["Strike_R+1","Strike_R+1","Strike_R","Strike_R+1","Strike_R","Defend_R+1","Defend_R","Defend_R","Defend_R","Bash+1","Spot Weakness+1","Pummel+1","Metallicize","Cleave","Thunderclap","Flex+1","Flex+1","Infernal Blade+1","Pommel Strike","Demon Form+1","Power Through+1","Armaments+1","Flex+1","Battle Trance+1","Rupture"],"relics":["Burning Blood","Golden Idol","War Paint","Toxic Egg 2","Unceasing Top","Whetstone","Tiny Chest","Paper Frog","Busted Crown","Kunai","Matryoshka","Turnip"],"potions_floor_usage":[6,10,12,14,23],"damage_taken":[{"damage":0,"enemies":"2 Louse","floor":1,"turns":4},{"damage":14,"enemies":"Lagavulin","floor":6,"turns":7},{"damage":4,"enemies":"Jaw Worm","floor":7,"turns":2},{"damage":18,"enemies":"Gremlin Nob","floor":10,"turns":3},{"damage":22,"enemies":"Lagavulin","floor":12,"turns":4},{"damage":0,"enemies":"Small Slimes","floor":13,"turns":2},{"damage":5,"enemies":"Gremlin Nob","floor":14,"turns":3},{"damage":30,"enemies":"The Guardian","floor":16,"turns":6},{"damage":27,"enemies":"2 Thieves","floor":18,"turns":3},{"damage":0,"enemies":"3 Byrds","floor":20,"turns":3},{"damage":24,"enemies":"Book of Stabbing","floor":23,"turns":3},{"damage":52,"enemies":"Slavers","floor":25,"turns":3}],"seed_played":"4403698901038908135","potions_obtained":[{"floor":1,"key":"AttackPotion"},{"floor":6,"key":"Fire Potion"},{"floor":10,"key":"Weak Potion"},{"floor":12,"key":"SkillPotion"},{"floor":18,"key":"Block Potion"}],"is_trial":false,"path_per_floor":["M","?","?","?","$","E","M","R","T","E","T","E","M","E","R","B",null,"M","$","M","?","?","E","R"],"character_chosen":"IRONCLAD","items_purchased":["Pummel","Metallicize","Kunai","Armaments+1","Flex+1"],"campfire_rested":1,"item_purchase_floors":[5,5,19,19,19],"current_hp_per_floor":[80,85,68,47,47,39,41,41,41,29,29,13,19,20,45,21,85,64,64,70,70,70,52,52,0],"gold":51,"neow_bonus":"","is_prod":false,"is_daily":false,"chose_seed":false,"campfire_upgraded":2,"win_rate":0,"timestamp":1539241048,"path_taken":["M","?","?","?","$","E","M","R","T","E","?","E","M","E","R","BOSS","M","?","M","?","?","E","R","E"],"build_version":"2018-10-04v2","purchased_purges":0,"victory":false,"max_hp_per_floor":[80,85,85,85,85,85,85,85,85,85,85,85,85,85,85,85,85,85,85,85,85,85,85,85,85],"card_choices":[{"not_picked":["Clash","Twin Strike"],"picked":"Spot Weakness","floor":1},{"not_picked":["Havoc","Corruption"],"picked":"Cleave","floor":6},{"not_picked":["Sword Boomerang","Evolve"],"picked":"Thunderclap","floor":7},{"not_picked":["Clash","Perfected Strike"],"picked":"Flex+1","floor":10},{"not_picked":["Ghostly Armor+1","Reckless Charge"],"picked":"Flex+1","floor":12},{"not_picked":["Flex+1","Iron Wave"],"picked":"Infernal Blade+1","floor":13},{"not_picked":["Berserk","Exhume+1"],"picked":"Pommel Strike","floor":14},{"not_picked":["Double Tap+1","Juggernaut"],"picked":"Demon Form","floor":16},{"not_picked":[],"picked":"Power Through+1","floor":18},{"not_picked":[],"picked":"Battle Trance+1","floor":20},{"not_picked":[],"picked":"Rupture","floor":23}],"player_experience":228868,"relics_obtained":[{"floor":6,"key":"War Paint"},{"floor":9,"key":"Toxic Egg 2"},{"floor":10,"key":"Unceasing Top"},{"floor":11,"key":"Whetstone"},{"floor":12,"key":"Tiny Chest"},{"floor":14,"key":"Paper Frog"},{"floor":23,"key":"Turnip"}],"event_choices":[{"event_name":"Big Fish","player_choice":"Donut","floor":2,"damage_taken":0},{"event_name":"Shining Light","player_choice":"Entered Light","floor":3,"damage_taken":0},{"event_name":"Golden Idol","player_choice":"Take Damage","floor":4,"damage_taken":0},{"event_name":"The Joust","player_choice":"Bet on Murderer","floor":21,"damage_taken":0},{"event_name":"Addict","player_choice":"Obtained Relic","floor":22,"damage_taken":0}],"is_beta":false,"boss_relics":[{"not_picked":["Pandora\u0027s Box","Lizard Tail"],"picked":"Busted Crown"}],"items_purged_floors":[],"is_endless":false,"potions_floor_spawned":[1,6,10,12,18],"killed_by":"Slavers","ascension_level":3}