{"gold_per_floor":[114,189,189,189,189,220,231,246,272,48,59,59,70,90,90,188,188,176,190,37,54,54],"floor_reached":22,"playtime":1710,"items_purged":["Defend_B","Strike_B"],"score":188,"play_id":"562cba5d-4892-4e0d-bf8e-29880b9d506e","local_time":"20190308140644","is_ascension_mode":false,"campfire_choices":[{"floor":12,"key":"REST"},{"floor":15,"key":"REST"}],"neow_cost":"NONE","seed_source_timestamp":179816218965499,"circlet_count":0,"master_deck":["Strike_B","Strike_B","Strike_B","Defend_B","Defend_B","Defend_B","Zap","Dualcast","Conserve Battery","Heatsinks","Gash","Streamline","Go for the Eyes","Steam","Capacitor","Hologram","Sunder","Cold Snap","Amplify","BootSequence","Rebound+1","Ball Lightning"],"relics":["Cracked Core","Shuriken","Matryoshka","Blood Vial","Bottled Flame","Sozu"],"potions_floor_usage":[16,16],"damage_taken":[{"damage":1,"enemies":"Cultist","floor":1,"turns":4},{"damage":52,"enemies":"Lagavulin","floor":6,"turns":9},{"damage":0,"enemies":"Small Slimes","floor":7,"turns":3},{"damage":5,"enemies":"Jaw Worm","floor":8,"turns":4},{"damage":3,"enemies":"Looter","floor":11,"turns":3},{"damage":4,"enemies":"Exordium Thugs","floor":13,"turns":4},{"damage":0,"enemies":"2 Fungi Beasts","floor":14,"turns":2},{"damage":39,"enemies":"Slime Boss","floor":16,"turns":10},{"damage":21,"enemies":"2 Thieves","floor":18,"turns":4},{"damage":41,"enemies":"3 Byrds","floor":19,"turns":8},{"damage":21,"enemies":"Sentry and Sphere","floor":21,"turns":4},{"damage":11,"enemies":"Cultist and Chosen","floor":22,"turns":4}],"seed_played":"4939550199748764369","potions_obtained":[{"floor":7,"key":"SpeedPotion"},{"floor":11,"key":"Weak Potion"},{"floor":13,"key":"EssenceOfSteel"}],"is_trial":false,"path_per_floor":["?","?","T","?","$"],"character_chosen":"DEFECT","items_purchased":["Go for the Eyes","Steam","Capacitor","Ball Lightning"],"campfire_rested":2,"item_purchase_floors":[10,10,10,20],"current_hp_per_floor":[81,70,70,70,75,23,23,18,18,18,17,43,41,43,69,32,87,66,27,27,8,0],"gold":54,"neow_bonus":"TEN_PERCENT_HP_BONUS","is_prod":false,"is_daily":false,"chose_seed":false,"campfire_upgraded":0,"win_rate":0.0,"timestamp":1552050404,"path_taken":["M","?","?","?","?","E","M","M","T","?","M","R","M","M","R","BOSS","M","M","$","M","M"],"build_version":"2019-01-23","purchased_purges":2,"victory":false,"max_hp_per_floor":[82,82,82,82,87,87,87,87,87,87,87,87,87,87,87,87,87,87,87,87,87,87],"card_choices":[{"not_picked":["Barrage","Coolheaded"],"picked":"Conserve Battery","floor":1},{"not_picked":["Sweeping Beam","Biased Cognition"],"picked":"Heatsinks","floor":6},{"not_picked":["Hologram","Conserve Battery"],"picked":"Gash","floor":7},{"not_picked":["Turbo","Capacitor"],"picked":"Streamline","floor":8},{"not_picked":["Sweeping Beam","Cold Snap"],"picked":"Hologram","floor":11},{"not_picked":["Stack","Conserve Battery"],"picked":"Sunder","floor":13},{"not_picked":["Turbo","Hologram"],"picked":"Cold Snap","floor":14},{"not_picked":["Rainbow","Meteor Strike"],"picked":"Amplify","floor":16},{"not_picked":["Storm","Undo"],"picked":"BootSequence","floor":18},{"not_picked":["Beam Cell","Hologram"],"picked":"Rebound+1","floor":19},{"not_picked":["Tempest+1","Barrage","Blizzard"],"picked":"SKIP","floor":21}],"player_experience":67323,"relics_obtained":[{"floor":4,"key":"Shuriken"},{"floor":6,"key":"Matryoshka"},{"floor":9,"key":"Blood Vial"},{"floor":9,"key":"Bottled Flame"}],"event_choices":[{"damage_healed":0,"gold_gain":75,"player_choice":"Gather Gold","damage_taken":11,"max_hp_gain":0,"max_hp_loss":0,"event_name":"World of Goop","floor":2,"gold_loss":0},{"damage_healed":0,"gold_gain":0,"player_choice":"Ignored","damage_taken":0,"max_hp_gain":0,"max_hp_loss":0,"event_name":"Shining Light","floor":3,"gold_loss":0},{"damage_healed":0,"gold_gain":0,"player_choice":"Donut","damage_taken":0,"max_hp_gain":5,"max_hp_loss":0,"event_name":"Big Fish","floor":5,"gold_loss":0}],"is_beta":false,"boss_relics":[{"not_picked":["Philosopher\u0027s Stone","Busted Crown"],"picked":"Sozu"}],"items_purged_floors":[10,20],"is_endless":false,"potions_floor_spawned":[7,11,13,19],"killed_by":"Cultist and Chosen","ascension_level":0}