{"path_per_floor":["M","M","$","M","?","E","M","$","T","R","M","M","M","M","R","B",null,"M","M","?","?","M","R","M","$","T","M","?","?","R","M","R"],"character_chosen":"IRONCLAD","items_purchased":["Armaments"],"gold_per_floor":[113,133,58,70,70,101,115,15,40,40,57,75,91,102,102,199,199,212,229,154,154,169,169,180,30,105,116,39,39,39,53,53,53],"floor_reached":33,"campfire_rested":3,"playtime":1521,"item_purchase_floors":[25],"current_hp_per_floor":[80,80,80,80,80,49,38,38,38,62,60,64,70,73,73,75,80,80,80,80,80,75,75,67,67,77,51,51,35,62,21,48,0],"items_purged":["Bash","Strike_R","Defend_R"],"gold":53,"score":253,"play_id":"dd4fb031-80a5-4aa6-ba94-c07d1215b2e3","local_time":"20180623112555","is_prod":false,"is_daily":false,"chose_seed":false,"is_ascension_mode":false,"campfire_upgraded":2,"win_rate":0,"timestamp":1529717155,"campfire_choices":[{"floor":10,"key":"REST"},{"data":"Rampage","floor":15,"key":"SMITH"},{"data":"Pummel","floor":23,"key":"SMITH"},{"floor":30,"key":"REST"},{"floor":32,"key":"REST"}],"path_taken":["M","?","?","M","?","E","M","$","T","R","?","M","?","M","R","BOSS","M","M","?","?","M","R","M","?","T","?","?","?","R","?","R","BOSS"],"build_version":"2018-06-21","seed_source_timestamp":3753301416316,"purchased_purges":3,"circlet_count":0,"victory":false,"master_deck":["Strike_R","Strike_R","Defend_R","Defend_R","Defend_R","Clash+1","Twin Strike","Cleave","Pummel+1","Rampage+1","Inflame","Twin Strike+1","Jack Of All Trades","Armaments","Armaments","Doubt","J.A.X.","Metallicize"],"max_hp_per_floor":[80,80,80,80,80,80,80,80,80,80,80,80,80,80,80,80,80,80,80,80,80,80,80,80,80,90,90,90,90,90,90,90,90],"relics":["Burning Blood","Orichalcum","Pen Nib","Cursed Key","Pear","Nilry\u0027s Codex"],"card_choices":[{"not_picked":["Clothesline","Shrug It Off"],"picked":"Clash","floor":1},{"not_picked":["Seeing Red","Hemokinesis","Pommel Strike"],"picked":"SKIP","floor":2},{"not_picked":["Fire Breathing","Dual Wield","Wild Strike"],"picked":"SKIP","floor":4},{"not_picked":["Headbutt","Havoc"],"picked":"Twin Strike","floor":6},{"not_picked":["Rupture","Reckless Charge"],"picked":"Cleave","floor":7},{"not_picked":["Warcry","Clothesline"],"picked":"Pummel","floor":11},{"not_picked":["Heavy Blade","Thunderclap","Entrench"],"picked":"SKIP","floor":12},{"not_picked":["Carnage","Wild Strike"],"picked":"Rampage","floor":13},{"not_picked":["Wild Strike","Sword Boomerang"],"picked":"Inflame","floor":14},{"not_picked":["Body Slam","Thunderclap+1"],"picked":"Twin Strike+1","floor":18},{"not_picked":["Body Slam+1","Warcry","Perfected Strike+1"],"picked":"SKIP","floor":19},{"not_picked":["Entrench","Rupture","Warcry+1"],"picked":"SKIP","floor":22},{"not_picked":["Warcry","Twin Strike"],"picked":"Armaments","floor":24},{"not_picked":["Dropkick","Corruption","Anger"],"picked":"SKIP","floor":27},{"not_picked":["True Grit+1","Cleave"],"picked":"Metallicize","floor":31}],"player_experience":452062,"potions_floor_usage":[6,11,27,27,31,33,33],"damage_taken":[{"damage":5,"enemies":"Cultist","floor":1,"turns":4},{"damage":4,"enemies":"Small Slimes","floor":2,"turns":4},{"damage":1,"enemies":"2 Louse","floor":4,"turns":3},{"damage":37,"enemies":"Lagavulin","floor":6,"turns":9},{"damage":17,"enemies":"Exordium Thugs","floor":7,"turns":5},{"damage":8,"enemies":"Gremlin Gang","floor":11,"turns":3},{"damage":2,"enemies":"Blue Slaver","floor":12,"turns":2},{"damage":0,"enemies":"3 Louse","floor":13,"turns":2},{"damage":3,"enemies":"2 Fungi Beasts","floor":14,"turns":3},{"damage":4,"enemies":"Slime Boss","floor":16,"turns":8},{"damage":0,"enemies":"Chosen","floor":18,"turns":3},{"damage":0,"enemies":"3 Byrds","floor":19,"turns":4},{"damage":11,"enemies":"Cultist and Chosen","floor":22,"turns":5},{"damage":14,"enemies":"Sentry and Sphere","floor":24,"turns":5},{"damage":32,"enemies":"Slaver and Parasite","floor":27,"turns":5},{"damage":47,"enemies":"Snecko","floor":31,"turns":6},{"damage":59,"enemies":"Champ","floor":33,"turns":9}],"relics_obtained":[{"floor":6,"key":"Orichalcum"},{"floor":9,"key":"Pen Nib"},{"floor":26,"key":"Pear"},{"floor":29,"key":"Nilry\u0027s Codex"}],"event_choices":[{"event_name":"Upgrade Shrine","player_choice":"Upgraded","floor":5,"damage_taken":0},{"event_name":"Beggar","player_choice":"Gave Gold","floor":20,"damage_taken":0},{"event_name":"Match and Keep!","player_choice":"1 cards matched","floor":21,"damage_taken":0},{"event_name":"Drug Dealer","player_choice":"Got JAXXED","floor":28,"damage_taken":0},{"event_name":"Cursed Tome","player_choice":"Obtained Book","floor":29,"damage_taken":0}],"boss_relics":[{"not_picked":["Fusion Hammer","Mark of Pain"],"picked":"Cursed Key"}],"items_purged_floors":[3,8,25],"is_endless":true,"potions_floor_spawned":[2,7,13,16,19,24,27,31],"seed_played":"-2459636333475996116","killed_by":"Champ","ascension_level":0,"potions_obtained":[{"floor":2,"key":"Weak Potion"},{"floor":7,"key":"PowerPotion"},{"floor":13,"key":"GamblersBrew"},{"floor":16,"key":"SpeedPotion"},{"floor":19,"key":"SteroidPotion"},{"floor":24,"key":"Poison Potion"},{"floor":27,"key":"Block Potion"},{"floor":31,"key":"BloodPotion"}],"is_trial":false}