{"gold_per_floor":[111,125,56,75,25,60,60,71,71,82,82,82,108,33,33,128,128,142,142,142,142,156,156,206,206,258,270,59,73,85,99,99,200,200,213,213,213,213,228,261,3,3,3,3,3,3,16,16,16,16],"floor_reached":51,"playtime":2208,"items_purged":["Strike_B","Defend_B"],"score":1031,"play_id":"675e7c65-78d1-4586-b045-df21703d8310","local_time":"20180919174039","is_ascension_mode":true,"campfire_choices":[{"data":"Darkness","floor":7,"key":"SMITH"},{"data":"Hologram","floor":11,"key":"SMITH"},{"data":"Hologram","floor":15,"key":"SMITH"},{"data":"Dualcast","floor":23,"key":"SMITH"},{"data":"Machine Learning","floor":25,"key":"SMITH"},{"floor":32,"key":"REST"},{"floor":42,"key":"REST"},{"floor":44,"key":"REST"},{"data":"White Noise","floor":46,"key":"SMITH"},{"floor":49,"key":"REST"}],"neow_cost":"NONE","seed_source_timestamp":428440937435487,"circlet_count":0,"master_deck":["Defend_B","Defend_B","Defend_B","Zap","Dualcast+1","Gash","FTL","Darkness+1","Hologram+1","Rebound","Hologram+1","Machine Learning+1","Rebound","Darkness+1","Steam Power+1","Double Energy","Auto Shields","Doom and Gloom","Beam Cell","Redo","Defragment+1","Echo Form","White Noise+1","Blind","Fusion+1","Melter+1"],"relics":["Cracked Core","Anchor","Pantograph","Shuriken","Vajra","Lizard Tail","Mercury Hourglass","DataDisk","Busted Crown","Dead Branch","Bottled Lightning","Cables","Matryoshka","Dream Catcher","Singing Bowl"],"potions_floor_usage":[6,13,29,39,50,50,50],"damage_taken":[{"damage":1,"enemies":"Cultist","floor":1,"turns":3},{"damage":1,"enemies":"2 Louse","floor":2,"turns":3},{"damage":0,"enemies":"Jaw Worm","floor":4,"turns":2},{"damage":0,"enemies":"3 Sentries","floor":6,"turns":5},{"damage":18,"enemies":"Exordium Thugs","floor":8,"turns":4},{"damage":3,"enemies":"Large Slime","floor":10,"turns":3},{"damage":0,"enemies":"Gremlin Nob","floor":13,"turns":2},{"damage":22,"enemies":"The Guardian","floor":16,"turns":7},{"damage":2,"enemies":"Chosen","floor":18,"turns":4},{"damage":22,"enemies":"3 Byrds","floor":22,"turns":4},{"damage":0,"enemies":"Snake Plant","floor":27,"turns":2},{"damage":27,"enemies":"Snecko","floor":29,"turns":6},{"damage":5,"enemies":"Shelled Parasite and Fungi","floor":30,"turns":3},{"damage":2,"enemies":"Cultist and Chosen","floor":31,"turns":3},{"damage":26,"enemies":"Automaton","floor":33,"turns":6},{"damage":1,"enemies":"Orb Walker","floor":35,"turns":3},{"damage":12,"enemies":"Mind Bloom Boss Battle","floor":37,"turns":5},{"damage":11,"enemies":"3 Shapes","floor":39,"turns":3},{"damage":46,"enemies":"Giant Head","floor":40,"turns":7},{"damage":35,"enemies":"3 Darklings","floor":47,"turns":3},{"damage":56,"enemies":"Donu and Deca","floor":50,"turns":5}],"seed_played":"-9092647206491372970","potions_obtained":[{"floor":4,"key":"Explosive Potion"},{"floor":6,"key":"SteroidPotion"},{"floor":8,"key":"SteroidPotion"},{"floor":10,"key":"GamblersBrew"},{"floor":16,"key":"SpeedPotion"},{"floor":30,"key":"FocusPotion"},{"floor":31,"key":"Weak Potion"},{"floor":33,"key":"Strength Potion"},{"floor":37,"key":"GamblersBrew"},{"floor":47,"key":"PowerPotion"}],"is_trial":false,"path_per_floor":["M","M","$","M","?","E","R","M","T","M","R","?","E","$","R","B",null,"M","?","?","?","M","R","?","R","T","M","$","M","M","M","R","B",null,"M","?","?","?","M","E","$","R","T","R","T","R","M","?","R","B"],"character_chosen":"DEFECT","items_purchased":["FTL","Auto Shields","Doom and Gloom","Cables"],"campfire_rested":4,"item_purchase_floors":[3,28,28,41],"current_hp_per_floor":[67,66,66,66,66,66,66,48,48,45,45,45,45,45,45,48,68,66,66,66,66,44,44,44,44,44,44,44,17,12,10,32,31,64,63,53,63,63,52,6,6,28,28,50,50,50,24,24,45,14],"gold":16,"neow_bonus":"RANDOM_COMMON_RELIC","is_prod":false,"is_daily":false,"chose_seed":false,"campfire_upgraded":6,"win_rate":0,"timestamp":1537393239,"path_taken":["M","M","?","?","?","E","R","M","T","M","R","?","E","$","R","BOSS","M","?","?","?","M","R","?","R","T","M","?","M","M","M","R","BOSS","M","?","?","?","?","E","$","R","T","R","?","R","M","?","R","BOSS"],"build_version":"2018-09-06","purchased_purges":2,"victory":true,"max_hp_per_floor":[75,75,75,75,75,75,75,75,75,75,75,75,75,75,75,75,75,75,75,75,75,75,75,75,75,75,75,75,75,75,75,75,75,75,75,75,75,75,75,75,75,75,75,75,75,75,77,73,73,73],"card_choices":[{"not_picked":["Chaos","Force Field"],"picked":"Gash","floor":1},{"not_picked":["Chill","Cold Snap"],"picked":"Gash","floor":2},{"not_picked":["Streamline","Steam"],"picked":"Darkness","floor":4},{"not_picked":["Fusion","Cold Snap","Conserve Battery"],"picked":"SKIP","floor":6},{"not_picked":["Rip and Tear","Rebound"],"picked":"Hologram","floor":8},{"not_picked":["Hello World","Blizzard"],"picked":"Rebound","floor":10},{"not_picked":["Melter","Turbo"],"picked":"Hologram","floor":13},{"not_picked":["Rainbow","Meteor Strike"],"picked":"Machine Learning","floor":16},{"not_picked":["Beam Cell","Redo"],"picked":"Rebound","floor":18},{"not_picked":["Heatsinks","Undo"],"picked":"Steam Power+1","floor":22},{"not_picked":["Streamline+1","Barrage"],"picked":"Double Energy","floor":27},{"not_picked":["Ball Lightning","Hyperbeam"],"picked":"Beam Cell","floor":29},{"not_picked":["Go for the Eyes","Barrage"],"picked":"Redo","floor":30},{"not_picked":["Turbo","Compile Driver"],"picked":"Defragment+1","floor":31},{"not_picked":["All For One","Fission"],"picked":"Echo Form","floor":33},{"not_picked":[],"picked":"White Noise","floor":35},{"not_picked":[],"picked":"Blind","floor":36},{"not_picked":[],"picked":"Fusion+1","floor":39},{"not_picked":["Cold Snap+1"],"picked":"SKIP","floor":40},{"not_picked":["Gash"],"picked":"Singing Bowl","floor":47},{"not_picked":[],"picked":"Melter+1","floor":49}],"player_experience":209075,"relics_obtained":[{"floor":6,"key":"Pantograph"},{"floor":9,"key":"Shuriken"},{"floor":13,"key":"Vajra"},{"floor":26,"key":"DataDisk"},{"floor":37,"key":"Dead Branch"},{"floor":40,"key":"Bottled Lightning"},{"floor":43,"key":"Matryoshka"},{"floor":45,"key":"Dream Catcher"},{"floor":45,"key":"Singing Bowl"}],"event_choices":[{"event_name":"The Cleric","player_choice":"Card Removal","floor":5,"damage_taken":0},{"event_name":"Living Wall","player_choice":"Forget","floor":12,"damage_taken":0},{"event_name":"Duplicator","player_choice":"One dupe","floor":19,"damage_taken":0},{"event_name":"Bonfire Elementals","player_choice":"BASIC","floor":20,"damage_taken":0},{"event_name":"The Mausoleum","player_choice":"Yes","floor":21,"damage_taken":0},{"event_name":"The Joust","player_choice":"Bet on Murderer","floor":24,"damage_taken":0},{"event_name":"SensoryStone","player_choice":"Memory 3","floor":36,"damage_taken":0},{"event_name":"MindBloom","player_choice":"Fight","floor":37,"damage_taken":0},{"event_name":"Falling","player_choice":"Removed Attack","floor":38,"damage_taken":0},{"event_name":"Winding Halls","player_choice":"Max HP","floor":48,"damage_taken":0}],"is_beta":false,"boss_relics":[{"not_picked":["Philosopher\u0027s Stone","Fusion Hammer"],"picked":"Lizard Tail"},{"not_picked":["Tiny House","Runic Pyramid"],"picked":"Busted Crown"}],"items_purged_floors":[14,28],"is_endless":false,"potions_floor_spawned":[4,6,8,10,16,22,30,31,33,37,47],"ascension_level":7}