{"gold_per_floor":[119,133,58,58,78,78,107,107,107,133,149,49,64,78,78,179,179,161,181,271,271],"floor_reached":21,"playtime":915,"items_purged":["Defend_R","Strike_R"],"score":216,"play_id":"5dbf99cd-7734-4b13-9f67-24b8d07f3e67","local_time":"20190207175152","is_ascension_mode":false,"campfire_choices":[{"data":"Searing Blow","floor":6,"key":"SMITH"},{"floor":8,"key":"REST"},{"floor":15,"key":"REST"}],"neow_cost":"NONE","seed_source_timestamp":4594638580618299,"circlet_count":0,"master_deck":["Strike_R","Strike_R","Strike_R","Defend_R","Defend_R","Defend_R","Bash","Searing Blow+1","Armaments","Barricade","Armaments","Spot Weakness","Pommel Strike+1"],"relics":["Burning Blood","Bottled Lightning","Pear","Pen Nib","Runic Pyramid"],"potions_floor_usage":[4,7,11,11,16,18,19],"damage_taken":[{"damage":1,"enemies":"Cultist","floor":1,"turns":3},{"damage":8,"enemies":"2 Louse","floor":2,"turns":3},{"damage":19,"enemies":"Jaw Worm","floor":5,"turns":4},{"damage":26,"enemies":"Lagavulin","floor":7,"turns":6},{"damage":46,"enemies":"3 Sentries","floor":10,"turns":10},{"damage":9,"enemies":"Exordium Thugs","floor":11,"turns":5},{"damage":1,"enemies":"2 Fungi Beasts","floor":13,"turns":3},{"damage":5,"enemies":"Looter","floor":14,"turns":3},{"damage":32,"enemies":"The Guardian","floor":16,"turns":12},{"damage":30,"enemies":"2 Thieves","floor":18,"turns":4},{"damage":21,"enemies":"Spheric Guardian","floor":19,"turns":7},{"damage":44,"enemies":"Centurion and Healer","floor":21,"turns":6}],"seed_played":"-3798126877348599038","potions_obtained":[{"floor":4,"key":"Fruit Juice"},{"floor":4,"key":"SneckoOil"},{"floor":4,"key":"Strength Potion"},{"floor":7,"key":"SkillPotion"},{"floor":10,"key":"PowerPotion"},{"floor":13,"key":"Weak Potion"},{"floor":16,"key":"PowerPotion"},{"floor":18,"key":"Block Potion"}],"is_trial":false,"path_per_floor":["M","M","$","?","M","R","E","R","T","E","M","$","M","M","R","B",null,"M","M","?","M"],"character_chosen":"IRONCLAD","items_purchased":[],"campfire_rested":2,"item_purchase_floors":[],"current_hp_per_floor":[80,78,78,83,70,70,50,75,85,45,42,42,47,48,76,50,95,71,56,38,0],"gold":271,"neow_bonus":"TRANSFORM_CARD","is_prod":false,"is_daily":false,"chose_seed":false,"campfire_upgraded":1,"win_rate":0,"timestamp":1549579912,"path_taken":["M","M","?","?","?","R","E","R","T","E","M","?","?","M","R","BOSS","M","M","?","M"],"build_version":"2019-01-23","purchased_purges":2,"victory":false,"max_hp_per_floor":[80,80,80,85,85,85,85,85,95,95,95,95,95,95,95,95,95,95,95,95,95],"card_choices":[{"not_picked":["Headbutt","Body Slam","Bloodletting"],"picked":"SKIP","floor":1},{"not_picked":["Clash","Havoc"],"picked":"Armaments","floor":2},{"not_picked":["Wild Strike","Pommel Strike","Uppercut"],"picked":"SKIP","floor":5},{"not_picked":["True Grit","Pommel Strike","Perfected Strike"],"picked":"SKIP","floor":7},{"not_picked":["Intimidate","Entrench","Body Slam"],"picked":"SKIP","floor":10},{"not_picked":["Dropkick","Shockwave"],"picked":"Barricade","floor":11},{"not_picked":["Clash","Sword Boomerang","Infernal Blade"],"picked":"SKIP","floor":13},{"not_picked":["Warcry","Pommel Strike"],"picked":"Armaments","floor":14},{"not_picked":["Warcry","Havoc"],"picked":"Spot Weakness","floor":18},{"not_picked":["Warcry","Clash+1"],"picked":"Pommel Strike+1","floor":19}],"player_experience":73348,"relics_obtained":[{"floor":7,"key":"Bottled Lightning"},{"floor":9,"key":"Pear"},{"floor":10,"key":"Pen Nib"}],"event_choices":[{"damage_healed":0,"gold_gain":0,"player_choice":"Got Potions","damage_taken":0,"max_hp_gain":0,"max_hp_loss":0,"event_name":"Lab","floor":4,"gold_loss":0},{"damage_healed":0,"gold_gain":90,"player_choice":"GOLD ","damage_taken":18,"max_hp_gain":0,"max_hp_loss":0,"event_name":"Knowing Skull","floor":20,"potions_obtained":[],"gold_loss":0,"cards_obtained":[]}],"is_beta":false,"boss_relics":[{"not_picked":["Philosopher\u0027s Stone","Orrery"],"picked":"Runic Pyramid"}],"items_purged_floors":[3,12],"is_endless":false,"potions_floor_spawned":[7,10,13,16,18],"killed_by":"Centurion and Healer","ascension_level":0}