{"gold_per_floor":[113,132,148,159,229,229,240,257,257,257,257,267,119,138,138,233,233,233,148,103,103,103,103,103,3,3,3,3,3,3,3,3,3,3,3,3,3,3,3,3,3,3,3,3,0,0,0,0,0,0],"floor_reached":50,"playtime":1746,"items_purged":["Thunderclap","True Grit"],"score":466,"play_id":"ff1f925b-7c7d-4f04-8c2d-bf1d6b8787ba","local_time":"20190228201904","daily_mods":["Draft"],"is_ascension_mode":false,"campfire_choices":[{"data":"Body Slam","floor":6,"key":"SMITH"},{"data":"Barricade","floor":11,"key":"SMITH"},{"data":"Seeing Red","floor":15,"key":"SMITH"},{"data":"Rage","floor":23,"key":"SMITH"},{"data":"Flame Barrier","floor":28,"key":"SMITH"},{"data":"Whirlwind","floor":32,"key":"SMITH"},{"data":"Clash","floor":40,"key":"SMITH"},{"data":"Juggernaut","floor":46,"key":"SMITH"},{"data":"Battle Trance","floor":49,"key":"SMITH"}],"neow_cost":"","seed_source_timestamp":0,"circlet_count":0,"master_deck":["Anger","Headbutt","Shrug It Off","Anger","Iron Wave","Pommel Strike","Cleave","Seeing Red+1","Thunderclap","Clothesline","Clash","Battle Trance+1","Iron Wave","Body Slam+1","Shrug It Off","Clash","Clash+1","Armaments","Barricade+1","Anger","Flex","Juggernaut+1","Flame Barrier+1","Rage+1","Whirlwind+1"],"relics":["Burning Blood","Pantograph","Darkstone Periapt","Ectoplasm","Self Forming Clay","Letter Opener","Busted Crown","Sundial","Omamori","Red Mask"],"potions_floor_usage":[16,16,33,33,42,42],"damage_taken":[{"damage":0,"enemies":"2 Louse","floor":1,"turns":1},{"damage":0,"enemies":"Small Slimes","floor":2,"turns":2},{"damage":8,"enemies":"Jaw Worm","floor":3,"turns":2},{"damage":5,"enemies":"3 Louse","floor":4,"turns":2},{"damage":2,"enemies":"Large Slime","floor":7,"turns":3},{"damage":0,"enemies":"Blue Slaver","floor":8,"turns":2},{"damage":0,"enemies":"Looter","floor":12,"turns":2},{"damage":0,"enemies":"3 Louse","floor":14,"turns":2},{"damage":39,"enemies":"Hexaghost","floor":16,"turns":6},{"damage":14,"enemies":"Spheric Guardian","floor":18,"turns":4},{"damage":10,"enemies":"2 Thieves","floor":20,"turns":3},{"damage":0,"enemies":"Centurion and Healer","floor":22,"turns":6},{"damage":22,"enemies":"Shelled Parasite and Fungi","floor":24,"turns":3},{"damage":0,"enemies":"3 Cultists","floor":27,"turns":3},{"damage":20,"enemies":"Centurion and Healer","floor":30,"turns":5},{"damage":49,"enemies":"Collector","floor":33,"turns":10},{"damage":0,"enemies":"Orb Walker","floor":35,"turns":2},{"damage":24,"enemies":"3 Shapes","floor":38,"turns":3},{"damage":17,"enemies":"Spire Growth","floor":41,"turns":4},{"damage":7,"enemies":"Giant Head","floor":42,"turns":8},{"damage":0,"enemies":"Sphere and 2 Shapes","floor":44,"turns":4},{"damage":96,"enemies":"Awakened One","floor":50,"turns":12}],"seed_played":"-8844162799270843028","potions_obtained":[{"floor":2,"key":"Dexterity Potion"},{"floor":8,"key":"LiquidBronze"},{"floor":14,"key":"EssenceOfSteel"},{"floor":16,"key":"Weak Potion"},{"floor":22,"key":"Ancient Potion"},{"floor":30,"key":"Fruit Juice"},{"floor":33,"key":"BloodPotion"},{"floor":35,"key":"Fire Potion"},{"floor":44,"key":"SmokeBomb"}],"is_trial":true,"path_per_floor":["M","M","M","M","?","R","M","M","T","?","R","M","$","M","R","B",null,"M","?","M","?","M","R","M","$","T","M","R","?","M","$","R","B",null,"M","?","$","M","?","R","M","E","T","M","?","R","$","$","R","B"],"character_chosen":"IRONCLAD","items_purchased":["Anger","Flex"],"campfire_rested":0,"item_purchase_floors":[13,13],"current_hp_per_floor":[80,80,78,79,79,79,80,80,80,68,68,74,74,80,80,47,80,72,72,68,53,59,59,43,43,43,49,49,77,63,63,63,47,90,90,90,90,72,72,72,61,69,69,75,75,75,75,75,75,0],"gold":0,"neow_bonus":"","is_prod":false,"is_daily":false,"chose_seed":false,"campfire_upgraded":9,"win_rate":0,"timestamp":1551403144,"path_taken":["M","M","M","M","?","R","M","M","T","?","R","M","?","M","R","BOSS","M","?","M","?","M","R","M","$","T","M","R","?","M","?","R","BOSS","M","?","$","M","?","R","M","E","T","M","?","R","?","$","R","BOSS"],"build_version":"2019-01-23","purchased_purges":2,"victory":false,"max_hp_per_floor":[80,80,80,80,80,80,80,80,80,80,80,80,80,80,80,80,80,80,80,80,85,85,85,85,85,85,85,85,85,85,85,85,90,90,90,90,90,90,90,90,90,90,90,90,90,90,90,90,90,90],"card_choices":[{"not_picked":["Intimidate","Entrench"],"picked":"Anger","floor":0},{"not_picked":["Bloodletting","Cleave"],"picked":"Headbutt","floor":0},{"not_picked":["Warcry","Iron Wave"],"picked":"Shrug It Off","floor":0},{"not_picked":["Sword Boomerang","Cleave"],"picked":"Anger","floor":0},{"not_picked":["Sword Boomerang","Headbutt"],"picked":"Iron Wave","floor":0},{"not_picked":["Heavy Blade","Clothesline"],"picked":"Pommel Strike","floor":0},{"not_picked":["Heavy Blade","Thunderclap"],"picked":"Cleave","floor":0},{"not_picked":["Hemokinesis","Sever Soul"],"picked":"Seeing Red","floor":0},{"not_picked":["Infernal Blade","Feel No Pain"],"picked":"Thunderclap","floor":0},{"not_picked":["Inflame","Havoc"],"picked":"Thunderclap","floor":0},{"not_picked":["Havoc","Heavy Blade"],"picked":"Clothesline","floor":0},{"not_picked":["Dual Wield","Twin Strike"],"picked":"Clash","floor":0},{"not_picked":["Warcry","Shockwave"],"picked":"Battle Trance","floor":0},{"not_picked":["Heavy Blade","Sentinel"],"picked":"Iron Wave","floor":0},{"not_picked":["Corruption","Twin Strike"],"picked":"Body Slam","floor":0},{"not_picked":["Flex","Iron Wave"],"picked":"Shrug It Off","floor":1},{"not_picked":["True Grit","Havoc"],"picked":"Clash","floor":2},{"not_picked":["Perfected Strike","Pommel Strike"],"picked":"Clash","floor":3},{"not_picked":["Warcry","True Grit"],"picked":"Armaments","floor":4},{"not_picked":["Spot Weakness","Wild Strike"],"picked":"True Grit","floor":7},{"not_picked":["Sentinel","Uppercut"],"picked":"Barricade","floor":8},{"not_picked":["Thunderclap","Twin Strike","Armaments"],"picked":"SKIP","floor":12},{"not_picked":["Wild Strike","Flex","Armaments"],"picked":"SKIP","floor":14},{"not_picked":["Dark Embrace","Brutality"],"picked":"Juggernaut","floor":16},{"not_picked":["Sentinel","Headbutt"],"picked":"Flame Barrier","floor":18},{"not_picked":["True Grit","Intimidate","Whirlwind+1"],"picked":"SKIP","floor":20},{"not_picked":["Carnage","Reckless Charge"],"picked":"Rage","floor":22},{"not_picked":["Seeing Red+1","Havoc+1","Sever Soul"],"picked":"SKIP","floor":24},{"not_picked":["Heavy Blade","Dropkick+1","Pommel Strike+1"],"picked":"SKIP","floor":27},{"not_picked":["Havoc+1","Fire Breathing"],"picked":"Whirlwind","floor":30},{"not_picked":["Pommel Strike"],"picked":"SKIP","floor":35},{"not_picked":[],"picked":"Clash+1","floor":38},{"not_picked":["Warcry+1"],"picked":"SKIP","floor":41},{"not_picked":["Wild Strike"],"picked":"SKIP","floor":42},{"not_picked":["Clothesline"],"picked":"SKIP","floor":44}],"player_experience":496242,"relics_obtained":[{"floor":9,"key":"Pantograph"},{"floor":26,"key":"Letter Opener"},{"floor":42,"key":"Sundial"},{"floor":43,"key":"Omamori"}],"event_choices":[{"damage_healed":0,"gold_gain":70,"player_choice":"Gained Gold","damage_taken":0,"max_hp_gain":0,"max_hp_loss":0,"event_name":"Golden Wing","floor":5,"gold_loss":0},{"damage_healed":0,"gold_gain":0,"player_choice":"Success","damage_taken":12,"relics_obtained":["Darkstone Periapt"],"max_hp_gain":0,"max_hp_loss":0,"event_name":"Scrap Ooze","floor":10,"gold_loss":0},{"damage_healed":0,"gold_gain":0,"player_choice":"Obtained Relic","damage_taken":0,"relics_obtained":["Self Forming Clay"],"max_hp_gain":0,"max_hp_loss":0,"event_name":"Addict","floor":19,"gold_loss":85},{"damage_healed":0,"gold_gain":0,"player_choice":"Shed Blood","damage_taken":20,"max_hp_gain":5,"max_hp_loss":0,"event_name":"Forgotten Altar","floor":21,"gold_loss":0},{"damage_healed":28,"gold_gain":0,"player_choice":"Heal","damage_taken":0,"max_hp_gain":0,"max_hp_loss":0,"event_name":"The Library","floor":29,"gold_loss":0},{"damage_healed":0,"gold_gain":0,"player_choice":"Memory 1","damage_taken":0,"max_hp_gain":0,"max_hp_loss":0,"event_name":"SensoryStone","floor":36,"gold_loss":0},{"cards_removed":["Clash"],"damage_healed":0,"gold_gain":0,"player_choice":"Removed Attack","damage_taken":0,"max_hp_gain":0,"max_hp_loss":0,"event_name":"Falling","floor":39,"gold_loss":0},{"damage_healed":0,"gold_gain":0,"player_choice":"Paid","damage_taken":0,"relics_obtained":["Red Mask"],"max_hp_gain":0,"max_hp_loss":0,"event_name":"Tomb of Lord Red Mask","floor":45,"gold_loss":3}],"is_beta":false,"boss_relics":[{"not_picked":["Runic Cube","Runic Pyramid"],"picked":"Ectoplasm"},{"not_picked":["Empty Cage","Black Star"],"picked":"Busted Crown"}],"items_purged_floors":[13,25],"is_endless":false,"potions_floor_spawned":[2,8,14,16,22,30,33,35,44],"killed_by":"Awakened One","ascension_level":0}