{"gold_per_floor":[20,20,41,54,54,54,97,97,97,97,133,133,146,161,161,161],"floor_reached":16,"playtime":549,"items_purged":[],"score":270,"play_id":"a08a4ee9-9b98-41af-81df-b9fff05dfa21","local_time":"20190307194228","is_ascension_mode":true,"campfire_choices":[{"data":"Armaments","floor":6.0,"key":"SMITH"},{"data":"Body Slam","floor":8,"key":"SMITH"},{"data":"Double Tap","floor":12,"key":"SMITH"},{"data":"Brutality","floor":15,"key":"SMITH"}],"neow_cost":"NO_GOLD","seed_source_timestamp":184063608020273,"circlet_count":0,"master_deck":["AscendersBane","Strike_R","Strike_R","Strike_R","Strike_R","Defend_R","Defend_R","Defend_R","Defend_R","Bash+1","Double Tap+1","Body Slam+1","Twin Strike","Armaments+1","Rampage","Reckless Charge","Brutality+1","Iron Wave"],"special_seed":0,"relics":["Burning Blood","Golden Idol","Champion Belt","FossilizedHelix","Toxic Egg 2"],"potions_floor_usage":[7],"damage_taken":[{"damage":6.0,"enemies":"2 Louse","floor":1.0,"turns":4.0},{"damage":22.0,"enemies":"Small Slimes","floor":3.0,"turns":5.0},{"damage":1.0,"enemies":"Cultist","floor":4.0,"turns":3.0},{"damage":40,"enemies":"3 Sentries","floor":7,"turns":10},{"damage":0,"enemies":"Lagavulin","floor":11,"turns":7},{"damage":0,"enemies":"3 Louse","floor":13,"turns":3},{"damage":0,"enemies":"Looter","floor":14,"turns":3},{"damage":1,"enemies":"Slime Boss","floor":16,"turns":3}],"seed_played":"8568204238810313461","potions_obtained":[{"floor":1.0,"key":"Regen Potion"},{"floor":13,"key":"AttackPotion"},{"floor":14,"key":"Strength Potion"}],"is_trial":false,"path_per_floor":["M","?","M","M","?","R","E","R","T","?","E","R","M","M","R","B"],"character_chosen":"IRONCLAD","items_purchased":[],"campfire_rested":0,"item_purchase_floors":[],"current_hp_per_floor":[68,68,52,57,50,50,31,31,31,31,37,37,43,49,49,48],"gold":161,"neow_bonus":"THREE_RARE_CARDS","is_prod":false,"is_daily":false,"chose_seed":false,"campfire_upgraded":4,"win_rate":0,"timestamp":1552005748,"path_taken":["M","?","M","M","?","R","E","R","T","?","E","R","M","M","R","BOSS"],"build_version":"2019-01-23","purchased_purges":0,"victory":false,"max_hp_per_floor":[75,68,68,68,68,68,68,68,68,68,68,68,68,68,68,68],"card_choices":[{"not_picked":["Barricade","Exhume"],"picked":"Double Tap","floor":0.0},{"not_picked":["Blood for Blood","Searing Blow"],"picked":"Body Slam","floor":1.0},{"not_picked":["Sword Boomerang","Entrench"],"picked":"Twin Strike","floor":3.0},{"not_picked":["Second Wind","Body Slam"],"picked":"Armaments","floor":4.0},{"not_picked":["Feel No Pain","Havoc"],"picked":"Rampage","floor":7},{"not_picked":["Second Wind","Thunderclap"],"picked":"Reckless Charge","floor":11},{"not_picked":["Rampage","Infernal Blade+1"],"picked":"Brutality","floor":13},{"not_picked":["Clothesline","Havoc+1"],"picked":"Iron Wave","floor":14}],"player_experience":699747,"relics_obtained":[{"floor":7,"key":"Champion Belt"},{"floor":9,"key":"FossilizedHelix"},{"floor":11,"key":"Toxic Egg 2"}],"event_choices":[{"damage_healed":0.0,"max_hp_gain":0.0,"max_hp_loss":7.0,"gold_gain":0.0,"event_name":"Golden Idol","player_choice":"Lose Max HP","floor":2.0,"gold_loss":0.0,"damage_taken":0.0,"relics_obtained":["Golden Idol"]},{"cards_removed":["Strike_R"],"damage_healed":0.0,"max_hp_gain":0.0,"max_hp_loss":0.0,"gold_gain":0.0,"event_name":"Golden Wing","player_choice":"Card Removal","floor":5.0,"gold_loss":0.0,"damage_taken":7.0},{"damage_healed":0,"gold_gain":0,"player_choice":"Forge","damage_taken":0,"max_hp_gain":0,"max_hp_loss":0,"event_name":"Accursed Blacksmith","floor":10,"gold_loss":0,"cards_upgraded":["Bash"]}],"is_beta":false,"boss_relics":[],"items_purged_floors":[],"is_endless":false,"potions_floor_spawned":[1,13,14],"killed_by":"Slime Boss","ascension_level":20}