{"gold_per_floor":[118,20,34,34,54,54,54,83,106,125,159,174,188,208,208,279,279,290,17,17,28,43,43,43,74,99,14,40,40,52,52],"floor_reached":31,"playtime":1185,"items_purged":[],"score":640,"play_id":"a4ebdb8f-7401-4e1d-bd4f-6d23b023e964","local_time":"20190116233753","is_ascension_mode":true,"campfire_choices":[{"data":"Genetic Algorithm","floor":6,"key":"SMITH"},{"data":"Electrodynamics","floor":15,"key":"SMITH"},{"floor":23,"key":"RECALL"},{"data":"Heatsinks","floor":29,"key":"SMITH"}],"neow_cost":"NONE","seed_source_timestamp":544013720817700,"circlet_count":0,"master_deck":["AscendersBane","Strike_B","Strike_B","Strike_B","Defend_B","Defend_B","Defend_B","Defend_B","Zap","Dualcast","Genetic Algorithm+1","Self Repair","Go for the Eyes","Compile Driver","White Noise","Electrodynamics+1","Doom and Gloom","Ball Lightning","Static Discharge","Gash","Self Repair","Creative AI","Ball Lightning","Consume","Coolheaded","BootSequence","Injury","Go for the Eyes+1","Heatsinks+1","Stack","Force Field+1"],"relics":["Cracked Core","NeowsBlessing","Strawberry","Anchor","Cables","Coffee Dripper","Bag of Preparation","MutagenicStrength","Unceasing Top","Smiling Mask","Mummified Hand","Meat on the Bone"],"potions_floor_usage":[16,16,18,22],"damage_taken":[{"damage":0,"enemies":"Cultist","floor":1,"turns":1},{"damage":0,"enemies":"2 Louse","floor":3,"turns":1},{"damage":0,"enemies":"Jaw Worm","floor":5,"turns":1},{"damage":43,"enemies":"Lagavulin","floor":8,"turns":7},{"damage":0,"enemies":"Lots of Slimes","floor":10,"turns":1},{"damage":33,"enemies":"Gremlin Nob","floor":11,"turns":4},{"damage":1,"enemies":"Gremlin Gang","floor":12,"turns":2},{"damage":16,"enemies":"2 Fungi Beasts","floor":13,"turns":3},{"damage":6,"enemies":"3 Louse","floor":14,"turns":2},{"damage":0,"enemies":"Slime Boss","floor":16,"turns":5},{"damage":19,"enemies":"Shell Parasite","floor":18,"turns":5},{"damage":13,"enemies":"3 Byrds","floor":21,"turns":3},{"damage":22,"enemies":"Sentry and Sphere","floor":22,"turns":4},{"damage":22,"enemies":"Slavers","floor":25,"turns":2},{"damage":21,"enemies":"Book of Stabbing","floor":28,"turns":4},{"damage":4,"enemies":"Centurion and Healer","floor":30,"turns":4},{"damage":42,"enemies":"Cultist and Chosen","floor":31,"turns":5}],"seed_played":"6155069804187053555","potions_obtained":[{"floor":8,"key":"SmokeBomb"},{"floor":11,"key":"Fire Potion"},{"floor":12,"key":"Energy Potion"},{"floor":16,"key":"PowerPotion"},{"floor":21,"key":"FocusPotion"},{"floor":28,"key":"FearPotion"},{"floor":30,"key":"FearPotion"}],"is_trial":false,"path_per_floor":["M","$","M","?","M","R","?","E","T","M","E","M","M","M","R","B",null,"M","$","?","M","M","R","?","E","T","?","E","R","M","M"],"character_chosen":"DEFECT","items_purchased":["Self Repair","Go for the Eyes","Bag of Preparation","Consume","Coolheaded"],"campfire_rested":0,"item_purchase_floors":[2,2,19,19,19],"current_hp_per_floor":[64,64,64,69,69,69,69,40,40,40,14,20,11,5,5,19,67,62,62,62,56,48,48,48,26,26,26,19,19,41,0],"gold":52,"neow_bonus":"THREE_ENEMY_KILL","is_prod":false,"is_daily":false,"chose_seed":false,"campfire_upgraded":3,"win_rate":0,"timestamp":1547710673,"path_taken":["M","$","?","?","M","R","?","E","T","?","E","?","M","M","R","BOSS","M","$","?","?","M","R","?","E","T","?","E","R","?","M"],"build_version":"2019-01-10","purchased_purges":0,"victory":false,"max_hp_per_floor":[71,71,71,76,76,76,76,83,83,83,83,83,83,83,83,83,83,83,83,83,83,83,83,83,83,83,83,83,83,83,83],"card_choices":[{"not_picked":["Turbo","Coolheaded"],"picked":"Genetic Algorithm","floor":1},{"not_picked":["Double Energy","Rebound"],"picked":"Compile Driver","floor":3},{"not_picked":["Compile Driver","Double Energy"],"picked":"White Noise","floor":5},{"not_picked":["Cold Snap","Rebound"],"picked":"Electrodynamics","floor":8},{"not_picked":["Compile Driver","Stack"],"picked":"Doom and Gloom","floor":10},{"not_picked":["Blizzard","Rainbow"],"picked":"Ball Lightning","floor":11},{"not_picked":["Genetic Algorithm","Compile Driver"],"picked":"Static Discharge","floor":12},{"not_picked":["Scrape","Beam Cell"],"picked":"Gash","floor":13},{"not_picked":["Hologram","Coolheaded"],"picked":"Self Repair","floor":14},{"not_picked":["Machine Learning","Fission"],"picked":"Creative AI","floor":16},{"not_picked":["Go for the Eyes","Force Field"],"picked":"Ball Lightning","floor":18},{"not_picked":["Chaos","Beam Cell"],"picked":"Go for the Eyes+1","floor":21},{"not_picked":["Turbo","Gash"],"picked":"Heatsinks","floor":22},{"not_picked":["Sweeping Beam","Rip and Tear"],"picked":"Stack","floor":25},{"not_picked":["Thunder Strike","Stack"],"picked":"Force Field+1","floor":28},{"not_picked":["Steam Power","Undo+1","Chaos"],"picked":"SKIP","floor":30}],"player_experience":515749,"relics_obtained":[{"floor":8,"key":"Strawberry"},{"floor":9,"key":"Anchor"},{"floor":11,"key":"Cables"},{"floor":25,"key":"Unceasing Top"},{"floor":26,"key":"Smiling Mask"},{"floor":28,"key":"Meat on the Bone"}],"event_choices":[{"damage_healed":0,"gold_gain":0,"player_choice":"Donut","damage_taken":0,"max_hp_gain":5,"max_hp_loss":0,"event_name":"Big Fish","floor":4,"gold_loss":0},{"cards_removed":["Strike_B"],"damage_healed":0,"gold_gain":0,"player_choice":"Purged","damage_taken":0,"max_hp_gain":0,"max_hp_loss":0,"event_name":"Purifier","floor":7,"gold_loss":0},{"damage_healed":0,"gold_gain":0,"player_choice":"2 cards matched","damage_taken":0,"max_hp_gain":0,"max_hp_loss":0,"event_name":"Match and Keep!","floor":20,"gold_loss":0,"cards_obtained":["BootSequence","Injury"]},{"damage_healed":0,"gold_gain":0,"player_choice":"Inject Mutagens","damage_taken":0,"relics_obtained":["MutagenicStrength"],"max_hp_gain":0,"max_hp_loss":0,"event_name":"Drug Dealer","floor":24,"gold_loss":0},{"damage_healed":0,"gold_gain":0,"player_choice":"Obtained Relic","damage_taken":0,"relics_obtained":["Mummified Hand"],"max_hp_gain":0,"max_hp_loss":0,"event_name":"Addict","floor":27,"gold_loss":85}],"is_beta":false,"boss_relics":[{"not_picked":["Inserter","Pandora\u0027s Box"],"picked":"Coffee Dripper"}],"items_purged_floors":[],"is_endless":false,"potions_floor_spawned":[8,11,12,13,16,21,28,30],"killed_by":"Cultist and Chosen","ascension_level":18}