{"path_per_floor":["M","M","$","M","?","R","E","R","T","?","R","M","R","?","R","B",null,"M","?","?","$","?","R","M","R","T","$","M","M","M"],"character_chosen":"THE_SILENT","items_purchased":["Footwork","Deadly Poison","Snake Skull","Footwork"],"gold_per_floor":[114,133,4,19,19,19,54,54,54,54,54,69,69,69,69,200,200,218,218,218,61,61,61,81,81,81,4,28,41,56],"floor_reached":31,"campfire_rested":2,"playtime":1114,"current_hp_per_floor":[53,50,50,50,33,54,33,33,33,30,30,20,20,6,27,17,70,57,57,57,57,57,57,57,57,57,57,57,46,32],"items_purged":[],"gold":56,"score":280,"play_id":"0c120947-d866-410a-bec5-45e0980e96a1","is_prod":false,"is_daily":false,"is_ascension_mode":true,"campfire_upgraded":5,"path_taken":["M","M","?","M","?","R","E","R","T","?","R","M","R","?","R","BOSS","M","?","?","?","?","R","M","R","T","$","M","M","M","M"],"build_version":"2018-02-08-PROD1","purchased_purges":0,"victory":false,"master_deck":["Defend_G+1","Defend_G+1","Defend_G+1","Defend_G","Defend_G","Strike_G","Strike_G","Strike_G","Strike_G","Survivor+1","Neutralize+1","Poisoned Stab","Flying Knee","Footwork+1","Deadly Poison","Backstab","Well Laid Plans","Noxious Fumes+1","A Thousand Cuts+1","Quick Slash","Catalyst+1","Acrobatics+1","Footwork","Noxious Fumes","Bouncing Flask","PiercingWail+1"],"max_hp_per_floor":[70,70,70,70,70,70,70,70,70,70,70,70,70,70,70,70,70,70,70,70,70,70,70,70,70,70,70,70,70,70],"relics":["Question Card","Golden Idol","War Paint","Blue Candle","Tingsha","The Specimen","Snake Skull","Ice Cream"],"card_choices":[{"not_picked":["Acrobatics","Deadly Poison","Slice"],"picked":"Poisoned Stab"},{"not_picked":["Phantasmal Killer","Infinite Blades","Slice"],"picked":"Flying Knee"},{"not_picked":["Acrobatics","Infinite Blades","Outmaneuver"],"picked":"Backstab"},{"not_picked":["Bane","Choke","Poisoned Stab"],"picked":"Well Laid Plans"},{"not_picked":["Malaise","Prepared","Well Laid Plans"],"picked":"Noxious Fumes"},{"not_picked":["Envenom","Wraith Form","Venomology"],"picked":"A Thousand Cuts"},{"not_picked":["Bane","Flying Knee","Blade Dance"],"picked":"Quick Slash"},{"not_picked":["Blur","Calculated Gamble","Masterful Stab"],"picked":"Acrobatics"},{"not_picked":["Heel Hook","Outmaneuver","Poisoned Stab"],"picked":"Noxious Fumes"},{"not_picked":["Cloak And Dagger","Malaise","Quick Slash"],"picked":"Bouncing Flask"},{"not_picked":["Dagger Spray","Caltrops","Skewer"],"picked":"PiercingWail"}],"player_experience":181896,"potions_floor_usage":[30,30],"damage_taken":[{"damage":17,"enemies":"Blue Slaver","floor":1,"turns":7},{"damage":3,"enemies":"Jaw Worm","floor":2,"turns":4},{"damage":0,"enemies":"Small Slimes","floor":4,"turns":3},{"damage":21,"enemies":"3 Sentries","floor":7,"turns":8},{"damage":10,"enemies":"2 Fungi Beasts","floor":12,"turns":4},{"damage":10,"enemies":"Hexaghost","floor":16,"turns":10},{"damage":13,"enemies":"Chosen","floor":18,"turns":7},{"damage":0,"enemies":"Spheric Guardian","floor":24,"turns":3},{"damage":0,"enemies":"Snecko","floor":28,"turns":4},{"damage":11,"enemies":"Cultist and Chosen","floor":29,"turns":5},{"damage":14,"enemies":"3 Cultists","floor":30,"turns":5},{"damage":41,"enemies":"Slaver and Parasite","floor":31,"turns":4}],"event_choices":[{"event_name":"Golden Idol","player_choice":"Take Damage","floor":5,"damage_taken":0},{"event_name":"Scrap Ooze","player_choice":"success","floor":10,"damage_taken":3},{"event_name":"Shining Light","player_choice":"Entered Light","floor":14,"damage_taken":0},{"event_name":"Purifier","player_choice":"One Purge","floor":19,"damage_taken":0},{"event_name":"The Library","player_choice":"Read","floor":20,"damage_taken":0},{"event_name":"Addict","player_choice":"Ignored","floor":22,"damage_taken":0}],"boss_relics":[{"not_picked":["Calling Bell","Lizard Tail"],"picked":"The Specimen"}],"potions_floor_spawned":[2,7,12,24,29],"seed_played":"8133303764942971474","killed_by":"Slaver and Parasite","ascension_level":4,"is_trial":false}