{"gold_per_floor":[364,378,392,77,87,119,136,136,187,187,187,200,219,394,394,394],"floor_reached":16,"playtime":598,"items_purged":["Parasite"],"score":172,"play_id":"cc846d7b-14e5-479d-95da-6c32d12b6af8","local_time":"20190215210355","is_ascension_mode":true,"campfire_choices":[{"data":"Zap","floor":8.0,"key":"SMITH"},{"data":"Streamline","floor":10.0,"key":"SMITH"},{"floor":15.0,"key":"REST"}],"neow_cost":"CURSE","seed_source_timestamp":0,"circlet_count":0,"master_deck":["AscendersBane","Strike_B","Strike_B","Strike_B","Defend_B","Defend_B","Defend_B","Defend_B","Zap+1","Dualcast","Conserve Battery","Streamline+1","Chill","Swift Strike","Stack","FTL","Go for the Eyes","Recycle","Beam Cell","Doubt"],"special_seed":0,"relics":["Cracked Core","Lantern","Nunchaku","Bronze Scales"],"potions_floor_usage":[16,16],"damage_taken":[{"damage":12.0,"enemies":"Small Slimes","floor":1.0,"turns":2.0},{"damage":0.0,"enemies":"2 Louse","floor":2.0,"turns":2.0},{"damage":4.0,"enemies":"Jaw Worm","floor":3.0,"turns":4.0},{"damage":0.0,"enemies":"3 Louse","floor":5.0,"turns":3.0},{"damage":31.0,"enemies":"Gremlin Nob","floor":6.0,"turns":4.0},{"damage":0.0,"enemies":"Exordium Wildlife","floor":7.0,"turns":3.0},{"damage":1.0,"enemies":"Looter","floor":12.0,"turns":2.0},{"damage":2.0,"enemies":"Large Slime","floor":13.0,"turns":4.0},{"damage":41,"enemies":"Slime Boss","floor":16,"turns":8}],"seed_played":"3800194293179246885","potions_obtained":[{"floor":3.0,"key":"Poison Potion"},{"floor":5.0,"key":"EssenceOfSteel"},{"floor":13.0,"key":"PowerPotion"}],"is_trial":false,"path_per_floor":["M","M","M","$","M","E","M","R","T","R","?","M","M","?","R","B"],"character_chosen":"DEFECT","items_purchased":["Lantern","Swift Strike"],"campfire_rested":1,"item_purchase_floors":[4,4],"current_hp_per_floor":[56,56,52,52,52,21,21,21,21,21,14,13,11,11,32,0],"gold":394,"neow_bonus":"TWO_FIFTY_GOLD","is_prod":false,"is_daily":false,"chose_seed":false,"campfire_upgraded":2,"win_rate":0,"timestamp":1550282635,"path_taken":["M","M","M","$","M","E","M","R","T","R","?","M","M","?","R","BOSS"],"build_version":"2019-01-23","purchased_purges":1,"victory":false,"max_hp_per_floor":[75,75,75,72,72,72,72,72,72,72,72,72,72,72,72,72],"card_choices":[{"not_picked":["Cold Snap","Turbo"],"picked":"Conserve Battery","floor":1.0},{"not_picked":["Redo","Turbo"],"picked":"Streamline","floor":2.0},{"not_picked":["Leap","Hello World"],"picked":"Chill","floor":3.0},{"not_picked":["Barrage","Loop"],"picked":"Stack","floor":5.0},{"not_picked":["Redo","Sunder"],"picked":"FTL","floor":6.0},{"not_picked":["Streamline","Barrage"],"picked":"Go for the Eyes","floor":7.0},{"not_picked":["Storm","Barrage"],"picked":"Recycle","floor":12.0},{"not_picked":["Turbo","Defragment"],"picked":"Beam Cell","floor":13.0}],"player_experience":433089,"relics_obtained":[{"floor":6.0,"key":"Nunchaku"},{"floor":9.0,"key":"Bronze Scales"}],"event_choices":[{"cards_removed":["Strike_B"],"damage_healed":0.0,"max_hp_gain":0.0,"max_hp_loss":0.0,"gold_gain":0.0,"event_name":"Golden Wing","player_choice":"Card Removal","floor":11.0,"gold_loss":0.0,"damage_taken":7.0},{"damage_healed":0.0,"max_hp_gain":0.0,"max_hp_loss":0.0,"gold_gain":175.0,"event_name":"Liars Game","player_choice":"AGREE","floor":14.0,"gold_loss":0.0,"damage_taken":0.0,"cards_obtained":["Doubt"]}],"is_beta":false,"boss_relics":[],"items_purged_floors":[4],"is_endless":false,"potions_floor_spawned":[3,5,13],"killed_by":"Slime Boss","ascension_level":13}