{"gold_per_floor":[113,113,38,38,38,73,73,88,113,113,128,143,143,214,214,317,317,327,346,52,70,85,111,111,123,199,199,209,222,49,69,69,173,173,191,191,37,56,101,101,121,137,137,137,137,137],"floor_reached":47,"playtime":2091,"items_purged":["Strike_B","Strike_B"],"score":672,"play_id":"acd85438-14b6-42cd-926f-780702b5bdce","local_time":"20181119025049","is_ascension_mode":false,"campfire_choices":[{"data":"Storm","floor":7,"key":"SMITH"},{"data":"Zap","floor":10,"key":"SMITH"},{"floor":15,"key":"REST"},{"data":"Self Repair","floor":24,"key":"SMITH"},{"data":"Buffer","floor":27,"key":"SMITH"},{"data":"Loop","floor":32,"key":"SMITH"},{"floor":40,"key":"REST"},{"floor":44,"key":"REST"}],"neow_cost":"NONE","seed_source_timestamp":217842798094744,"circlet_count":0,"master_deck":["Strike_B","Strike_B+1","Defend_B","Defend_B","Defend_B","Defend_B","Zap+1","Dualcast+1","Seek","Reinforced Body","Storm+1","Chaos","Leap","Hologram+1","Cold Snap","Echo Form","Self Repair+1","Consume+1","Loop+1","Static Discharge+1","Skim","Buffer+1","Hologram","Stack+1","Capacitor","Fission+1","Ball Lightning+1","Capacitor","Barrage","Tempest","Double Energy+1","Seek","Amplify","Loop","Chill","Chill","Self Repair+1","Consume+1"],"relics":["Cracked Core","Dead Branch","Darkstone Periapt","Art of War","Shuriken","Velvet Choker","Anchor","Bottled Flame","Dodecahedron","Orrery","StoneCalendar","Ornamental Fan"],"potions_floor_usage":[16,16,19,29,31,38,39,46],"damage_taken":[{"damage":1,"enemies":"Jaw Worm","floor":1,"turns":3},{"damage":36,"enemies":"Gremlin Nob","floor":6,"turns":4},{"damage":0,"enemies":"2 Louse","floor":8,"turns":3},{"damage":0,"enemies":"Cultist","floor":11,"turns":4},{"damage":5,"enemies":"Exordium Thugs","floor":12,"turns":5},{"damage":1,"enemies":"Slime Boss","floor":16,"turns":5},{"damage":4,"enemies":"Spheric Guardian","floor":18,"turns":6},{"damage":5,"enemies":"3 Byrds","floor":19,"turns":6},{"damage":43,"enemies":"3 Cultists","floor":21,"turns":6},{"damage":11,"enemies":"Snake Plant","floor":22,"turns":3},{"damage":18,"enemies":"Book of Stabbing","floor":23,"turns":4},{"damage":8,"enemies":"Chosen and Byrds","floor":25,"turns":5},{"damage":6,"enemies":"Snecko","floor":28,"turns":4},{"damage":10,"enemies":"Sentry and Sphere","floor":29,"turns":5},{"damage":0,"enemies":"Cultist and Chosen","floor":31,"turns":5},{"damage":26,"enemies":"Collector","floor":33,"turns":5},{"damage":0,"enemies":"3 Shapes","floor":35,"turns":4},{"damage":14,"enemies":"3 Darklings","floor":38,"turns":4},{"damage":30,"enemies":"2 Orb Walkers","floor":39,"turns":4},{"damage":13,"enemies":"4 Shapes","floor":41,"turns":4},{"damage":20,"enemies":"Sphere and 2 Shapes","floor":42,"turns":3},{"damage":36,"enemies":"Donu and Deca","floor":46,"turns":5}],"seed_played":"-6482785054013309201","potions_obtained":[{"floor":6,"key":"Block Potion"},{"floor":8,"key":"Swift Potion"},{"floor":12,"key":"Explosive Potion"},{"floor":19,"key":"Poison Potion"},{"floor":28,"key":"SpeedPotion"},{"floor":29,"key":"PowerPotion"},{"floor":33,"key":"AttackPotion"},{"floor":35,"key":"Fire Potion"},{"floor":41,"key":"Swift Potion"}],"is_trial":false,"path_per_floor":["M","?","$","?","$","E","R","M","T","R","M","M","?","T","R","B",null,"M","M","$","M","M","E","R","M","T","R","M","M","$","M","R","B",null,"M","?","$","M","?","R","M","M","T","R","?","B",null],"character_chosen":"DEFECT","items_purchased":["Storm","Loop","Anchor","Capacitor","Amplify","Loop"],"campfire_rested":3,"item_purchase_floors":[3,20,20,30,37,37],"current_hp_per_floor":[74,71,71,56,56,20,20,20,20,20,20,15,15,15,37,36,75,71,75,75,46,35,31,31,33,33,33,37,37,37,47,47,31,75,75,75,75,71,41,63,60,40,40,62,62,36],"gold":137,"neow_bonus":"ONE_RANDOM_RARE_CARD","is_prod":false,"is_daily":false,"chose_seed":false,"campfire_upgraded":5,"win_rate":0,"timestamp":1542624649,"path_taken":["M","?","$","?","?","E","R","M","T","R","M","M","?","?","R","BOSS","M","M","$","M","M","E","R","M","T","R","M","M","$","M","R","BOSS","M","?","?","?","?","R","M","M","T","R","?","BOSS"],"build_version":"2018-11-15","purchased_purges":2,"victory":true,"max_hp_per_floor":[75,75,75,75,75,75,75,75,75,75,75,75,75,75,75,75,75,75,75,75,75,75,75,75,75,75,75,75,75,75,75,75,75,75,75,75,75,75,75,75,75,75,75,75,75,75],"card_choices":[{"not_picked":["Rebound","BootSequence"],"picked":"Reinforced Body","floor":1},{"not_picked":["Undo","Fusion"],"picked":"Chaos","floor":6},{"not_picked":["Compile Driver","Rebound"],"picked":"Leap","floor":8},{"not_picked":["Steam","Turbo"],"picked":"Hologram","floor":11},{"not_picked":["Turbo","Steam"],"picked":"Cold Snap","floor":12},{"not_picked":["Amplify","Seek"],"picked":"Echo Form","floor":16},{"not_picked":["Beam Cell","Coolheaded"],"picked":"Self Repair","floor":18},{"not_picked":["Coolheaded","Static Discharge"],"picked":"Consume+1","floor":19},{"not_picked":["Rebound","Streamline+1","Cold Snap"],"picked":"SKIP","floor":21},{"not_picked":["Rebound","Force Field"],"picked":"Static Discharge+1","floor":22},{"not_picked":["Undo","Go for the Eyes+1"],"picked":"Skim","floor":23},{"not_picked":["Beam Cell+1","Go for the Eyes"],"picked":"Buffer","floor":25},{"not_picked":["Streamline","Sweeping Beam+1"],"picked":"Hologram","floor":28},{"not_picked":["Turbo","Steam"],"picked":"Stack+1","floor":29},{"not_picked":["Rebound+1","Redo","Undo+1"],"picked":"SKIP","floor":31},{"not_picked":["Hyperbeam","Biased Cognition"],"picked":"Fission","floor":33},{"not_picked":["Steam+1","Coolheaded"],"picked":"Ball Lightning+1","floor":34},{"not_picked":["Auto Shields","BootSequence+1"],"picked":"Capacitor","floor":34},{"not_picked":["Sweeping Beam","Beam Cell"],"picked":"Barrage","floor":34},{"not_picked":["Fusion","Cold Snap"],"picked":"Tempest","floor":34},{"not_picked":["Steam","Leap+1"],"picked":"Double Energy+1","floor":34},{"not_picked":["Loop","Rebound"],"picked":"Seek","floor":35},{"not_picked":["Melter","Reinforced Body"],"picked":"Chill","floor":38},{"not_picked":["Ball Lightning+1","Streamline"],"picked":"Chill","floor":39},{"not_picked":["Redo+1","Coolheaded+1"],"picked":"Self Repair+1","floor":41},{"not_picked":["Beam Cell+1","Ball Lightning+1"],"picked":"Consume+1","floor":42}],"player_experience":428162,"relics_obtained":[{"floor":6,"key":"Darkstone Periapt"},{"floor":9,"key":"Art of War"},{"floor":14,"key":"Shuriken"},{"floor":23,"key":"Bottled Flame"},{"floor":26,"key":"Dodecahedron"},{"floor":39,"key":"StoneCalendar"},{"floor":43,"key":"Ornamental Fan"}],"event_choices":[{"damage_healed":0,"gold_gain":0,"player_choice":"Success","damage_taken":3,"relics_obtained":["Dead Branch"],"max_hp_gain":0,"max_hp_loss":0,"event_name":"Scrap Ooze","floor":2,"gold_loss":0},{"damage_healed":0,"gold_gain":0,"player_choice":"Entered Light","damage_taken":15,"max_hp_gain":0,"max_hp_loss":0,"event_name":"Shining Light","floor":4,"gold_loss":0,"cards_upgraded":["Strike_B","Dualcast"]},{"damage_healed":0,"gold_gain":0,"player_choice":"Grow","damage_taken":0,"max_hp_gain":0,"max_hp_loss":0,"event_name":"Living Wall","floor":13,"gold_loss":0,"cards_upgraded":["Hologram"]},{"damage_healed":0,"gold_gain":0,"player_choice":"Forge","damage_taken":0,"max_hp_gain":0,"max_hp_loss":0,"event_name":"Accursed Blacksmith","floor":36,"gold_loss":0,"cards_upgraded":["Fission"]},{"damage_healed":0,"gold_gain":0,"player_choice":"Fight","damage_taken":0,"max_hp_gain":0,"max_hp_loss":0,"event_name":"Mysterious Sphere","floor":39,"gold_loss":0},{"damage_healed":0,"gold_gain":0,"player_choice":"Took Portal","damage_taken":0,"max_hp_gain":0,"max_hp_loss":0,"event_name":"SecretPortal","floor":45,"gold_loss":0}],"is_beta":false,"boss_relics":[{"not_picked":["Lizard Tail","Eternal Feather"],"picked":"Velvet Choker"},{"not_picked":["Runic Dome","Snecko Eye"],"picked":"Orrery"}],"items_purged_floors":[20,30],"is_endless":false,"potions_floor_spawned":[6,8,12,19,28,29,33,35,41],"ascension_level":0}