{"gold_per_floor":[117,91,106,31,46,46,57,74,74,42,42,76,76,90,90,190,190,205,221,221,221,20,49,148,148,148,148,148,148,174,274,274,274],"floor_reached":33,"playtime":1543,"items_purged":[],"score":281,"play_id":"4e8d381e-d166-488e-870d-543d4663f8c0","local_time":"20181214011024","is_ascension_mode":false,"campfire_choices":[{"data":"Blizzard","floor":6,"key":"SMITH"},{"floor":13,"key":"REST"},{"floor":15,"key":"REST"},{"data":"Electrodynamics","floor":25,"key":"SMITH"},{"data":"Static Discharge","floor":27,"key":"SMITH"},{"data":"Cold Snap","floor":29,"key":"SMITH"},{"floor":32,"key":"REST"}],"neow_cost":"NONE","seed_source_timestamp":73841033007858,"circlet_count":0,"master_deck":["Strike_B","Strike_B","Strike_B","Defend_B","Defend_B","Defend_B","Defend_B","Zap","Dualcast","Turbo","Ball Lightning","Genetic Algorithm","Blizzard+1","Coolheaded","Cold Snap+1","Static Discharge+1","Hyperbeam","Electrodynamics+1","Leap+1","Static Discharge","Capacitor+1","Redo","Conserve Battery"],"relics":["Cracked Core","Bottled Flame","Ginger","Eternal Feather","MealTicket","Mercury Hourglass","Sundial","Happy Flower","Shovel","Bottled Tornado"],"potions_floor_usage":[7,12,12,23,33],"damage_taken":[{"damage":0,"enemies":"2 Louse","floor":1,"turns":4},{"damage":5,"enemies":"Small Slimes","floor":3,"turns":3},{"damage":11,"enemies":"Jaw Worm","floor":5,"turns":2},{"damage":6,"enemies":"Exordium Wildlife","floor":7,"turns":3},{"damage":3,"enemies":"Looter","floor":8,"turns":3},{"damage":46,"enemies":"Gremlin Nob","floor":12,"turns":5},{"damage":4,"enemies":"2 Fungi Beasts","floor":14,"turns":2},{"damage":42,"enemies":"Hexaghost","floor":16,"turns":10},{"damage":39,"enemies":"Shell Parasite","floor":18,"turns":7},{"damage":6,"enemies":"Spheric Guardian","floor":19,"turns":5},{"damage":27,"enemies":"Book of Stabbing","floor":23,"turns":6},{"damage":10,"enemies":"Gremlin Leader","floor":30,"turns":6},{"damage":18,"enemies":"Colosseum Slavers","floor":31,"turns":2},{"damage":37,"enemies":"Colosseum Nobs","floor":31,"turns":3},{"damage":56,"enemies":"Champ","floor":33,"turns":8}],"seed_played":"495662735138502133","potions_obtained":[{"floor":3,"key":"Dexterity Potion"},{"floor":5,"key":"LiquidBronze"},{"floor":7,"key":"FocusPotion"},{"floor":8,"key":"Regen Potion"},{"floor":31,"key":"SkillPotion"}],"is_trial":false,"path_per_floor":["M","$","M","$","M","R","M","M","T","?","?","E","R","M","R","B",null,"M","M","?","?","$","E","?","R","T","R","$","R","E","?","R","B"],"character_chosen":"DEFECT","items_purchased":["Ball Lightning","Blizzard","MealTicket"],"campfire_rested":3,"item_purchase_floors":[2,4,22],"current_hp_per_floor":[82,82,77,77,66,66,60,57,57,57,50,16,40,36,60,18,82,43,37,64,64,64,37,37,49,49,61,71,82,72,17,53,0],"gold":274,"neow_bonus":"TEN_PERCENT_HP_BONUS","is_prod":false,"is_daily":false,"chose_seed":false,"campfire_upgraded":4,"win_rate":0.0,"timestamp":1544767824,"path_taken":["M","$","M","$","M","R","M","M","T","?","?","E","R","M","R","BOSS","M","M","?","?","?","E","?","R","T","R","$","R","E","?","R","BOSS"],"build_version":"2018-12-13","purchased_purges":0,"victory":false,"max_hp_per_floor":[82,82,82,82,82,82,82,82,82,82,82,82,82,82,82,82,82,82,82,82,82,82,82,82,82,82,82,82,82,82,82,82,82],"card_choices":[{"not_picked":["Barrage","Rebound"],"picked":"Turbo","floor":1},{"not_picked":["Barrage","Cold Snap"],"picked":"Genetic Algorithm","floor":3},{"not_picked":["Hologram","Steam"],"picked":"Coolheaded","floor":5},{"not_picked":["Storm","Heatsinks"],"picked":"Cold Snap","floor":7},{"not_picked":["Stack","Beam Cell"],"picked":"Static Discharge","floor":8},{"not_picked":["Hologram","Double Energy"],"picked":"Hyperbeam","floor":12},{"not_picked":["Turbo","Melter","Stack"],"picked":"SKIP","floor":14},{"not_picked":["Reboot","Buffer"],"picked":"Electrodynamics","floor":16},{"not_picked":["Go for the Eyes+1","Doom and Gloom"],"picked":"Leap+1","floor":18},{"not_picked":["Genetic Algorithm","Streamline"],"picked":"Static Discharge","floor":19},{"not_picked":["Streamline+1","White Noise"],"picked":"Capacitor+1","floor":23},{"not_picked":["Rip and Tear","Beam Cell"],"picked":"Redo","floor":30},{"not_picked":["Fission","Heatsinks+1"],"picked":"Conserve Battery","floor":31}],"player_experience":282123,"relics_obtained":[{"floor":9,"key":"Bottled Flame"},{"floor":12,"key":"Ginger"},{"floor":23,"key":"Mercury Hourglass"},{"floor":26,"key":"Sundial"},{"floor":30,"key":"Happy Flower"},{"floor":31,"key":"Shovel"},{"floor":31,"key":"Bottled Tornado"}],"event_choices":[{"damage_healed":0,"gold_gain":0,"player_choice":"Left Gold","damage_taken":0,"max_hp_gain":0,"max_hp_loss":0,"event_name":"World of Goop","floor":10,"gold_loss":32},{"cards_removed":["Strike_B"],"damage_healed":0,"gold_gain":0,"player_choice":"Card Removal","damage_taken":7,"max_hp_gain":0,"max_hp_loss":0,"event_name":"Golden Wing","floor":11,"gold_loss":0},{"damage_healed":27,"gold_gain":0,"player_choice":"Heal","damage_taken":0,"max_hp_gain":0,"max_hp_loss":0,"event_name":"The Library","floor":20,"gold_loss":0},{"damage_healed":0,"gold_gain":0,"player_choice":"Ignored","damage_taken":0,"max_hp_gain":0,"max_hp_loss":0,"event_name":"Vampires","floor":21,"gold_loss":0},{"damage_healed":0,"gold_gain":99,"player_choice":"Stole From Cult","damage_taken":0,"max_hp_gain":0,"max_hp_loss":0,"event_name":"Nest","floor":24,"gold_loss":0},{"damage_healed":0,"gold_gain":0,"player_choice":"Fight","damage_taken":0,"max_hp_gain":0,"max_hp_loss":0,"event_name":"Colosseum","floor":31,"gold_loss":0},{"damage_healed":0,"gold_gain":0,"player_choice":"Fought Nobs","damage_taken":0,"max_hp_gain":0,"max_hp_loss":0,"event_name":"Colosseum","floor":31,"gold_loss":0}],"is_beta":false,"boss_relics":[{"not_picked":["Runic Dome","Coffee Dripper"],"picked":"Eternal Feather"}],"items_purged_floors":[],"is_endless":false,"potions_floor_spawned":[3,5,7,8,31,31],"killed_by":"Champ","ascension_level":0}