{"gold_per_floor":[119,119,119,133,3,3,33,33,108,108,108,135,148,177,177,251,251,270,270,290,290,302,302],"floor_reached":23,"playtime":1052,"items_purged":[],"score":345,"play_id":"bcc73f07-4fb8-47dc-ae59-876c5c8862ce","local_time":"20190303223717","is_ascension_mode":true,"campfire_choices":[{"data":"Zap","floor":6,"key":"SMITH"},{"floor":11,"key":"REST"},{"data":"Chaos","floor":15,"key":"SMITH"}],"neow_cost":"NONE","seed_source_timestamp":49770498764673,"circlet_count":0,"master_deck":["AscendersBane","Strike_B","Strike_B","Strike_B","Strike_B","Defend_B+1","Defend_B","Defend_B+1","Defend_B","Zap+1","Dualcast","Gash","Compile Driver","Capacitor","Chaos+1","Auto Shields","Glacier","Creative AI","Writhe","Stack+1","Undo"],"relics":["Cracked Core","GremlinMask","Centennial Puzzle","Art of War","Lantern","Snecko Eye","Happy Flower","Nloth\u0027s Gift"],"potions_floor_usage":[7,16,20,22],"damage_taken":[{"damage":7,"enemies":"Small Slimes","floor":1,"turns":3},{"damage":7,"enemies":"2 Louse","floor":4,"turns":3},{"damage":9,"enemies":"Lagavulin","floor":7,"turns":7},{"damage":0,"enemies":"Cultist","floor":13,"turns":3},{"damage":11,"enemies":"3 Sentries","floor":14,"turns":6},{"damage":14,"enemies":"The Guardian","floor":16,"turns":15},{"damage":11,"enemies":"Spheric Guardian","floor":18,"turns":5},{"damage":17,"enemies":"3 Byrds","floor":20,"turns":6},{"damage":9,"enemies":"Snecko","floor":22,"turns":7},{"damage":37,"enemies":"Slavers","floor":23,"turns":3}],"seed_played":"4953996470483381566","potions_obtained":[{"floor":13,"key":"GamblersBrew"},{"floor":14,"key":"EssenceOfSteel"},{"floor":16,"key":"Poison Potion"},{"floor":18,"key":"Weak Potion"},{"floor":20,"key":"FearPotion"}],"is_trial":false,"path_per_floor":["M","?","?","M","$","R","E","?","T","?","R","T","M","E","R","B",null,"M","?","M","?","M","E"],"character_chosen":"DEFECT","items_purchased":["Capacitor","Poison Potion"],"campfire_rested":1,"item_purchase_floors":[5,5],"current_hp_per_floor":[64,41,41,34,34,34,25,25,25,25,48,48,48,37,37,23,64,53,59,42,42,33,0],"gold":302,"neow_bonus":"TEN_PERCENT_HP_BONUS","is_prod":false,"is_daily":false,"chose_seed":false,"campfire_upgraded":2,"win_rate":0,"timestamp":1551649037,"path_taken":["M","?","?","?","$","R","E","?","T","?","R","?","?","E","R","BOSS","M","?","M","?","?","E"],"build_version":"2019-01-23","purchased_purges":0,"victory":false,"max_hp_per_floor":[78,78,78,78,78,78,78,78,78,78,78,78,78,78,78,78,78,78,84,84,84,84,84],"card_choices":[{"not_picked":["Sweeping Beam","Streamline"],"picked":"Gash","floor":1},{"not_picked":["Go for the Eyes","Blizzard"],"picked":"Compile Driver","floor":4},{"not_picked":["Streamline","Reinforced Body"],"picked":"Chaos","floor":7},{"not_picked":["Rip and Tear","Stack"],"picked":"Auto Shields","floor":13},{"not_picked":["Cold Snap","Sweeping Beam"],"picked":"Glacier","floor":14},{"not_picked":["Core Surge","Machine Learning"],"picked":"Creative AI","floor":16},{"not_picked":["Auto Shields","Rip and Tear","Sweeping Beam"],"picked":"SKIP","floor":18},{"not_picked":["BootSequence","Cold Snap"],"picked":"Stack+1","floor":20},{"not_picked":["Fusion","Compile Driver"],"picked":"Undo","floor":22}],"player_experience":1057491,"relics_obtained":[{"floor":7,"key":"Centennial Puzzle"},{"floor":9,"key":"Darkstone Periapt"},{"floor":12,"key":"Art of War"},{"floor":14,"key":"Lantern"}],"event_choices":[{"damage_healed":0,"gold_gain":0,"player_choice":"Entered Light","damage_taken":23,"max_hp_gain":0,"max_hp_loss":0,"event_name":"Shining Light","floor":2,"gold_loss":0,"cards_upgraded":["Defend_B","Defend_B"]},{"damage_healed":0,"gold_gain":0,"player_choice":"Trade","damage_taken":0,"relics_obtained":["GremlinMask"],"max_hp_gain":0,"max_hp_loss":0,"event_name":"FaceTrader","floor":3,"gold_loss":0},{"damage_healed":0,"gold_gain":0,"player_choice":"Ignored","damage_taken":0,"max_hp_gain":0,"max_hp_loss":0,"event_name":"Liars Game","floor":8,"gold_loss":0},{"damage_healed":0,"gold_gain":0,"player_choice":"Ignored","damage_taken":0,"max_hp_gain":0,"max_hp_loss":0,"event_name":"Golden Wing","floor":10,"gold_loss":0},{"damage_healed":0,"gold_gain":0,"player_choice":"Opened","damage_taken":0,"relics_obtained":["Happy Flower"],"max_hp_gain":0,"max_hp_loss":0,"event_name":"The Mausoleum","floor":19,"gold_loss":0,"cards_obtained":["Writhe"]},{"damage_healed":0,"gold_gain":0,"player_choice":"Traded Relic","damage_taken":0,"relics_obtained":["Nloth\u0027s Gift"],"max_hp_gain":0,"max_hp_loss":0,"event_name":"N\u0027loth","floor":21,"relics_lost":["Darkstone Periapt"],"gold_loss":0}],"is_beta":false,"boss_relics":[{"not_picked":["Runic Pyramid","Inserter"],"picked":"Snecko Eye"}],"items_purged_floors":[],"is_endless":false,"potions_floor_spawned":[13,14,16,18,20],"killed_by":"Slavers","ascension_level":15}