{"gold_per_floor":[112,130,205,205,221,250,266,293,293,322,332,28,44,44,44,118,118,130,55,6,23,23,23],"floor_reached":23,"playtime":1999,"items_purged":["Strike_G"],"score":348,"play_id":"88286a34-814d-4712-9707-2d8f08ccd81f","local_time":"20190214055939","is_ascension_mode":true,"campfire_choices":[{"data":"Neutralize","floor":15.0,"key":"SMITH"}],"neow_cost":"NONE","seed_source_timestamp":0,"circlet_count":0,"master_deck":["AscendersBane","Defend_G","Defend_G","Defend_G","Defend_G","Defend_G","Strike_G","Survivor","Neutralize+1","Unload","Cloak And Dagger","Dagger Spray","Flying Knee","Slice","Deadly Poison","Quick Slash","Dash","Cloak And Dagger","Sucker Punch","PiercingWail","Footwork","Burst","Dagger Throw","Backflip","Sucker Punch+1"],"special_seed":0,"relics":["Orrery","Ancient Tea Set","Pen Nib","Singing Bowl","Meat on the Bone","Bag of Preparation","Eternal Feather"],"potions_floor_usage":[23],"damage_taken":[{"damage":0.0,"enemies":"2 Louse","floor":1.0,"turns":3.0},{"damage":0.0,"enemies":"Jaw Worm","floor":2.0,"turns":3.0},{"damage":0.0,"enemies":"Cultist","floor":5.0,"turns":3.0},{"damage":21.0,"enemies":"3 Sentries","floor":6.0,"turns":9.0},{"damage":4.0,"enemies":"2 Fungi Beasts","floor":7.0,"turns":3.0},{"damage":24.0,"enemies":"Gremlin Nob","floor":8.0,"turns":5.0},{"damage":10.0,"enemies":"3 Sentries","floor":10.0,"turns":6.0},{"damage":1.0,"enemies":"Blue Slaver","floor":11.0,"turns":3.0},{"damage":4.0,"enemies":"Exordium Wildlife","floor":13.0,"turns":5.0},{"damage":31.0,"enemies":"The Guardian","floor":16.0,"turns":16.0},{"damage":0.0,"enemies":"Spheric Guardian","floor":18.0,"turns":3.0},{"damage":9.0,"enemies":"Shell Parasite","floor":21.0,"turns":9.0},{"damage":41,"enemies":"Book of Stabbing","floor":23,"turns":7}],"seed_played":"-6710135224729852712","potions_obtained":[{"floor":6.0,"key":"Explosive Potion"},{"floor":7.0,"key":"Regen Potion"},{"floor":10.0,"key":"EssenceOfSteel"},{"floor":13.0,"key":"Energy Potion"},{"floor":16.0,"key":"Fire Potion"},{"floor":18.0,"key":"Fruit Juice"},{"floor":21.0,"key":"EssenceOfSteel"}],"is_trial":false,"path_per_floor":["M","M","?","?","M","E","M","E","T","E","M","$","M","?","R","B",null,"M","?","$","M","?","E"],"character_chosen":"THE_SILENT","items_purchased":["Bag of Preparation","Regen Potion","Backflip"],"campfire_rested":0,"item_purchase_floors":[12,12,20],"current_hp_per_floor":[63,63,52,52,52,31,27,17,17,7,18,18,42,35,35,16,58,63,63,63,54,40,0],"gold":23,"neow_bonus":"BOSS_RELIC","is_prod":false,"is_daily":false,"chose_seed":false,"campfire_upgraded":1,"win_rate":0,"timestamp":1550141979,"path_taken":["M","M","?","?","M","E","M","E","T","E","M","$","?","?","R","BOSS","M","?","$","M","?","E"],"build_version":"2019-01-23","purchased_purges":1,"victory":false,"max_hp_per_floor":[70,70,70,70,70,70,70,70,70,70,70,70,72,72,72,72,72,77,77,77,77,82,82],"card_choices":[{"not_picked":["Accuracy","Bane"],"picked":"Unload","floor":0.0},{"not_picked":["Accuracy","Prepared"],"picked":"Cloak And Dagger","floor":0.0},{"not_picked":["Dagger Throw","Escape Plan"],"picked":"Dagger Spray","floor":0.0},{"not_picked":["Blade Dance","Slice"],"picked":"Flying Knee","floor":0.0},{"not_picked":["Choke","Terror"],"picked":"Slice","floor":0.0},{"not_picked":["Riddle With Holes","Poisoned Stab"],"picked":"Deadly Poison","floor":1.0},{"not_picked":["Riddle With Holes","Doppelganger"],"picked":"Quick Slash","floor":2.0},{"not_picked":["Flying Knee","Outmaneuver"],"picked":"Dash","floor":5.0},{"not_picked":["Heel Hook","Prepared","Flying Knee"],"picked":"SKIP","floor":6.0},{"not_picked":["Slice","PiercingWail"],"picked":"Cloak And Dagger","floor":7.0},{"not_picked":["Bouncing Flask","Doppelganger"],"picked":"Sucker Punch","floor":8.0},{"not_picked":["Eviscerate","All Out Attack"],"picked":"PiercingWail","floor":10.0},{"not_picked":["Infinite Blades","Prepared"],"picked":"Footwork","floor":11.0},{"not_picked":["Dagger Spray","Bane","Underhanded Strike"],"picked":"Singing Bowl","floor":13.0},{"not_picked":["Night Terror","Venomology"],"picked":"Burst","floor":16.0},{"not_picked":["Blade Dance","Slice"],"picked":"Dagger Throw","floor":18.0},{"not_picked":["Endless Agony","Prepared"],"picked":"Sucker Punch+1","floor":21.0}],"player_experience":419884,"relics_obtained":[{"floor":6.0,"key":"Ancient Tea Set"},{"floor":8.0,"key":"Pen Nib"},{"floor":9.0,"key":"Singing Bowl"},{"floor":10.0,"key":"Meat on the Bone"}],"event_choices":[{"damage_healed":0.0,"max_hp_gain":0.0,"max_hp_loss":0.0,"gold_gain":75.0,"event_name":"World of Goop","player_choice":"Gather Gold","floor":3.0,"gold_loss":0.0,"damage_taken":11.0},{"cards_removed":["Strike_G"],"damage_healed":0.0,"max_hp_gain":0.0,"max_hp_loss":0.0,"gold_gain":0.0,"event_name":"Bonfire Elementals","player_choice":"Offered Basic","floor":4.0,"gold_loss":0.0,"damage_taken":0.0},{"cards_removed":["Strike_G"],"damage_healed":0.0,"max_hp_gain":0.0,"max_hp_loss":0.0,"gold_gain":0.0,"event_name":"Golden Wing","player_choice":"Card Removal","floor":14.0,"gold_loss":0.0,"damage_taken":7.0},{"cards_removed":["Strike_G"],"damage_healed":0.0,"max_hp_gain":0.0,"max_hp_loss":0.0,"gold_gain":0.0,"event_name":"Beggar","player_choice":"Gave Gold","floor":19.0,"gold_loss":75.0,"damage_taken":0.0},{"damage_healed":0.0,"max_hp_gain":5.0,"max_hp_loss":0.0,"gold_gain":0.0,"event_name":"Forgotten Altar","player_choice":"Shed Blood","floor":22.0,"gold_loss":0.0,"damage_taken":19.0}],"is_beta":false,"boss_relics":[{"not_picked":["Fusion Hammer","Pandora\u0027s Box"],"picked":"Eternal Feather"}],"items_purged_floors":[12],"is_endless":false,"potions_floor_spawned":[6,7,10,13,16,18,21],"killed_by":"Book of Stabbing","ascension_level":13}