{"gold_per_floor":[112,112,132,143,158,158,83,83,108,133,133,152,152,52,52,127,127,140,152,152,152],"floor_reached":21,"playtime":776,"items_purged":["Strike_B","Strike_B"],"score":349,"play_id":"be42d2da-6e52-44f7-ba36-0dc25af09276","local_time":"20190114235923","is_ascension_mode":true,"campfire_choices":[{"data":"Zap","floor":6,"key":"SMITH"},{"data":"Loop","floor":8,"key":"SMITH"},{"data":"Loop","floor":11,"key":"SMITH"},{"data":"Buffer","floor":15,"key":"SMITH"}],"neow_cost":"NONE","seed_source_timestamp":506149590315393,"circlet_count":0,"master_deck":["AscendersBane","Defend_B","Defend_B","Defend_B","Defend_B","Zap+1","Dualcast","Sunder","Loop+1","Buffer+1","Force Field","Self Repair","Loop+1","Ball Lightning+1","Force Field","Rainbow","White Noise"],"relics":["Cracked Core","NeowsBlessing","PreservedInsect","Juzu Bracelet","Empty Cage"],"potions_floor_usage":[19,21,21],"damage_taken":[{"damage":0,"enemies":"2 Louse","floor":1,"turns":1},{"damage":0,"enemies":"Cultist","floor":3,"turns":1},{"damage":0,"enemies":"Jaw Worm","floor":4,"turns":1},{"damage":21,"enemies":"Blue Slaver","floor":5,"turns":3},{"damage":10,"enemies":"3 Sentries","floor":10,"turns":7},{"damage":0,"enemies":"3 Louse","floor":12,"turns":2},{"damage":23,"enemies":"Slime Boss","floor":16,"turns":10},{"damage":25,"enemies":"Shell Parasite","floor":18,"turns":8},{"damage":16,"enemies":"3 Byrds","floor":19,"turns":5},{"damage":21,"enemies":"Colosseum Slavers","floor":20,"turns":5},{"damage":21,"enemies":"Snake Plant","floor":21,"turns":4}],"seed_played":"-4699717790856288636","potions_obtained":[{"floor":3,"key":"Dexterity Potion"},{"floor":4,"key":"Energy Potion"},{"floor":19,"key":"EssenceOfSteel"}],"is_trial":false,"path_per_floor":["M","?","M","M","M","R","$","R","T","E","R","M","?","$","R","B",null,"M","M","?","M"],"character_chosen":"DEFECT","items_purchased":[],"campfire_rested":0,"item_purchase_floors":[],"current_hp_per_floor":[64,64,64,64,50,50,50,50,50,47,47,47,47,47,47,31,61,43,34,20,0],"gold":152,"neow_bonus":"THREE_ENEMY_KILL","is_prod":false,"is_daily":false,"chose_seed":false,"campfire_upgraded":4,"win_rate":0,"timestamp":1547528363,"path_taken":["M","?","?","M","M","R","$","R","T","E","R","M","?","?","R","BOSS","M","M","?","M"],"build_version":"2019-01-10","purchased_purges":2,"victory":false,"max_hp_per_floor":[71,71,71,71,71,71,71,71,71,71,71,71,71,71,71,71,71,71,71,71,71],"card_choices":[{"not_picked":["Barrage","Reprogram"],"picked":"Sunder","floor":1},{"not_picked":["Coolheaded","Go for the Eyes"],"picked":"Force Field","floor":3},{"not_picked":["Rip and Tear","Hello World"],"picked":"Self Repair","floor":4},{"not_picked":["Multi-Cast","Streamline"],"picked":"Loop","floor":5},{"not_picked":["Compile Driver","Double Energy"],"picked":"Ball Lightning","floor":10},{"not_picked":["Go for the Eyes","Stack"],"picked":"Force Field","floor":12},{"not_picked":["Fission","Meteor Strike"],"picked":"Rainbow","floor":16},{"not_picked":["Compile Driver","Steam"],"picked":"White Noise","floor":18},{"not_picked":["Streamline","Double Energy+1","Aggregate"],"picked":"SKIP","floor":19}],"player_experience":462303,"relics_obtained":[{"floor":9,"key":"PreservedInsect"},{"floor":10,"key":"Juzu Bracelet"}],"event_choices":[{"damage_healed":0,"gold_gain":0,"player_choice":"2 cards matched","damage_taken":0,"max_hp_gain":0,"max_hp_loss":0,"event_name":"Match and Keep!","floor":2,"gold_loss":0,"cards_obtained":["Loop","Buffer"]},{"damage_healed":0,"gold_gain":0,"player_choice":"Upgraded","damage_taken":0,"max_hp_gain":0,"max_hp_loss":0,"event_name":"Upgrade Shrine","floor":13,"gold_loss":0,"cards_upgraded":["Ball Lightning"]},{"damage_healed":0,"gold_gain":0,"player_choice":"Fight","damage_taken":0,"max_hp_gain":0,"max_hp_loss":0,"event_name":"Colosseum","floor":20,"gold_loss":0},{"damage_healed":0,"gold_gain":0,"player_choice":"Fled From Nobs","damage_taken":0,"max_hp_gain":0,"max_hp_loss":0,"event_name":"Colosseum","floor":20,"gold_loss":0}],"is_beta":true,"boss_relics":[{"not_picked":["FrozenCore","Busted Crown"],"picked":"Empty Cage"}],"items_purged_floors":[7,14],"is_endless":false,"potions_floor_spawned":[3,4,10,12,18,19],"killed_by":"Snake Plant","ascension_level":19}