{"gold_per_floor":[364,38,50,68,68,68,68,83,83,83,109,119,44,119,119,119],"floor_reached":16,"playtime":335,"items_purged":[],"score":200,"play_id":"06544cbf-e04b-4cbd-8db2-26bc5d6b228d","local_time":"20181119234600","is_ascension_mode":true,"campfire_choices":[{"data":"Pommel Strike","floor":6.0,"key":"SMITH"},{"floor":10.0,"key":"REST"},{"floor":15,"key":"REST"}],"neow_cost":"PERCENT_DAMAGE","seed_source_timestamp":47240311809767,"circlet_count":0,"master_deck":["AscendersBane","Strike_R","Strike_R","Strike_R","Defend_R","Defend_R","Defend_R","Defend_R","Bash","Disarm","Whirlwind+1","Pommel Strike+1"],"special_seed":0,"relics":["Burning Blood","Question Card","Sundial","Mercury Hourglass"],"potions_floor_usage":[16,16],"damage_taken":[{"damage":9.0,"enemies":"Jaw Worm","floor":1.0,"turns":5.0},{"damage":10.0,"enemies":"Small Slimes","floor":3.0,"turns":4.0},{"damage":0.0,"enemies":"2 Louse","floor":4.0,"turns":2.0},{"damage":4.0,"enemies":"2 Fungi Beasts","floor":8.0,"turns":4.0},{"damage":32,"enemies":"Gremlin Nob","floor":11,"turns":4},{"damage":6,"enemies":"Looter","floor":12,"turns":4},{"damage":54,"enemies":"Slime Boss","floor":16,"turns":6}],"seed_played":"5621608619494954555","potions_obtained":[{"floor":3.0,"key":"LiquidBronze"},{"floor":8.0,"key":"GamblersBrew"},{"floor":12,"key":"Weak Potion"}],"is_trial":false,"path_per_floor":["M","$","M","M","?","R","?","M","T","R","E","M","?","?","R","B"],"character_chosen":"IRONCLAD","items_purchased":["Disarm","Question Card"],"campfire_rested":2,"item_purchase_floors":[2,2],"current_hp_per_floor":[47,47,43,49,49,49,42,44,44,66,40,40,40,29,51,0],"gold":119,"neow_bonus":"TWO_FIFTY_GOLD","is_prod":false,"is_daily":false,"chose_seed":false,"campfire_upgraded":1,"win_rate":0,"timestamp":1542699960,"path_taken":["M","$","M","M","?","R","?","M","T","R","E","M","?","?","R","BOSS"],"build_version":"2018-11-15","purchased_purges":0,"victory":false,"max_hp_per_floor":[75,75,75,75,75,75,75,75,75,75,75,75,75,75,75,75],"card_choices":[{"not_picked":["Warcry","Havoc","Entrench"],"picked":"SKIP","floor":1.0},{"not_picked":["Clash","Sword Boomerang","Headbutt"],"picked":"Whirlwind","floor":3.0},{"not_picked":["Sword Boomerang","Cleave","Perfected Strike"],"picked":"Pommel Strike","floor":4.0},{"not_picked":["Power Through","Pommel Strike","Cleave","Twin Strike"],"picked":"SKIP","floor":8.0},{"not_picked":["Bludgeon","Pommel Strike","Anger","Body Slam"],"picked":"SKIP","floor":11},{"not_picked":["Clash","Flex","Thunderclap","Rampage"],"picked":"SKIP","floor":12}],"player_experience":656291,"relics_obtained":[{"floor":9.0,"key":"Sundial"},{"floor":11,"key":"Mercury Hourglass"}],"event_choices":[{"damage_healed":0.0,"max_hp_gain":0.0,"max_hp_loss":0.0,"gold_gain":0.0,"event_name":"Living Wall","player_choice":"Grow","floor":5.0,"gold_loss":0.0,"damage_taken":0.0,"cards_upgraded":["Whirlwind"]},{"cards_removed":["Strike_R"],"damage_healed":0.0,"max_hp_gain":0.0,"max_hp_loss":0.0,"gold_gain":0.0,"event_name":"Golden Wing","player_choice":"Card Removal","floor":7.0,"gold_loss":0.0,"damage_taken":7.0},{"cards_removed":["Strike_R"],"damage_healed":0,"gold_gain":0,"player_choice":"Card Removal","damage_taken":0,"max_hp_gain":0,"max_hp_loss":0,"event_name":"The Cleric","floor":13,"gold_loss":75},{"damage_healed":0,"gold_gain":75,"player_choice":"Gather Gold","damage_taken":11,"max_hp_gain":0,"max_hp_loss":0,"event_name":"World of Goop","floor":14,"gold_loss":0}],"is_beta":false,"boss_relics":[],"items_purged_floors":[],"is_endless":false,"potions_floor_spawned":[3,8,12],"killed_by":"Slime Boss","ascension_level":20}