{"gold_per_floor":[118,135,152,172,186,186,200,200,250,250,250,270,304,304,304,400,400,413,36,36,55,55,55,68,68,120,120,138,172,0,18,18,119,119,131,40,40,40,53,53,79,95,95,107,127,41,41,58,58,58],"floor_reached":51,"playtime":3190,"items_purged":["Clash","Shame","Writhe"],"score":1117,"play_id":"521d43bb-62ad-47c9-87ba-643d1a14cf3d","local_time":"20181116000037","is_ascension_mode":true,"campfire_choices":[{"data":"Bash","floor":6,"key":"SMITH"},{"data":"Pommel Strike","floor":8,"key":"SMITH"},{"data":"Spot Weakness","floor":10,"key":"SMITH"},{"data":"True Grit","floor":15,"key":"SMITH"},{"data":"Flame Barrier","floor":23,"key":"SMITH"},{"data":"Metallicize","floor":25,"key":"SMITH"},{"data":"Iron Wave","floor":27,"key":"SMITH"},{"floor":32,"key":"REST"},{"floor":40,"key":"REST"},{"floor":49,"key":"REST"}],"neow_cost":"NONE","seed_source_timestamp":48453566305463,"circlet_count":0,"master_deck":["AscendersBane","Bash+1","Feed","Evolve","Pommel Strike+1","Battle Trance","Spot Weakness+1","True Grit+1","Flame Barrier+1","Offering","Anger","Warcry","Sever Soul","Warcry","Spot Weakness","Anger","Uppercut","Iron Wave+1","Shockwave+1","Metallicize+1","Second Wind+1","Heavy Blade","Demon Form","Sentinel+1","True Grit+1","Feel No Pain+1","Shrug It Off+1","Disarm+1","Power Through+1","Armaments+1","Writhe"],"relics":["Burning Blood","Potion Belt","The Courier","Pandora\u0027s Box","Toxic Egg 2","Blue Candle","Smiling Mask","Happy Flower","Mercury Hourglass","Lizard Tail","Girya","Ancient Tea Set"],"potions_floor_usage":[18,29,33,41,44,50,50,50,50,50,50,50],"damage_taken":[{"damage":4,"enemies":"Jaw Worm","floor":1,"turns":4},{"damage":11,"enemies":"2 Louse","floor":2,"turns":3},{"damage":0,"enemies":"Small Slimes","floor":3,"turns":3},{"damage":20,"enemies":"Blue Slaver","floor":4,"turns":6},{"damage":12,"enemies":"Looter","floor":5,"turns":3},{"damage":5,"enemies":"Exordium Wildlife","floor":7,"turns":3},{"damage":12,"enemies":"Exordium Thugs","floor":12,"turns":3},{"damage":23,"enemies":"3 Sentries","floor":13,"turns":10},{"damage":47,"enemies":"Slime Boss","floor":16,"turns":15},{"damage":6,"enemies":"Spheric Guardian","floor":18,"turns":3},{"damage":9,"enemies":"3 Byrds","floor":21,"turns":4},{"damage":24,"enemies":"3 Cultists","floor":24,"turns":5},{"damage":29,"enemies":"Snake Plant","floor":28,"turns":5},{"damage":22,"enemies":"Book of Stabbing","floor":29,"turns":4},{"damage":13,"enemies":"Centurion and Healer","floor":31,"turns":5},{"damage":67,"enemies":"Automaton","floor":33,"turns":10},{"damage":58,"enemies":"3 Darklings","floor":35,"turns":5},{"damage":1,"enemies":"Orb Walker","floor":39,"turns":4},{"damage":49,"enemies":"Nemesis","floor":41,"turns":7},{"damage":6,"enemies":"3 Darklings","floor":42,"turns":5},{"damage":20,"enemies":"Maw","floor":44,"turns":7},{"damage":7,"enemies":"Transient","floor":45,"turns":5},{"damage":37,"enemies":"Jaw Worm Horde","floor":48,"turns":6},{"damage":62,"enemies":"Awakened One","floor":50,"turns":24}],"seed_played":"-3676425297933935786","potions_obtained":[{"floor":1,"key":"FearPotion"},{"floor":5,"key":"Ancient Potion"},{"floor":12,"key":"SpeedPotion"},{"floor":16,"key":"Block Potion"},{"floor":18,"key":"Strength Potion"},{"floor":28,"key":"EntropicBrew"},{"floor":31,"key":"SpeedPotion"},{"floor":35,"key":"SkillPotion"},{"floor":42,"key":"Swift Potion"}],"is_trial":false,"path_per_floor":["M","M","M","M","M","R","M","R","T","R","?","M","E","?","R","B",null,"M","$","?","M","?","R","M","R","T","R","M","E","?","M","R","B",null,"M","$","?","$","M","R","E","M","T","M","M","$","?","M","R","B",null],"character_chosen":"IRONCLAD","items_purchased":["Toxic Egg 2","Shockwave+1","Metallicize","True Grit+1","Armaments+1"],"campfire_rested":3,"item_purchase_floors":[19,19,19,36,46],"current_hp_per_floor":[77,75,84,73,70,70,74,74,74,74,74,71,57,91,91,53,94,97,97,97,94,94,94,79,79,79,79,56,43,43,39,74,13,93,41,41,41,41,46,81,38,38,38,24,23,23,53,22,57,60],"gold":58,"neow_bonus":"ONE_RANDOM_RARE_CARD","is_prod":false,"is_daily":false,"chose_seed":false,"campfire_upgraded":7,"win_rate":0,"timestamp":1542344437,"path_taken":["M","M","M","M","M","R","M","R","T","R","?","M","E","?","R","BOSS","M","$","?","M","?","R","M","R","T","R","M","E","?","?","R","BOSS","M","$","?","$","M","R","E","M","T","M","M","$","?","M","R","BOSS"],"build_version":"2018-11-15","purchased_purges":3,"victory":true,"max_hp_per_floor":[83,86,89,92,95,95,98,98,98,98,98,101,104,104,104,107,107,110,110,110,110,110,110,113,113,113,113,113,116,116,119,119,119,119,119,119,119,119,119,119,119,119,119,119,119,119,119,119,119,119],"card_choices":[{"not_picked":["Rupture","Clothesline"],"picked":"Evolve","floor":1},{"not_picked":["Sever Soul","Sword Boomerang"],"picked":"Pommel Strike","floor":2},{"not_picked":["Pummel","Anger"],"picked":"Battle Trance","floor":3},{"not_picked":["Headbutt","Anger","Clothesline"],"picked":"SKIP","floor":4},{"not_picked":["Exhume","Headbutt"],"picked":"Spot Weakness","floor":5},{"not_picked":["Sword Boomerang","Hemokinesis","Cleave"],"picked":"SKIP","floor":7},{"not_picked":["Wild Strike","Pommel Strike"],"picked":"True Grit","floor":12},{"not_picked":["Carnage","Disarm"],"picked":"Flame Barrier","floor":13},{"not_picked":["Juggernaut","Immolate"],"picked":"Offering","floor":16},{"not_picked":["Body Slam","Searing Blow"],"picked":"Iron Wave","floor":18},{"not_picked":["Shockwave+1","Fire Breathing","Havoc+1"],"picked":"SKIP","floor":21},{"not_picked":["Clash","Sword Boomerang","Twin Strike"],"picked":"SKIP","floor":24},{"not_picked":["Dark Embrace","Clash+1"],"picked":"Second Wind+1","floor":28},{"not_picked":["Rage+1","Headbutt+1"],"picked":"Heavy Blade","floor":29},{"not_picked":["Havoc+1","Heavy Blade","Sever Soul"],"picked":"SKIP","floor":31},{"not_picked":["Berserk","Barricade"],"picked":"Demon Form","floor":33},{"not_picked":["Fire Breathing","Perfected Strike"],"picked":"Sentinel+1","floor":35},{"not_picked":["Clash","Twin Strike+1"],"picked":"Feel No Pain+1","floor":39},{"not_picked":["Carnage","Armaments+1"],"picked":"Shrug It Off+1","floor":41},{"not_picked":["Heavy Blade","Rupture+1"],"picked":"Disarm+1","floor":42},{"not_picked":["Fire Breathing","Dropkick+1","Feel No Pain"],"picked":"SKIP","floor":44},{"not_picked":["Spot Weakness+1","Heavy Blade"],"picked":"Power Through+1","floor":45},{"not_picked":["Anger+1","Thunderclap+1","Whirlwind"],"picked":"SKIP","floor":48}],"player_experience":375014,"relics_obtained":[{"floor":9,"key":"Potion Belt"},{"floor":13,"key":"The Courier"},{"floor":26,"key":"Happy Flower"},{"floor":29,"key":"Mercury Hourglass"},{"floor":41,"key":"Girya"},{"floor":43,"key":"Ancient Tea Set"}],"event_choices":[{"cards_removed":["Strike_R"],"damage_healed":0,"gold_gain":0,"player_choice":"Forget","damage_taken":0,"max_hp_gain":0,"max_hp_loss":0,"event_name":"Living Wall","floor":11,"gold_loss":0},{"damage_healed":34,"gold_gain":0,"player_choice":"Banana","damage_taken":0,"max_hp_gain":0,"max_hp_loss":0,"event_name":"Big Fish","floor":14,"gold_loss":0},{"damage_healed":0,"gold_gain":0,"player_choice":"Opened","damage_taken":0,"relics_obtained":["Blue Candle"],"max_hp_gain":0,"max_hp_loss":0,"event_name":"The Mausoleum","floor":20,"gold_loss":0,"cards_obtained":["Writhe"]},{"damage_healed":0,"gold_gain":0,"player_choice":"Stole Relic","damage_taken":0,"relics_obtained":["Smiling Mask"],"max_hp_gain":0,"max_hp_loss":0,"event_name":"Addict","floor":22,"gold_loss":0,"cards_obtained":["Shame"]},{"damage_healed":0,"gold_gain":0,"player_choice":"Paid Fearfully","damage_taken":0,"max_hp_gain":0,"max_hp_loss":0,"event_name":"Masked Bandits","floor":30,"gold_loss":172},{"damage_healed":0,"gold_gain":0,"player_choice":"Ignored","damage_taken":0,"max_hp_gain":0,"max_hp_loss":0,"event_name":"Mysterious Sphere","floor":37,"gold_loss":0},{"damage_healed":30,"gold_gain":0,"player_choice":"Writhe","damage_taken":0,"max_hp_gain":0,"max_hp_loss":0,"event_name":"Winding Halls","floor":47,"gold_loss":0,"cards_obtained":["Writhe"]}],"is_beta":true,"boss_relics":[{"not_picked":["Ectoplasm","Philosopher\u0027s Stone"],"picked":"Pandora\u0027s Box"},{"not_picked":["White Beast Statue","Calling Bell"],"picked":"Lizard Tail"}],"items_purged_floors":[19,36,46],"is_endless":false,"potions_floor_spawned":[1,5,12,16,18,24,28,31,35,39,42],"ascension_level":12}