{"gold_per_floor":[118,118,132,132,150,150,179,152,206,223,223,257,257,280,280,280],"floor_reached":16,"playtime":789,"items_purged":[],"score":264,"play_id":"500c2074-d649-4207-909c-6c5b4f5720e0","local_time":"20190219144003","is_ascension_mode":true,"campfire_choices":[{"data":"Disarm","floor":6,"key":"SMITH"},{"data":"Spot Weakness","floor":11,"key":"SMITH"},{"data":"Shrug It Off","floor":13,"key":"SMITH"},{"floor":15,"key":"REST"}],"neow_cost":"NONE","seed_source_timestamp":1139980656645300,"circlet_count":0,"master_deck":["AscendersBane","Strike_R","Strike_R","Strike_R","Strike_R","Strike_R","Defend_R","Defend_R+1","Defend_R","Defend_R","Bash+1","Intimidate+1","Disarm+1","Evolve","Pommel Strike+1","Shrug It Off+1","Spot Weakness+1","Pommel Strike+1","Anger+1"],"relics":["Burning Blood","CultistMask","Molten Egg 2","Pear","War Paint","Blue Candle","Odd Mushroom"],"potions_floor_usage":[12],"damage_taken":[{"damage":1,"enemies":"Cultist","floor":1,"turns":3},{"damage":11,"enemies":"Jaw Worm","floor":3,"turns":4},{"damage":13,"enemies":"Small Slimes","floor":5,"turns":5},{"damage":49,"enemies":"3 Sentries","floor":7,"turns":13},{"damage":22,"enemies":"Exordium Thugs","floor":8,"turns":5},{"damage":2,"enemies":"Large Slime","floor":10,"turns":7},{"damage":22,"enemies":"Gremlin Nob","floor":12,"turns":4},{"damage":11,"enemies":"The Mushroom Lair","floor":14,"turns":7}],"seed_played":"-2532980043037120234","potions_obtained":[{"floor":3,"key":"FairyPotion"},{"floor":8,"key":"SneckoOil"}],"is_trial":false,"path_per_floor":["M","?","M","T","M","R","E","M","T","M","R","E","R","?","R","B"],"character_chosen":"IRONCLAD","items_purchased":[],"campfire_rested":1,"item_purchase_floors":[],"current_hp_per_floor":[77,77,72,72,65,65,32,16,16,20,20,15,15,10,37,0],"gold":280,"neow_bonus":"UPGRADE_CARD","is_prod":false,"is_daily":false,"chose_seed":false,"campfire_upgraded":3,"win_rate":0,"timestamp":1550616003,"path_taken":["M","?","?","?","M","R","E","?","T","M","R","E","R","?","R","BOSS"],"build_version":"2019-01-23","purchased_purges":0,"victory":false,"max_hp_per_floor":[80,80,80,80,80,80,90,90,90,90,90,90,90,90,90,90],"card_choices":[{"not_picked":["Sword Boomerang","Heavy Blade"],"picked":"Intimidate","floor":1},{"not_picked":["Anger","Power Through"],"picked":"Disarm","floor":3},{"not_picked":["Sword Boomerang+1","Havoc"],"picked":"Evolve","floor":5},{"not_picked":["Perfected Strike+1","Combust"],"picked":"Pommel Strike+1","floor":7},{"not_picked":["Flex","Clothesline+1"],"picked":"Shrug It Off","floor":8},{"not_picked":["Flame Barrier","Clothesline+1"],"picked":"Spot Weakness","floor":10},{"not_picked":["Dual Wield","Wild Strike+1"],"picked":"Pommel Strike+1","floor":12},{"not_picked":["Combust","Feel No Pain"],"picked":"Anger+1","floor":14}],"player_experience":737953,"relics_obtained":[{"floor":4,"key":"Molten Egg 2"},{"floor":7,"key":"Pear"},{"floor":9,"key":"War Paint"},{"floor":12,"key":"Blue Candle"},{"floor":14,"key":"Odd Mushroom"}],"event_choices":[{"damage_healed":0,"gold_gain":0,"player_choice":"Trade","damage_taken":0,"relics_obtained":["CultistMask"],"max_hp_gain":0,"max_hp_loss":0,"event_name":"FaceTrader","floor":2,"gold_loss":0},{"damage_healed":0,"gold_gain":0,"player_choice":"Fought Mushrooms","damage_taken":0,"max_hp_gain":0,"max_hp_loss":0,"event_name":"Mushrooms","floor":14,"gold_loss":0}],"is_beta":false,"boss_relics":[],"items_purged_floors":[],"is_endless":false,"potions_floor_spawned":[3,8,10],"killed_by":"The Guardian","ascension_level":13}