{"gold_per_floor":[109,121,135,148,28,28,44,44,44,44,55,55,55,1,1,132,132,156,56,80,96,96,96,116,130,130,146,165,188,188,203,203,326,326,351,378,378,403,403,403,426,459,486,222,286,319,219,234,234,234],"floor_reached":51,"playtime":2112,"items_purged":["Iron Wave","Battle Trance"],"score":1003,"play_id":"b3b7b1f5-2a21-4a0a-9b0a-cf05cb8e1b0a","local_time":"20181215102434","daily_mods":["SealedDeck"],"is_ascension_mode":false,"campfire_choices":[{"data":"Clash","floor":6,"key":"SMITH"},{"data":"Body Slam","floor":8,"key":"SMITH"},{"floor":10,"key":"DIG"},{"data":"Shrug It Off","floor":12,"key":"PURGE"},{"data":"Cleave","floor":15,"key":"PURGE"},{"data":"Battle Trance","floor":23,"key":"PURGE"},{"floor":30,"key":"REST"},{"data":"Cleave","floor":32,"key":"PURGE"},{"floor":40,"key":"DIG"},{"data":"Whirlwind","floor":49,"key":"SMITH"}],"neow_cost":"","seed_source_timestamp":0,"circlet_count":0,"master_deck":["Body Slam+1","Anger","Flex","Flex","Warcry","Clash+1","Anger+1","Flex","Whirlwind+1","Flex","Flex","Rage+1","Anger+1","Anger+1","Flex","Rage+1"],"relics":["Unceasing Top","Shovel","Peace Pipe","Golden Idol","Champion Belt","Orrery","Ginger","White Beast Statue","Ancient Tea Set","Paper Frog","Prayer Wheel","Whetstone","Membership Card","Juzu Bracelet","Magic Flower","Centennial Puzzle","Brimstone"],"potions_floor_usage":[16,16,18,28,50,50,50],"damage_taken":[{"damage":0,"enemies":"Cultist","floor":1,"turns":2},{"damage":0,"enemies":"2 Louse","floor":2,"turns":1},{"damage":0,"enemies":"Small Slimes","floor":3,"turns":2},{"damage":5,"enemies":"Red Slaver","floor":4,"turns":2},{"damage":0,"enemies":"Gremlin Gang","floor":7,"turns":1},{"damage":13,"enemies":"Lots of Slimes","floor":11,"turns":2},{"damage":16,"enemies":"Slime Boss","floor":16,"turns":5},{"damage":10,"enemies":"Chosen","floor":18,"turns":2},{"damage":0,"enemies":"2 Thieves","floor":20,"turns":1},{"damage":10,"enemies":"Chosen and Byrds","floor":21,"turns":2},{"damage":0,"enemies":"Sentry and Sphere","floor":24,"turns":1},{"damage":0,"enemies":"Snake Plant","floor":25,"turns":1},{"damage":0,"enemies":"Centurion and Healer","floor":27,"turns":1},{"damage":38,"enemies":"Snecko","floor":28,"turns":5},{"damage":0,"enemies":"Snake Plant","floor":29,"turns":1},{"damage":0,"enemies":"Chosen and Byrds","floor":31,"turns":1},{"damage":0,"enemies":"Automaton","floor":33,"turns":1},{"damage":0,"enemies":"3 Shapes","floor":35,"turns":1},{"damage":0,"enemies":"Orb Walker","floor":38,"turns":1},{"damage":0,"enemies":"Transient","floor":41,"turns":5},{"damage":0,"enemies":"Reptomancer","floor":42,"turns":1},{"damage":0,"enemies":"2 Orb Walkers","floor":45,"turns":1},{"damage":0,"enemies":"Giant Head","floor":46,"turns":1},{"damage":0,"enemies":"3 Darklings","floor":48,"turns":1},{"damage":0,"enemies":"Awakened One","floor":50,"turns":2}],"seed_played":"-1023396884135009097","potions_obtained":[{"floor":1,"key":"Swift Potion"},{"floor":7,"key":"Regen Potion"},{"floor":11,"key":"SkillPotion"},{"floor":20,"key":"Energy Potion"},{"floor":27,"key":"SteroidPotion"},{"floor":29,"key":"SteroidPotion"},{"floor":31,"key":"Block Potion"},{"floor":38,"key":"Energy Potion"}],"is_trial":true,"path_per_floor":["M","M","M","M","$","R","M","R","T","R","M","R","?","?","R","B",null,"M","$","M","M","$","R","M","M","T","M","M","M","R","M","R","B",null,"M","T","$","M","?","R","M","E","T","$","?","E","$","M","R","B",null],"character_chosen":"IRONCLAD","items_purchased":["Anger","Membership Card","Juzu Bracelet","Brimstone"],"campfire_rested":1,"item_purchase_floors":[5,44,44,47],"current_hp_per_floor":[80,80,80,75,75,75,75,75,75,75,62,62,42,42,42,26,80,70,70,70,60,60,60,60,60,60,60,22,22,46,46,46,46,80,80,80,80,80,76,76,76,76,76,76,76,76,76,76,76,76],"gold":234,"neow_bonus":"","is_prod":false,"is_daily":false,"chose_seed":false,"campfire_upgraded":3,"win_rate":0,"timestamp":1544887474,"path_taken":["M","M","M","M","$","R","M","R","T","R","?","R","?","?","R","BOSS","M","$","M","M","?","R","M","?","T","M","?","M","R","M","R","BOSS","M","?","$","?","?","R","M","E","T","$","?","E","$","M","R","BOSS"],"build_version":"2018-12-13","purchased_purges":2,"victory":true,"max_hp_per_floor":[80,80,80,80,80,80,80,80,80,80,80,80,80,80,80,80,80,80,80,80,80,80,80,80,80,80,80,80,80,80,80,80,80,80,80,80,80,80,76,76,76,76,76,76,76,76,76,76,76,76],"card_choices":[{"not_picked":["Twin Strike","Perfected Strike"],"picked":"Warcry","floor":1},{"not_picked":["Sentinel","Havoc","Bloodletting"],"picked":"SKIP","floor":2},{"not_picked":["Intimidate","Carnage","Twin Strike"],"picked":"SKIP","floor":3},{"not_picked":["Havoc","Reckless Charge"],"picked":"Clash","floor":4},{"not_picked":["Cleave","Searing Blow"],"picked":"Flex","floor":7},{"not_picked":["Cleave","True Grit"],"picked":"Whirlwind","floor":11},{"not_picked":["Shrug It Off","Searing Blow"],"picked":"Flex","floor":17},{"not_picked":["Dropkick","Demon Form","Body Slam"],"picked":"SKIP","floor":18},{"not_picked":["Clothesline","Havoc","Disarm+1"],"picked":"SKIP","floor":20},{"not_picked":["Havoc","Corruption+1"],"picked":"Flex","floor":21},{"not_picked":["Body Slam+1","Second Wind","Evolve"],"picked":"SKIP","floor":24},{"not_picked":["Rampage","Combust+1","Armaments+1"],"picked":"SKIP","floor":25},{"not_picked":["Sever Soul+1","Thunderclap"],"picked":"Rage+1","floor":27},{"not_picked":["Twin Strike","Infernal Blade"],"picked":"Anger+1","floor":28},{"not_picked":["Metallicize","Headbutt","True Grit+1"],"picked":"SKIP","floor":29},{"not_picked":["Headbutt","Shockwave"],"picked":"Anger","floor":31},{"not_picked":["Rupture+1","Disarm"],"picked":"Flex","floor":35},{"not_picked":["Sword Boomerang+1","Flex","Havoc"],"picked":"SKIP","floor":38},{"not_picked":["Fire Breathing+1","Feel No Pain+1"],"picked":"Rage+1","floor":41},{"not_picked":["Entrench+1","Anger","Warcry+1"],"picked":"SKIP","floor":42},{"not_picked":["Iron Wave","Reaper","Carnage"],"picked":"SKIP","floor":46},{"not_picked":["Twin Strike","Flame Barrier+1","Pommel Strike"],"picked":"SKIP","floor":48},{"not_picked":["Pummel+1","Havoc","Pommel Strike"],"picked":"SKIP","floor":48}],"player_experience":308077,"relics_obtained":[{"floor":9,"key":"Shovel"},{"floor":10,"key":"Peace Pipe"},{"floor":26,"key":"Ginger"},{"floor":36,"key":"Ancient Tea Set"},{"floor":40,"key":"Paper Frog"},{"floor":42,"key":"Prayer Wheel"},{"floor":43,"key":"Whetstone"},{"floor":45,"key":"Magic Flower"},{"floor":46,"key":"Centennial Puzzle"}],"event_choices":[{"damage_healed":0,"gold_gain":0,"player_choice":"Take Damage","damage_taken":20,"relics_obtained":["Golden Idol"],"max_hp_gain":0,"max_hp_loss":0,"event_name":"Golden Idol","floor":13,"gold_loss":0},{"damage_healed":0,"gold_gain":0,"player_choice":"Paid Gold","damage_taken":0,"relics_obtained":["Champion Belt"],"max_hp_gain":0,"max_hp_loss":0,"event_name":"WeMeetAgain","floor":14,"gold_loss":54},{"damage_healed":0,"gold_gain":0,"player_choice":"Max HP","damage_taken":0,"max_hp_gain":0,"max_hp_loss":4,"event_name":"Winding Halls","floor":39,"gold_loss":0},{"damage_healed":0,"gold_gain":0,"player_choice":"Fight","damage_taken":0,"max_hp_gain":0,"max_hp_loss":0,"event_name":"Mysterious Sphere","floor":45,"gold_loss":0}],"is_beta":false,"boss_relics":[{"not_picked":["Fusion Hammer","Eternal Feather"],"picked":"Orrery"},{"not_picked":["Runic Cube","Calling Bell"],"picked":"White Beast Statue"}],"items_purged_floors":[5,19],"is_endless":false,"potions_floor_spawned":[1,7,11,20,27,29,31,33,35,38,41,42,45,46,48],"ascension_level":0}