{"gold_per_floor":[115,115,133,133,133,165,165,198,198,198,198,47,47,75,75,173,173,185,202,202,212,223,248,248,276,276,288,288,45,45,59,59,156,156,170,170,270,288,588,622,622,649,674,708,721,753,753,325,325,325,325,325,34,63,63],"floor_reached":56,"playtime":4029,"items_purged":["Strike_B","Defend_B","Recycle"],"score":1577,"play_id":"22014b53-2604-422f-b804-dc1795c76ccb","local_time":"20190308112211","is_ascension_mode":true,"campfire_choices":[{"data":"Defragment","floor":7.0,"key":"SMITH"},{"data":"Dualcast","floor":11.0,"key":"SMITH"},{"data":"Strike_B","floor":13.0,"key":"PURGE"},{"data":"Strike_B","floor":15.0,"key":"PURGE"},{"data":"Blizzard","floor":24.0,"key":"SMITH"},{"floor":30.0,"key":"REST"},{"data":"Redo","floor":32.0,"key":"SMITH"},{"data":"Fission","floor":41.0,"key":"SMITH"},{"floor":49.0,"key":"RECALL"},{"data":"Machine Learning","floor":52.0,"key":"SMITH"}],"neow_cost":"NONE","seed_source_timestamp":0,"circlet_count":0,"master_deck":["Defend_B+1","Zap+1","Dualcast+1","Sweeping Beam","Rebound+1","Defragment+1","Ball Lightning","Undo+1","Core Surge","Machine Learning+1","Redo","Glacier+1","Redo+1","Blizzard+1","Cold Snap+1","Conserve Battery","Coolheaded","Redo+1","Fission+1","Fusion+1","Redo+1","Hologram+1","Double Energy+1","Consume+1","Barrage+1","Creative AI","Secret Weapon+1","Heatsinks","Defragment","Chaos+1","Hologram+1","Reboot+1","Hologram+1","Compile Driver+1"],"special_seed":0,"relics":["Cracked Core","NeowsBlessing","Peace Pipe","Incense Burner","Symbiotic Virus","Pantograph","Question Card","Art of War","Black Star","Ancient Tea Set","Pen Nib","Bottled Lightning","Torii","Bottled Flame","DataDisk","Inserter","Ice Cream","Letter Opener","Omamori","Toxic Egg 2","The Courier","Molten Egg 2","Vajra","Whetstone","Bag of Preparation","War Paint","Happy Flower","Pear","Kunai"],"potions_floor_usage":[55,55,55],"damage_taken":[{"damage":0.0,"enemies":"2 Louse","floor":1.0,"turns":1.0},{"damage":0.0,"enemies":"Cultist","floor":3.0,"turns":1.0},{"damage":0.0,"enemies":"Lagavulin","floor":6.0,"turns":1.0},{"damage":19.0,"enemies":"3 Sentries","floor":8.0,"turns":5.0},{"damage":0.0,"enemies":"Gremlin Nob","floor":14.0,"turns":2.0},{"damage":12.0,"enemies":"The Guardian","floor":16.0,"turns":8.0},{"damage":7.0,"enemies":"3 Byrds","floor":18.0,"turns":4.0},{"damage":0.0,"enemies":"Chosen","floor":19.0,"turns":4.0},{"damage":1.0,"enemies":"Centurion and Healer","floor":21.0,"turns":5.0},{"damage":7.0,"enemies":"Cultist and Chosen","floor":22.0,"turns":7.0},{"damage":31.0,"enemies":"Gremlin Leader","floor":23.0,"turns":9.0},{"damage":26.0,"enemies":"Slavers","floor":25.0,"turns":5.0},{"damage":1.0,"enemies":"Shelled Parasite and Fungi","floor":27.0,"turns":9.0},{"damage":0.0,"enemies":"3 Cultists","floor":31.0,"turns":5.0},{"damage":9.0,"enemies":"Champ","floor":33.0,"turns":14.0},{"damage":0.0,"enemies":"3 Shapes","floor":35.0,"turns":5.0},{"damage":0.0,"enemies":"Mind Bloom Boss Battle","floor":37.0,"turns":8.0},{"damage":0.0,"enemies":"Orb Walker","floor":38.0,"turns":3.0},{"damage":1.0,"enemies":"Reptomancer","floor":40.0,"turns":8.0},{"damage":1.0,"enemies":"Nemesis","floor":42.0,"turns":3.0},{"damage":29.0,"enemies":"Reptomancer","floor":44.0,"turns":5.0},{"damage":14.0,"enemies":"Writhing Mass","floor":45.0,"turns":9.0},{"damage":0.0,"enemies":"Giant Head","floor":46.0,"turns":8.0},{"damage":3.0,"enemies":"Awakened One","floor":50.0,"turns":11.0},{"damage":18,"enemies":"Shield and Spear","floor":54,"turns":7},{"damage":62,"enemies":"The Heart","floor":55,"turns":13}],"seed_played":"102114979510366318","potions_obtained":[{"floor":3.0,"key":"FocusPotion"},{"floor":14.0,"key":"Explosive Potion"},{"floor":18.0,"key":"SkillPotion"},{"floor":21.0,"key":"Dexterity Potion"},{"floor":31.0,"key":"Dexterity Potion"},{"floor":38.0,"key":"FearPotion"},{"floor":40.0,"key":"Weak Potion"},{"floor":42.0,"key":"Fire Potion"},{"floor":46.0,"key":"AttackPotion"}],"is_trial":false,"path_per_floor":["M","?","M","?","?","E","R","E","T","T","R","$","R","E","R","B",null,"M","M","?","M","M","E","R","E","T","M","?","$","R","M","R","B",null,"M","?","?","M","?","E","R","E","T","E","M","E","?","$","R","B",null,"R","$","E","B",null],"character_chosen":"DEFECT","items_purchased":["Undo","DataDisk","War Paint","Heatsinks","Defragment","Chaos+1","Hologram+1","Reboot+1","Happy Flower","Hologram+1"],"campfire_rested":1,"item_purchase_floors":[12,29,48,48,48,48,48,53,53,53],"current_hp_per_floor":[75,75,75,60,53,53,53,34,34,34,34,34,34,34,34,47,75,68,68,68,67,60,29,29,3,3,2,2,2,24,24,24,40,75,75,75,75,75,75,74,74,73,73,44,30,30,30,30,30,52,75,75,75,67,23],"gold":63,"neow_bonus":"THREE_ENEMY_KILL","is_prod":false,"is_daily":false,"chose_seed":false,"campfire_upgraded":6,"win_rate":0,"timestamp":1552033331,"path_taken":["M","?","M","?","?","E","R","E","T","?","R","$","R","E","R","BOSS","M","M","?","M","M","E","R","E","T","M","?","$","R","?","R","BOSS","M","?","?","M","?","E","R","E","T","E","?","E","?","$","R","BOSS","R","$","E","BOSS"],"build_version":"2019-01-23","purchased_purges":3,"victory":true,"max_hp_per_floor":[75,75,75,75,75,75,75,75,75,75,75,75,75,75,75,75,75,75,75,75,75,75,75,75,75,75,75,75,75,75,75,75,75,75,75,75,75,75,75,75,75,75,75,75,75,75,75,75,75,75,75,75,75,85,85],"card_choices":[{"not_picked":["Streamline","Hello World"],"picked":"Sweeping Beam","floor":1.0},{"not_picked":["Hologram","Consume"],"picked":"Rebound","floor":3.0},{"not_picked":["Coolheaded","Loop"],"picked":"Defragment","floor":6.0},{"not_picked":["Sunder","Hologram"],"picked":"Ball Lightning","floor":8.0},{"not_picked":["Static Discharge","BootSequence","Coolheaded"],"picked":"Core Surge","floor":14.0},{"not_picked":["Buffer","Electrodynamics","Seek"],"picked":"Machine Learning","floor":16.0},{"not_picked":["Coolheaded","Rebound","Steam Power"],"picked":"Redo","floor":18.0},{"not_picked":["Rainbow","Undo","Streamline+1"],"picked":"Glacier","floor":19.0},{"not_picked":["Leap","White Noise","Compile Driver"],"picked":"Redo+1","floor":21.0},{"not_picked":["BootSequence","Static Discharge","Glacier","Reinforced Body"],"picked":"SKIP","floor":22.0},{"not_picked":["Heatsinks","Barrage","Force Field"],"picked":"Blizzard","floor":23.0},{"not_picked":["Undo","Biased Cognition","Chaos"],"picked":"Cold Snap","floor":25.0},{"not_picked":["Leap","Hologram","Stack"],"picked":"Conserve Battery","floor":27.0},{"not_picked":["Sunder","Go for the Eyes","Reinforced Body+1"],"picked":"Redo","floor":31.0},{"not_picked":["Seek","All For One","Meteor Strike"],"picked":"Fission","floor":33.0},{"not_picked":["Hologram","Gash+1","Storm"],"picked":"Fusion+1","floor":35.0},{"not_picked":["Skim+1","Cold Snap+1","Melter+1"],"picked":"Redo+1","floor":37.0},{"not_picked":["Sweeping Beam","Static Discharge+1","Cold Snap","Gash+1"],"picked":"SKIP","floor":38.0},{"not_picked":["White Noise+1","Sweeping Beam","Rainbow"],"picked":"Hologram+1","floor":40.0},{"not_picked":["Leap+1","Steam+1","Go for the Eyes"],"picked":"Double Energy+1","floor":42.0},{"not_picked":["Chill+1","Sweeping Beam+1","Undo+1"],"picked":"Consume+1","floor":44.0},{"not_picked":["Doom and Gloom+1","White Noise+1","BootSequence+1"],"picked":"Barrage+1","floor":45.0},{"not_picked":["White Noise+1","Rip and Tear+1","Steam+1"],"picked":"Creative AI","floor":46.0},{"not_picked":["Good Instincts+1","Flash of Steel+1","Discovery+1"],"picked":"Secret Weapon+1","floor":47.0},{"not_picked":["Steam+1","Chill+1","Recycle+1"],"picked":"Compile Driver+1","floor":54}],"player_experience":396733,"relics_obtained":[{"floor":6.0,"key":"Incense Burner"},{"floor":8.0,"key":"Symbiotic Virus"},{"floor":9.0,"key":"Pantograph"},{"floor":10.0,"key":"Question Card"},{"floor":14.0,"key":"Art of War"},{"floor":23.0,"key":"Ancient Tea Set"},{"floor":23.0,"key":"Pen Nib"},{"floor":25.0,"key":"Bottled Lightning"},{"floor":25.0,"key":"Torii"},{"floor":26.0,"key":"Bottled Flame"},{"floor":37.0,"key":"Ice Cream"},{"floor":40.0,"key":"Letter Opener"},{"floor":40.0,"key":"Omamori"},{"floor":42.0,"key":"Toxic Egg 2"},{"floor":42.0,"key":"The Courier"},{"floor":44.0,"key":"Molten Egg 2"},{"floor":44.0,"key":"Vajra"},{"floor":46.0,"key":"Whetstone"},{"floor":46.0,"key":"Bag of Preparation"},{"floor":54,"key":"Pear"},{"floor":54,"key":"Kunai"}],"event_choices":[{"damage_healed":0.0,"max_hp_gain":0.0,"max_hp_loss":0.0,"gold_gain":0.0,"event_name":"Living Wall","player_choice":"Grow","floor":2.0,"gold_loss":0.0,"damage_taken":0.0,"cards_upgraded":["Zap"]},{"damage_healed":0.0,"max_hp_gain":0.0,"max_hp_loss":0.0,"gold_gain":0.0,"event_name":"Shining Light","player_choice":"Entered Light","floor":4.0,"gold_loss":0.0,"damage_taken":15.0,"cards_upgraded":["Defend_B","Strike_B"]},{"damage_healed":0.0,"max_hp_gain":0.0,"max_hp_loss":0.0,"gold_gain":0.0,"event_name":"Scrap Ooze","player_choice":"Success","floor":5.0,"gold_loss":0.0,"damage_taken":7.0,"relics_obtained":["Peace Pipe"]},{"cards_removed":["Strike_B"],"damage_healed":0.0,"max_hp_gain":0.0,"max_hp_loss":0.0,"gold_gain":0.0,"event_name":"Back to Basics","player_choice":"Elegance","floor":20.0,"gold_loss":0.0,"damage_taken":0.0},{"damage_healed":0.0,"max_hp_gain":0.0,"max_hp_loss":0.0,"gold_gain":0.0,"cards_transformed":["Defend_B","Defend_B"],"event_name":"Drug Dealer","player_choice":"Became Test Subject","floor":28.0,"gold_loss":0.0,"damage_taken":0.0,"cards_obtained":["Recycle","Coolheaded"]},{"damage_healed":0.0,"max_hp_gain":0.0,"max_hp_loss":0.0,"gold_gain":0.0,"event_name":"Tomb of Lord Red Mask","player_choice":"Ignored","floor":36.0,"gold_loss":0.0,"damage_taken":0.0},{"damage_healed":0.0,"max_hp_gain":0.0,"max_hp_loss":0.0,"gold_gain":0.0,"event_name":"MindBloom","player_choice":"Fight","floor":37.0,"gold_loss":0.0,"damage_taken":0.0},{"damage_healed":0.0,"max_hp_gain":0.0,"max_hp_loss":0.0,"gold_gain":300.0,"event_name":"Wheel of Change","player_choice":"Gold","floor":39.0,"gold_loss":0.0,"damage_taken":0.0},{"damage_healed":0.0,"max_hp_gain":0.0,"max_hp_loss":0.0,"gold_gain":0.0,"event_name":"SensoryStone","player_choice":"Memory 1","floor":47.0,"gold_loss":0.0,"damage_taken":0.0}],"is_beta":false,"boss_relics":[{"not_picked":["Tiny House","Orrery"],"picked":"Black Star"},{"not_picked":["FrozenCore","Velvet Choker"],"picked":"Inserter"}],"items_purged_floors":[12,29,48],"is_endless":false,"potions_floor_spawned":[3,14,18,21,31,38,40,42,46],"ascension_level":3}