{"gold_per_floor":[111,130,149,149,149,176,176,208,208,0,0,0,41,61,61,155,155,170,170,183,50,66,66,102,102,125,148,168,201,237,255,255,346,346,362,377,398,398,411,449,463,484,484,507,521,521,540,69,69,69],"floor_reached":50,"playtime":2364,"items_purged":["Bash"],"score":1092,"play_id":"4c5833cf-94e9-4193-841a-187d967793af","local_time":"20190220215559","is_ascension_mode":true,"campfire_choices":[{"data":"Uppercut","floor":7.0,"key":"SMITH"},{"data":"Metallicize","floor":11.0,"key":"SMITH"},{"data":"Flex","floor":15.0,"key":"SMITH"},{"data":"Corruption","floor":23.0,"key":"SMITH"},{"data":"Sentinel","floor":25.0,"key":"SMITH"},{"data":"Evolve","floor":32.0,"key":"SMITH"},{"floor":49.0,"key":"REST"}],"neow_cost":"NONE","seed_source_timestamp":82143141595153,"circlet_count":0,"master_deck":["AscendersBane","Flex+1","Spot Weakness","Uppercut+1","Twin Strike","Metallicize+1","Impervious","Thunderclap+1","Pummel+1","Feel No Pain","Fiend Fire+1","Carnage+1","Sentinel+1","Feed+1","Offering","Reckless Charge+1","Power Through","Carnage+1","Sword Boomerang+1","Heavy Blade+1","Corruption+1","Reckless Charge+1","Cleave+1","Rampage+1","True Grit+1","Iron Wave+1","Double Tap+1","Evolve+1","Fiend Fire+1","Iron Wave+1","Pommel Strike+1","Mind Blast+1","Demon Form","Shrug It Off+1","Uppercut+1","Uppercut+1","Rage","Flame Barrier","Clothesline+1"],"special_seed":0,"relics":["Burning Blood","Darkstone Periapt","Molten Egg 2","Sundial","Lantern","Golden Idol","Bronze Scales","Pandora\u0027s Box","PreservedInsect","Red Skull","Red Mask","Strawberry","Busted Crown","Vajra","Pen Nib","Dream Catcher"],"potions_floor_usage":[50,50],"damage_taken":[{"damage":6.0,"enemies":"Cultist","floor":1.0,"turns":3.0},{"damage":19.0,"enemies":"Jaw Worm","floor":2.0,"turns":5.0},{"damage":0.0,"enemies":"2 Louse","floor":3.0,"turns":2.0},{"damage":16.0,"enemies":"Gremlin Nob","floor":6.0,"turns":3.0},{"damage":32.0,"enemies":"3 Sentries","floor":8.0,"turns":10.0},{"damage":16.0,"enemies":"Gremlin Nob","floor":13.0,"turns":3.0},{"damage":3.0,"enemies":"Exordium Wildlife","floor":14.0,"turns":3.0},{"damage":10.0,"enemies":"Hexaghost","floor":16.0,"turns":9.0},{"damage":2.0,"enemies":"Chosen","floor":18.0,"turns":4.0},{"damage":6.0,"enemies":"Spheric Guardian","floor":20.0,"turns":1.0},{"damage":19.0,"enemies":"Snecko","floor":22.0,"turns":4.0},{"damage":14.0,"enemies":"Gremlin Leader","floor":24.0,"turns":8.0},{"damage":11.0,"enemies":"3 Cultists","floor":27.0,"turns":4.0},{"damage":23.0,"enemies":"Centurion and Healer","floor":28.0,"turns":3.0},{"damage":0.0,"enemies":"Masked Bandits","floor":29.0,"turns":2.0},{"damage":21.0,"enemies":"Slavers","floor":30.0,"turns":4.0},{"damage":0.0,"enemies":"Chosen and Byrds","floor":31.0,"turns":3.0},{"damage":25.0,"enemies":"Automaton","floor":33.0,"turns":8.0},{"damage":34.0,"enemies":"3 Shapes","floor":35.0,"turns":9.0},{"damage":14.0,"enemies":"3 Darklings","floor":36.0,"turns":3.0},{"damage":20.0,"enemies":"Transient","floor":37.0,"turns":6.0},{"damage":21.0,"enemies":"Maw","floor":39.0,"turns":6.0},{"damage":0.0,"enemies":"Reptomancer","floor":40.0,"turns":2.0},{"damage":6.0,"enemies":"Sphere and 2 Shapes","floor":41.0,"turns":2.0},{"damage":0.0,"enemies":"4 Shapes","floor":42.0,"turns":6.0},{"damage":12.0,"enemies":"Spire Growth","floor":44.0,"turns":3.0},{"damage":6.0,"enemies":"Transient","floor":45.0,"turns":6.0},{"damage":12.0,"enemies":"Maw","floor":47.0,"turns":5.0},{"damage":77,"enemies":"Awakened One","floor":50,"turns":7}],"seed_played":"7901246634386642568","potions_obtained":[{"floor":2.0,"key":"Explosive Potion"},{"floor":3.0,"key":"Fire Potion"},{"floor":6.0,"key":"Poison Potion"},{"floor":8.0,"key":"Explosive Potion"},{"floor":22.0,"key":"Dexterity Potion"},{"floor":24.0,"key":"Strength Potion"},{"floor":27.0,"key":"Weak Potion"},{"floor":37.0,"key":"Strength Potion"},{"floor":39.0,"key":"Swift Potion"},{"floor":40.0,"key":"Dexterity Potion"},{"floor":42.0,"key":"BloodPotion"},{"floor":44.0,"key":"Fire Potion"},{"floor":45.0,"key":"Fire Potion"}],"is_trial":false,"path_per_floor":["M","M","M","?","?","E","R","E","T","$","R","?","E","M","R","B",null,"M","?","M","$","M","R","E","R","T","M","M","?","E","M","R","B",null,"M","M","M","?","M","E","M","M","T","M","M","?","M","$","R","B"],"character_chosen":"IRONCLAD","items_purchased":["Lantern","Thunderclap+1","Corruption","Reckless Charge+1","Pen Nib","Flame Barrier","Dream Catcher"],"campfire_rested":1,"item_purchase_floors":[10,10,21,21,48,48,48],"current_hp_per_floor":[68,55,61,66,66,56,56,30,30,30,30,30,20,23,23,19,59,63,63,63,63,50,50,42,42,42,41,28,34,26,32,32,17,73,49,45,31,31,16,22,22,32,32,36,36,36,30,30,60,0],"gold":69,"neow_bonus":"TRANSFORM_CARD","is_prod":false,"is_daily":false,"chose_seed":false,"campfire_upgraded":6,"win_rate":0,"timestamp":1550717759,"path_taken":["M","?","M","?","?","E","R","E","T","?","R","?","E","M","R","BOSS","M","?","M","$","M","R","E","R","T","M","?","?","E","M","R","BOSS","M","M","M","?","M","E","M","M","T","M","M","?","M","$","R","BOSS"],"build_version":"2019-01-23","purchased_purges":1,"victory":false,"max_hp_per_floor":[75,75,75,80,80,80,80,80,80,80,80,72,72,72,72,72,72,72,72,72,72,72,72,72,72,72,76,80,80,87,87,87,91,91,95,99,99,99,99,99,99,103,103,103,103,103,103,103,103,107],"card_choices":[{"not_picked":["Iron Wave","Dual Wield"],"picked":"Spot Weakness","floor":1.0},{"not_picked":["Burning Pact","Rage"],"picked":"Uppercut","floor":2.0},{"not_picked":["Clash","Burning Pact"],"picked":"Twin Strike","floor":3.0},{"not_picked":["Clash","Pommel Strike"],"picked":"Metallicize","floor":6.0},{"not_picked":["Spot Weakness","Clothesline"],"picked":"Impervious","floor":8.0},{"not_picked":["Corruption","Wild Strike+1"],"picked":"Pummel+1","floor":13.0},{"not_picked":["Body Slam+1","Thunderclap+1"],"picked":"Feel No Pain","floor":14.0},{"not_picked":["Barricade","Brutality"],"picked":"Fiend Fire+1","floor":16.0},{"not_picked":["Shrug It Off+1","Battle Trance"],"picked":"Sword Boomerang+1","floor":18.0},{"not_picked":["Battle Trance","Shockwave"],"picked":"Heavy Blade+1","floor":20.0},{"not_picked":["Twin Strike+1","Thunderclap+1"],"picked":"Cleave+1","floor":22.0},{"not_picked":["Shrug It Off","Heavy Blade+1"],"picked":"Rampage+1","floor":24.0},{"not_picked":["Twin Strike+1","Wild Strike+1"],"picked":"True Grit+1","floor":27.0},{"not_picked":["Sever Soul+1","Inflame"],"picked":"Iron Wave+1","floor":28.0},{"not_picked":["Combust","Burning Pact+1"],"picked":"Double Tap","floor":30.0},{"not_picked":["Disarm","Pommel Strike+1"],"picked":"Evolve","floor":31.0},{"not_picked":["Double Tap","Bludgeon+1"],"picked":"Fiend Fire+1","floor":33.0},{"not_picked":["Clash+1"],"picked":"SKIP","floor":35.0},{"not_picked":[],"picked":"Iron Wave+1","floor":36.0},{"not_picked":[],"picked":"Pommel Strike+1","floor":37.0},{"not_picked":[],"picked":"Mind Blast+1","floor":38.0},{"not_picked":["Infernal Blade"],"picked":"SKIP","floor":39.0},{"not_picked":[],"picked":"Demon Form","floor":40.0},{"not_picked":[],"picked":"Shrug It Off+1","floor":41.0},{"not_picked":[],"picked":"Uppercut+1","floor":42.0},{"not_picked":[],"picked":"Uppercut+1","floor":44.0},{"not_picked":[],"picked":"Rage","floor":45.0},{"not_picked":["Combust"],"picked":"SKIP","floor":47.0},{"not_picked":[],"picked":"Clothesline+1","floor":49.0}],"player_experience":530258,"relics_obtained":[{"floor":6.0,"key":"Darkstone Periapt"},{"floor":8.0,"key":"Molten Egg 2"},{"floor":9.0,"key":"Sundial"},{"floor":13.0,"key":"Bronze Scales"},{"floor":24.0,"key":"PreservedInsect"},{"floor":26.0,"key":"Red Skull"},{"floor":29.0,"key":"Red Mask"},{"floor":30.0,"key":"Strawberry"},{"floor":40.0,"key":"Vajra"}],"event_choices":[{"damage_healed":0.0,"max_hp_gain":5.0,"max_hp_loss":0.0,"gold_gain":0.0,"event_name":"Big Fish","player_choice":"Donut","floor":4.0,"gold_loss":0.0,"damage_taken":0.0},{"damage_healed":0.0,"max_hp_gain":0.0,"max_hp_loss":0.0,"gold_gain":0.0,"event_name":"Liars Game","player_choice":"Ignored","floor":5.0,"gold_loss":0.0,"damage_taken":0.0},{"damage_healed":0.0,"max_hp_gain":0.0,"max_hp_loss":8.0,"gold_gain":0.0,"event_name":"Golden Idol","player_choice":"Lose Max HP","floor":12.0,"gold_loss":0.0,"damage_taken":0.0,"relics_obtained":["Golden Idol"]},{"cards_removed":["Flex"],"damage_healed":0.0,"max_hp_gain":0.0,"max_hp_loss":0.0,"gold_gain":0.0,"event_name":"Wheel of Change","player_choice":"Card Removal","floor":19.0,"gold_loss":0.0,"damage_taken":0.0},{"damage_healed":0.0,"max_hp_gain":0.0,"max_hp_loss":0.0,"gold_gain":0.0,"event_name":"Masked Bandits","player_choice":"Fought Bandits","floor":29.0,"gold_loss":0.0,"damage_taken":0.0},{"damage_healed":0.0,"max_hp_gain":0.0,"max_hp_loss":0.0,"gold_gain":0.0,"event_name":"SensoryStone","player_choice":"Memory 1","floor":38.0,"gold_loss":0.0,"damage_taken":0.0},{"damage_healed":0.0,"max_hp_gain":0.0,"max_hp_loss":0.0,"gold_gain":0.0,"event_name":"Accursed Blacksmith","player_choice":"Forge","floor":46.0,"gold_loss":0.0,"damage_taken":0.0,"cards_upgraded":["Double Tap"]}],"is_beta":false,"boss_relics":[{"not_picked":["Black Blood","Orrery"],"picked":"Pandora\u0027s Box"},{"not_picked":["Runic Cube","Tiny House"],"picked":"Busted Crown"}],"items_purged_floors":[48],"is_endless":false,"potions_floor_spawned":[2,3,6,8,22,24,27,28,31,37,39,40,42,44,45],"killed_by":"Awakened One","ascension_level":17}