{"gold_per_floor":[110,110,110,129,129,156,156,183,183,202,230,245,245,261,261,261],"floor_reached":16,"playtime":1425,"items_purged":[],"score":110,"play_id":"4a54eb43-5ca5-4ee1-b9de-a61ee28f334c","local_time":"20190224210646","is_ascension_mode":false,"campfire_choices":[{"data":"Juggernaut","floor":7.0,"key":"SMITH"},{"data":"Rampage","floor":13.0,"key":"SMITH"},{"data":"Warcry","floor":15.0,"key":"SMITH"}],"neow_cost":"NONE","seed_source_timestamp":0,"circlet_count":0,"master_deck":["Strike_R","Strike_R","Strike_R","Strike_R","Strike_R","Defend_R","Defend_R","Defend_R","Defend_R","Bash","Juggernaut+1","Inflame","Rampage+1","Flame Barrier","Battle Trance","Body Slam","Warcry+1"],"special_seed":0,"relics":["Burning Blood","FaceOfCleric","Bottled Tornado","PreservedInsect","Darkstone Periapt","Sundial","Odd Mushroom"],"potions_floor_usage":[16],"damage_taken":[{"damage":9.0,"enemies":"Small Slimes","floor":1.0,"turns":4.0},{"damage":7.0,"enemies":"2 Louse","floor":4.0,"turns":3.0},{"damage":38.0,"enemies":"3 Sentries","floor":6.0,"turns":7.0},{"damage":16.0,"enemies":"Lagavulin","floor":8.0,"turns":5.0},{"damage":6.0,"enemies":"Cultist","floor":10.0,"turns":4.0},{"damage":8.0,"enemies":"The Mushroom Lair","floor":11.0,"turns":4.0},{"damage":19.0,"enemies":"Exordium Thugs","floor":12.0,"turns":4.0},{"damage":5.0,"enemies":"Looter","floor":14.0,"turns":3.0},{"damage":27,"enemies":"Slime Boss","floor":16,"turns":9}],"seed_played":"-4244827559780367397","potions_obtained":[{"floor":4.0,"key":"LiquidBronze"},{"floor":6.0,"key":"EssenceOfSteel"},{"floor":10.0,"key":"PowerPotion"},{"floor":12.0,"key":"LiquidBronze"}],"is_trial":false,"path_per_floor":["M","?","?","M","T","E","R","E","T","M","?","M","R","M","R","B"],"character_chosen":"IRONCLAD","items_purchased":[],"campfire_rested":0,"item_purchase_floors":[],"current_hp_per_floor":[77,77,77,77,77,46,46,37,37,38,37,25,25,27,27,0],"gold":261,"neow_bonus":"ONE_RANDOM_RARE_CARD","is_prod":false,"is_daily":false,"chose_seed":false,"campfire_upgraded":3,"win_rate":0,"timestamp":1551042406,"path_taken":["M","?","?","?","?","E","R","E","T","M","?","M","R","?","R","BOSS"],"build_version":"2019-01-23","purchased_purges":0,"victory":false,"max_hp_per_floor":[80,80,80,81,81,82,82,83,83,84,85,86,86,87,87,87],"card_choices":[{"not_picked":["Headbutt","Havoc"],"picked":"Inflame","floor":1.0},{"not_picked":["Searing Blow","Flame Barrier"],"picked":"Rampage","floor":4.0},{"not_picked":["Havoc","Rupture","Blood for Blood"],"picked":"SKIP","floor":6.0},{"not_picked":["Sever Soul","Hemokinesis"],"picked":"Flame Barrier","floor":8.0},{"not_picked":["Brutality","Hemokinesis"],"picked":"Battle Trance","floor":10.0},{"not_picked":["Sword Boomerang","Hemokinesis"],"picked":"Body Slam","floor":12.0},{"not_picked":["Evolve","Iron Wave"],"picked":"Warcry","floor":14.0}],"player_experience":432359,"relics_obtained":[{"floor":5.0,"key":"Bottled Tornado"},{"floor":6.0,"key":"PreservedInsect"},{"floor":8.0,"key":"Darkstone Periapt"},{"floor":9.0,"key":"Sundial"},{"floor":11.0,"key":"Odd Mushroom"}],"event_choices":[{"damage_healed":0.0,"max_hp_gain":0.0,"max_hp_loss":0.0,"gold_gain":0.0,"event_name":"Liars Game","player_choice":"Ignored","floor":2.0,"gold_loss":0.0,"damage_taken":0.0},{"damage_healed":0.0,"max_hp_gain":0.0,"max_hp_loss":0.0,"gold_gain":0.0,"event_name":"FaceTrader","player_choice":"Trade","floor":3.0,"gold_loss":0.0,"damage_taken":0.0,"relics_obtained":["FaceOfCleric"]},{"damage_healed":0.0,"max_hp_gain":0.0,"max_hp_loss":0.0,"gold_gain":0.0,"event_name":"Mushrooms","player_choice":"Fought Mushrooms","floor":11.0,"gold_loss":0.0,"damage_taken":0.0}],"is_beta":false,"boss_relics":[],"items_purged_floors":[],"is_endless":false,"potions_floor_spawned":[4,6,10,12],"killed_by":"Slime Boss","ascension_level":0}