{"gold_per_floor":[219,6,6,18,37,37,63,82,82,82],"floor_reached":10,"playtime":325,"items_purged":[],"score":136,"play_id":"6036b5e8-9f68-4c3c-bda2-b0fb74a08313","local_time":"20190206212642","is_ascension_mode":true,"campfire_choices":[{"data":"Zap","floor":6,"key":"SMITH"}],"neow_cost":"NONE","seed_source_timestamp":41629185332900,"circlet_count":0,"master_deck":["AscendersBane","Strike_B","Strike_B","Strike_B","Strike_B","Defend_B","Defend_B","Defend_B","Defend_B","Zap+1","Dualcast","Storm","Stack","Stack","Barrage","Loop","Rebound"],"relics":["Cracked Core","DataDisk","Regal Pillow","Toxic Egg 2"],"potions_floor_usage":[7,8,10],"damage_taken":[{"damage":0,"enemies":"Cultist","floor":1,"turns":3},{"damage":7,"enemies":"Jaw Worm","floor":4,"turns":4},{"damage":0,"enemies":"2 Louse","floor":5,"turns":2},{"damage":22,"enemies":"3 Sentries","floor":7,"turns":8},{"damage":10,"enemies":"Large Slime","floor":8,"turns":5},{"damage":36,"enemies":"Gremlin Nob","floor":10,"turns":3}],"seed_played":"-4697236109942768185","potions_obtained":[{"floor":3,"key":"Dexterity Potion"},{"floor":3,"key":"GamblersBrew"},{"floor":8,"key":"FocusPotion"}],"is_trial":false,"path_per_floor":["M","$","?","M","M","R","E","M","T","E"],"character_chosen":"DEFECT","items_purchased":["DataDisk","Stack"],"campfire_rested":0,"item_purchase_floors":[2,2],"current_hp_per_floor":[64,64,64,57,57,57,35,25,25,0],"gold":82,"neow_bonus":"HUNDRED_GOLD","is_prod":false,"is_daily":false,"chose_seed":false,"campfire_upgraded":1,"win_rate":0,"timestamp":1549517202,"path_taken":["M","$","?","M","M","R","E","?","T","E"],"build_version":"2019-01-23","purchased_purges":0,"victory":false,"max_hp_per_floor":[71,71,71,71,71,71,71,71,71,71],"card_choices":[{"not_picked":["Conserve Battery","Streamline"],"picked":"Storm","floor":1},{"not_picked":["Scrape","Chaos"],"picked":"Stack","floor":4},{"not_picked":["Compile Driver","Gash"],"picked":"Barrage","floor":5},{"not_picked":["Steam","Hologram"],"picked":"Loop","floor":7},{"not_picked":["Force Field","Aggregate"],"picked":"Rebound","floor":8}],"player_experience":648426,"relics_obtained":[{"floor":7,"key":"Regal Pillow"},{"floor":9,"key":"Toxic Egg 2"}],"event_choices":[{"damage_healed":0,"gold_gain":0,"player_choice":"Got Potions","damage_taken":0,"max_hp_gain":0,"max_hp_loss":0,"event_name":"Lab","floor":3,"gold_loss":0}],"is_beta":false,"boss_relics":[],"items_purged_floors":[],"is_endless":false,"potions_floor_spawned":[4,8],"killed_by":"Gremlin Nob","ascension_level":20}