{"gold_per_floor":[119,119,129,3,16,16,49,49,73,100,115,149,159,41,41,119,119,132,132,155,168,182,210,28,54,54,54,69,98,98,13,13,87,87,97,97,97,117,117,149,149,161,161,179,202,221,18,44,44,44],"floor_reached":51,"playtime":3535,"items_purged":["Strike_G"],"score":1439,"play_id":"8cf819d3-e0dd-4e29-b6f1-6d376b2ef791","local_time":"20180706211403","is_ascension_mode":true,"campfire_choices":[{"data":"Neutralize","floor":6,"key":"SMITH"},{"data":"Envenom","floor":8,"key":"SMITH"},{"data":"Cloak And Dagger","floor":15,"key":"SMITH"},{"floor":27,"key":"REST"},{"data":"After Image","floor":32,"key":"SMITH"},{"data":"Footwork","floor":41,"key":"SMITH"},{"floor":49,"key":"REST"}],"neow_cost":"NONE","seed_source_timestamp":178924187984717,"circlet_count":0,"master_deck":["Defend_G","Defend_G","Defend_G","Defend_G","Survivor","Neutralize+1","AscendersBane","Flying Knee","Envenom+1","Predator","Cloak And Dagger+1","Dagger Spray+1","Dagger Throw","Cloak And Dagger+1","Footwork+1","Endless Agony","After Image+1","Sucker Punch","PiercingWail","RitualDagger+1","Predator","Infinite Blades","Dash","Die Die Die","Escape Plan+1","Cloak And Dagger+1","Acrobatics+1","Well Laid Plans+1","Accuracy","Footwork","Deflect+1","Acrobatics+1","Backstab","Noxious Fumes"],"relics":["Busted Crown","Blood Vial","Bag of Marbles","Vajra","Kunai","Orrery","Whetstone","Toxic Egg 2","Bronze Scales","Matryoshka","Singing Bowl","The Courier","Astrolabe","Centennial Puzzle","Bag of Preparation","Bottled Lightning","Omamori","Lantern","Smiling Mask"],"potions_floor_usage":[7,12,13,23,25,33,40,50],"damage_taken":[{"damage":1,"enemies":"Small Slimes","floor":1,"turns":6},{"damage":2,"enemies":"Jaw Worm","floor":3,"turns":4},{"damage":0,"enemies":"Cultist","floor":5,"turns":3},{"damage":6,"enemies":"3 Sentries","floor":7,"turns":7},{"damage":11,"enemies":"Gremlin Nob","floor":10,"turns":4},{"damage":0,"enemies":"Large Slime","floor":11,"turns":3},{"damage":9,"enemies":"Lagavulin","floor":12,"turns":5},{"damage":6,"enemies":"Exordium Wildlife","floor":13,"turns":2},{"damage":0,"enemies":"The Guardian","floor":16,"turns":10},{"damage":9,"enemies":"Spheric Guardian","floor":18,"turns":6},{"damage":0,"enemies":"Chosen","floor":21,"turns":5},{"damage":6,"enemies":"Snake Plant","floor":22,"turns":7},{"damage":16,"enemies":"Slavers","floor":23,"turns":6},{"damage":9,"enemies":"Gremlin Leader","floor":25,"turns":11},{"damage":9,"enemies":"Centurion and Healer","floor":28,"turns":6},{"damage":11,"enemies":"Book of Stabbing","floor":29,"turns":5},{"damage":21,"enemies":"Champ","floor":33,"turns":13},{"damage":9,"enemies":"3 Darklings","floor":35,"turns":5},{"damage":0,"enemies":"3 Shapes","floor":38,"turns":4},{"damage":8,"enemies":"2 Orb Walkers","floor":40,"turns":5},{"damage":13,"enemies":"Maw","floor":42,"turns":8},{"damage":1,"enemies":"Sphere and 2 Shapes","floor":44,"turns":6},{"damage":4,"enemies":"4 Shapes","floor":46,"turns":6},{"damage":0,"enemies":"Nemesis","floor":48,"turns":7},{"damage":14,"enemies":"Donu and Deca","floor":50,"turns":10}],"seed_played":"-7410323682828952242","potions_obtained":[{"floor":5,"key":"SkillPotion"},{"floor":7,"key":"Swift Potion"},{"floor":11,"key":"Strength Potion"},{"floor":21,"key":"Weak Potion"},{"floor":23,"key":"Regen Potion"},{"floor":28,"key":"FearPotion"},{"floor":38,"key":"GhostInAJar"},{"floor":44,"key":"PowerPotion"},{"floor":48,"key":"Fire Potion"}],"is_trial":false,"path_per_floor":["M","?","M","$","M","R","E","R","T","E","M","E","M","$","R","B",null,"M","?","T","M","M","E","$","E","T","R","M","E","?","?","R","B",null,"M","?","?","M","?","E","R","M","T","M","T","M","$","E","R","B"],"character_chosen":"THE_SILENT","items_purchased":["Predator","Cloak And Dagger","Footwork","Endless Agony","Infinite Blades","Dash","Footwork","Deflect+1","Acrobatics+1","Backstab"],"campfire_rested":2,"item_purchase_floors":[4,4,14,14,24,24,47,47,47,47],"current_hp_per_floor":[58,58,56,56,56,56,50,50,50,41,43,36,32,32,32,34,58,51,45,45,47,43,29,29,37,37,56,49,42,42,42,42,23,57,52,52,52,56,82,74,74,63,63,64,64,64,64,66,84,70],"gold":44,"neow_bonus":"BOSS_RELIC","is_prod":false,"is_daily":false,"chose_seed":false,"campfire_upgraded":5,"win_rate":0,"timestamp":1530904443,"path_taken":["M","?","M","$","M","R","E","R","T","E","M","E","M","$","R","BOSS","M","?","?","M","M","E","$","E","T","R","M","E","?","?","R","BOSS","M","?","?","?","?","E","R","M","T","M","?","?","$","E","R","BOSS"],"build_version":"2018-07-05","purchased_purges":1,"victory":true,"max_hp_per_floor":[66,66,66,66,66,66,66,66,66,66,66,66,66,66,66,66,66,66,66,66,66,66,66,66,66,66,66,66,68,68,68,68,68,68,70,70,70,72,82,82,82,82,82,82,82,84,84,84,84,84],"card_choices":[{"not_picked":[],"picked":"Flying Knee","floor":1},{"not_picked":["Distraction"],"picked":"SKIP","floor":3},{"not_picked":[],"picked":"Dagger Spray","floor":5},{"not_picked":["Slice"],"picked":"SKIP","floor":7},{"not_picked":[],"picked":"Dagger Throw","floor":10},{"not_picked":["Slice"],"picked":"SKIP","floor":11},{"not_picked":["Catalyst"],"picked":"SKIP","floor":12},{"not_picked":[],"picked":"Cloak And Dagger","floor":13},{"not_picked":[],"picked":"After Image","floor":16},{"not_picked":[],"picked":"Sucker Punch","floor":17},{"not_picked":[],"picked":"PiercingWail","floor":17},{"not_picked":["Sucker Punch"],"picked":"SKIP","floor":18},{"not_picked":[],"picked":"Predator","floor":21},{"not_picked":["Dagger Throw"],"picked":"SKIP","floor":22},{"not_picked":["Eviscerate"],"picked":"SKIP","floor":23},{"not_picked":["Wraith Form v2"],"picked":"SKIP","floor":25},{"not_picked":["Sucker Punch"],"picked":"SKIP","floor":28},{"not_picked":["Deadly Poison+1"],"picked":"Singing Bowl","floor":29},{"not_picked":[],"picked":"Die Die Die","floor":33},{"not_picked":["Slice"],"picked":"Singing Bowl","floor":35},{"not_picked":["Poisoned Stab"],"picked":"Singing Bowl","floor":38},{"not_picked":[],"picked":"Acrobatics+1","floor":40},{"not_picked":[],"picked":"Well Laid Plans+1","floor":42},{"not_picked":[],"picked":"Accuracy","floor":44},{"not_picked":["Bane"],"picked":"Singing Bowl","floor":46},{"not_picked":[],"picked":"Noxious Fumes","floor":48}],"player_experience":759444,"relics_obtained":[{"floor":7,"key":"Blood Vial"},{"floor":9,"key":"Bag of Marbles"},{"floor":10,"key":"Vajra"},{"floor":12,"key":"Kunai"},{"floor":20,"key":"Whetstone"},{"floor":23,"key":"Toxic Egg 2"},{"floor":25,"key":"Bronze Scales"},{"floor":26,"key":"Matryoshka"},{"floor":29,"key":"Singing Bowl"},{"floor":40,"key":"Centennial Puzzle"},{"floor":43,"key":"Bag of Preparation"},{"floor":43,"key":"Bottled Lightning"},{"floor":45,"key":"Omamori"},{"floor":45,"key":"Lantern"},{"floor":48,"key":"Smiling Mask"}],"event_choices":[{"event_name":"Living Wall","player_choice":"Change","floor":2,"damage_taken":0},{"event_name":"Nest","player_choice":"Joined the Cult","floor":19,"damage_taken":0},{"event_name":"The Mausoleum","player_choice":"No","floor":30,"damage_taken":0},{"event_name":"Addict","player_choice":"Obtained Relic","floor":31,"damage_taken":0},{"event_name":"Upgrade Shrine","player_choice":"Upgraded","floor":36,"damage_taken":0},{"event_name":"Falling","player_choice":"Removed Skill","floor":37,"damage_taken":0},{"event_name":"Bonfire Elementals","player_choice":"RARE","floor":39,"damage_taken":0}],"boss_relics":[{"not_picked":["Black Star","Runic Pyramid"],"picked":"Orrery"},{"not_picked":["Eternal Feather","Runic Dome"],"picked":"Astrolabe"}],"items_purged_floors":[24],"is_endless":false,"potions_floor_spawned":[5,7,11,21,23,28,38,44,48],"ascension_level":15}