{"path_per_floor":["M","M","$","?","M","R","M","M","T","R","M","R","E","M","R","B",null,"M","$","?","M","M"],"character_chosen":"DEFECT","items_purchased":["Turbo","Beam Cell","Panache","Hello World"],"gold_per_floor":[211,222,76,76,88,88,106,121,197,197,211,211,236,247,247,352,352,363,13,13,26,38,38],"floor_reached":23,"campfire_rested":0,"playtime":1314,"item_purchase_floors":[3,3,19,19],"current_hp_per_floor":[66,62,62,62,62,62,57,55,55,55,52,52,52,52,52,26,63,58,58,58,36,16,0],"items_purged":["Strike_B","Strike_B"],"gold":38,"score":297,"play_id":"7a6674f5-f866-4858-a093-e3806408cdc7","local_time":"20180526104431","is_prod":false,"is_daily":false,"chose_seed":false,"is_ascension_mode":true,"campfire_upgraded":3,"win_rate":0,"timestamp":1527324271,"campfire_choices":[{"data":"Zap","floor":6,"key":"SMITH"},{"data":"Fission","floor":10,"key":"SMITH"},{"data":"Scrape","floor":12,"key":"SMITH"},{"data":"1","floor":15,"key":"LIFT"}],"path_taken":["M","M","$","?","?","R","M","M","T","R","?","R","E","M","R","BOSS","M","$","?","M","?","E"],"build_version":"2018-05-25","seed_source_timestamp":274996602685229,"purchased_purges":2,"victory":false,"master_deck":["Strike_B","Defend_B","Defend_B","Defend_B","Defend_B","Zap+1","Dualcast","Glacier","Compile Driver","Turbo","Beam Cell","Steam Power","Steam","Fission+1","Scrape+1","Ball Lightning","Leap+1","Go for the Eyes","Machine Learning","Consume+1","Panache","Hello World","Undo+1","Coolheaded+1"],"max_hp_per_floor":[75,75,75,75,75,75,75,75,75,75,75,75,75,75,75,75,75,75,75,75,75,75,75],"relics":["Cracked Core","Toxic Egg 2","Girya","Sozu"],"card_choices":[{"not_picked":["Sweeping Beam","Defragment"],"picked":"Glacier","floor":1},{"not_picked":["Streamline","Sweeping Beam"],"picked":"Compile Driver","floor":2},{"not_picked":["Sunder","Turbo"],"picked":"Steam","floor":5},{"not_picked":["Fusion","Go for the Eyes"],"picked":"Fission","floor":7},{"not_picked":["Cold Snap","Leap"],"picked":"Scrape","floor":8},{"not_picked":["Redo+1","Storm"],"picked":"Ball Lightning","floor":11},{"not_picked":["Sweeping Beam","Storm"],"picked":"Leap+1","floor":13},{"not_picked":["Double Energy+1","Force Field+1"],"picked":"Go for the Eyes","floor":14},{"not_picked":["Electrodynamics","Echo Form"],"picked":"Machine Learning","floor":16},{"not_picked":["Compile Driver+1","Capacitor"],"picked":"Consume+1","floor":18},{"not_picked":["Reprogram+1","Go for the Eyes"],"picked":"Undo+1","floor":21},{"not_picked":["Force Field+1","Double Energy+1"],"picked":"Coolheaded+1","floor":22}],"player_experience":565742,"potions_floor_usage":[13,16],"damage_taken":[{"damage":2,"enemies":"Small Slimes","floor":1,"turns":4},{"damage":4,"enemies":"2 Louse","floor":2,"turns":3},{"damage":0,"enemies":"Cultist","floor":5,"turns":4},{"damage":5,"enemies":"Lots of Slimes","floor":7,"turns":5},{"damage":2,"enemies":"3 Louse","floor":8,"turns":4},{"damage":3,"enemies":"Blue Slaver","floor":11,"turns":3},{"damage":0,"enemies":"Gremlin Nob","floor":13,"turns":4},{"damage":0,"enemies":"Looter","floor":14,"turns":4},{"damage":26,"enemies":"Hexaghost","floor":16,"turns":12},{"damage":5,"enemies":"Shell Parasite","floor":18,"turns":5},{"damage":22,"enemies":"Chosen","floor":21,"turns":5},{"damage":20,"enemies":"Snake Plant","floor":22,"turns":4},{"damage":20,"enemies":"Gremlin Leader","floor":23,"turns":2}],"relics_obtained":[{"floor":9,"key":"Toxic Egg 2"},{"floor":13,"key":"Girya"}],"event_choices":[{"event_name":"Living Wall","player_choice":"Change","floor":4,"damage_taken":0},{"event_name":"The Mausoleum","player_choice":"No","floor":20,"damage_taken":0}],"boss_relics":[{"not_picked":["Black Star","Inserter"],"picked":"Sozu"}],"items_purged_floors":[3,19],"potions_floor_spawned":[2,8,11,14,18,22],"seed_played":"252320449266543041","killed_by":"Gremlin Leader","ascension_level":7,"potions_obtained":[{"floor":2,"key":"Strength Potion"},{"floor":8,"key":"Block Potion"},{"floor":11,"key":"SkillPotion"},{"floor":14,"key":"FocusPotion"}],"is_trial":false}