{"gold_per_floor":[118,129,143,160,174,199,199,199,199,199,225,238,31,46,46,46],"floor_reached":16,"playtime":616,"items_purged":[],"score":182,"play_id":"0a7d68a3-a58a-4d72-afc9-f1ab3dc643d4","local_time":"20181115230705","is_ascension_mode":true,"campfire_choices":[{"data":"True Grit","floor":7,"key":"SMITH"},{"data":"Armaments","floor":10,"key":"SMITH"},{"data":"Wild Strike","floor":15,"key":"SMITH"}],"neow_cost":"NONE","seed_source_timestamp":47825760426158,"circlet_count":0,"master_deck":["AscendersBane","Strike_R","Strike_R","Strike_R","Strike_R","Defend_R","Defend_R","Defend_R","Defend_R","Bash","Wild Strike+1","Armaments+1","True Grit+1","Carnage","Iron Wave","Dark Embrace","Corruption"],"relics":["Burning Blood","Anchor","Charon\u0027s Ashes","Magic Flower","Champion Belt","Medical Kit"],"potions_floor_usage":[6,16],"damage_taken":[{"damage":6,"enemies":"Jaw Worm","floor":1,"turns":4},{"damage":2,"enemies":"Small Slimes","floor":2,"turns":4},{"damage":0,"enemies":"2 Louse","floor":3,"turns":3},{"damage":3,"enemies":"Blue Slaver","floor":4,"turns":4},{"damage":4,"enemies":"Red Slaver","floor":5,"turns":5},{"damage":35,"enemies":"Lagavulin","floor":6,"turns":9},{"damage":30,"enemies":"3 Sentries","floor":11,"turns":7},{"damage":3,"enemies":"Looter","floor":12,"turns":4},{"damage":2,"enemies":"3 Louse","floor":14,"turns":3},{"damage":36,"enemies":"The Guardian","floor":16,"turns":6}],"seed_played":"-6135686718161953580","potions_obtained":[{"floor":2,"key":"SkillPotion"},{"floor":3,"key":"Ancient Potion"},{"floor":11,"key":"Energy Potion"}],"is_trial":false,"path_per_floor":["M","M","M","M","M","E","R","?","T","R","E","M","$","M","R","B"],"character_chosen":"IRONCLAD","items_purchased":["Medical Kit"],"campfire_rested":0,"item_purchase_floors":[13],"current_hp_per_floor":[72,76,80,80,80,51,51,44,44,44,23,29,29,36,36,0],"gold":46,"neow_bonus":"RANDOM_COMMON_RELIC","is_prod":false,"is_daily":false,"chose_seed":false,"campfire_upgraded":3,"win_rate":0,"timestamp":1542341225,"path_taken":["M","M","M","M","M","E","R","?","T","R","E","M","$","M","R","BOSS"],"build_version":"2018-11-15","purchased_purges":0,"victory":false,"max_hp_per_floor":[80,80,80,80,80,80,80,80,80,80,80,80,80,80,80,80],"card_choices":[{"not_picked":["Bloodletting","Second Wind"],"picked":"Wild Strike","floor":1},{"not_picked":["Cleave","Ghostly Armor","Clothesline"],"picked":"SKIP","floor":2},{"not_picked":["Wild Strike","Twin Strike"],"picked":"Armaments","floor":3},{"not_picked":["Clothesline","Pummel"],"picked":"True Grit","floor":4},{"not_picked":["Combust","Thunderclap","Wild Strike"],"picked":"SKIP","floor":5},{"not_picked":["Cleave","Whirlwind"],"picked":"Carnage","floor":6},{"not_picked":["Combust","Hemokinesis"],"picked":"Iron Wave","floor":11},{"not_picked":["Whirlwind","Sentinel"],"picked":"Dark Embrace","floor":12},{"not_picked":["Heavy Blade","Clothesline"],"picked":"Corruption","floor":14}],"player_experience":374398,"relics_obtained":[{"floor":6,"key":"Charon\u0027s Ashes"},{"floor":9,"key":"Magic Flower"},{"floor":11,"key":"Champion Belt"}],"event_choices":[{"cards_removed":["Strike_R"],"damage_healed":0,"gold_gain":0,"player_choice":"Card Removal","damage_taken":7,"max_hp_gain":0,"max_hp_loss":0,"event_name":"Golden Wing","floor":8,"gold_loss":0}],"is_beta":true,"boss_relics":[],"items_purged_floors":[],"is_endless":false,"potions_floor_spawned":[2,3,11,14],"killed_by":"The Guardian","ascension_level":12}