{"gold_per_floor":[110,128,144,74,93,93,112,132,132,132,152,171,346,361,361,361],"floor_reached":16,"playtime":583,"items_purged":[],"score":98,"play_id":"ad4e6e75-81c2-4ee8-a4ad-848abd2b6f18","local_time":"20180821152147","is_ascension_mode":false,"campfire_choices":[{"data":"Genetic Algorithm","floor":6,"key":"SMITH"},{"floor":10,"key":"REST"},{"floor":15,"key":"REST"}],"neow_cost":"PERCENT_DAMAGE","seed_source_timestamp":72288032332334,"circlet_count":0,"master_deck":["Strike_B","Strike_B","Strike_B","Strike_B","Defend_B","Defend_B","Defend_B","Defend_B","Zap","Dualcast","Genetic Algorithm+1","Conserve Battery","Force Field","Storm","Biased Cognition","Loop","Self Repair","Doubt"],"relics":["Cracked Core","Mango","Ornamental Fan"],"potions_floor_usage":[14],"damage_taken":[{"damage":7,"enemies":"Small Slimes","floor":1,"turns":2},{"damage":0,"enemies":"Jaw Worm","floor":2,"turns":3},{"damage":4,"enemies":"2 Louse","floor":3,"turns":3},{"damage":17,"enemies":"Lots of Slimes","floor":5,"turns":6},{"damage":10,"enemies":"Red Slaver","floor":7,"turns":5},{"damage":18,"enemies":"2 Fungi Beasts","floor":8,"turns":3},{"damage":8,"enemies":"Exordium Thugs","floor":11,"turns":4},{"damage":0,"enemies":"3 Louse","floor":12,"turns":3},{"damage":7,"enemies":"Blue Slaver","floor":14,"turns":3},{"damage":49,"enemies":"The Guardian","floor":16,"turns":11}],"seed_played":"829298841662986125","potions_obtained":[{"floor":3,"key":"SpeedPotion"},{"floor":7,"key":"Fire Potion"},{"floor":8,"key":"Block Potion"}],"is_trial":false,"path_per_floor":["M","M","M","$","M","R","M","M","T","R","M","M","?","M","R"],"character_chosen":"DEFECT","items_purchased":["Storm"],"campfire_rested":2,"item_purchase_floors":[4],"current_hp_per_floor":[61,61,57,57,40,40,30,12,12,38,30,30,30,23,49,0],"gold":361,"neow_bonus":"ONE_RARE_RELIC","is_prod":false,"is_daily":false,"chose_seed":false,"campfire_upgraded":1,"win_rate":0,"timestamp":1534879307,"path_taken":["M","M","M","$","M","R","M","M","T","R","M","M","?","?","R","BOSS"],"build_version":"2018-08-16","purchased_purges":0,"victory":false,"max_hp_per_floor":[89,89,89,89,89,89,89,89,89,89,89,89,89,89,89,89],"card_choices":[{"not_picked":["Leap","Gash"],"picked":"Genetic Algorithm","floor":1},{"not_picked":["Scrape","Steam"],"picked":"Conserve Battery","floor":2},{"not_picked":["Leap","Beam Cell"],"picked":"Force Field","floor":3},{"not_picked":["Barrage","Tempest","Compile Driver"],"picked":"SKIP","floor":5},{"not_picked":["Compile Driver","Gash"],"picked":"Biased Cognition","floor":7},{"not_picked":["Conserve Battery","Leap","Beam Cell"],"picked":"SKIP","floor":8},{"not_picked":["Hello World","BootSequence"],"picked":"Loop","floor":11},{"not_picked":["Conserve Battery","Beam Cell"],"picked":"Self Repair","floor":12},{"not_picked":["Consume","Doom and Gloom","Undo"],"picked":"SKIP","floor":14}],"player_experience":120477,"relics_obtained":[{"floor":9,"key":"Ornamental Fan"}],"event_choices":[{"event_name":"Liars Game","player_choice":"agreed","floor":13,"damage_taken":0}],"is_beta":false,"boss_relics":[],"items_purged_floors":[],"is_endless":false,"potions_floor_spawned":[3,7,8],"killed_by":"The Guardian","ascension_level":0}