{"gold_per_floor":[118,137,149,168,50,50,64,79,79,79,91,91,108,168,168,273,273,293,29,40,59,69,69,69],"floor_reached":24,"playtime":2463,"items_purged":[],"score":194,"play_id":"7abf4745-f2f7-477e-befc-8ba3a39d5150","local_time":"20180910043459","is_ascension_mode":false,"campfire_choices":[{"data":"Heavy Blade","floor":6,"key":"SMITH"},{"data":"Inflame","floor":10,"key":"SMITH"},{"floor":12,"key":"REST"},{"floor":15,"key":"REST"},{"floor":23,"key":"REST"}],"neow_cost":"NONE","seed_source_timestamp":282708234494143,"circlet_count":0,"master_deck":["Strike_R","Strike_R","Strike_R","Strike_R","Strike_R","Defend_R","Defend_R","Defend_R","Defend_R","Bash+1","Shockwave","Heavy Blade+1","Seeing Red","Inflame+1","Twin Strike","Impervious","Rage","Cleave","Double Tap","Flex","Cleave","Metamorphosis","Heavy Blade","Rage+1","Twin Strike"],"relics":["Burning Blood","Paper Frog","Gremlin Horn","Velvet Choker"],"potions_floor_usage":[3,4,8,8,16,18,21,24],"damage_taken":[{"damage":0,"enemies":"2 Louse","floor":1,"turns":3},{"damage":0,"enemies":"Small Slimes","floor":2,"turns":4},{"damage":0,"enemies":"Cultist","floor":3,"turns":2},{"damage":30,"enemies":"Large Slime","floor":4,"turns":6},{"damage":31,"enemies":"Lots of Slimes","floor":7,"turns":5},{"damage":7,"enemies":"Blue Slaver","floor":8,"turns":3},{"damage":9,"enemies":"3 Louse","floor":11,"turns":4},{"damage":6,"enemies":"Lots of Slimes","floor":13,"turns":5},{"damage":5,"enemies":"Gremlin Nob","floor":14,"turns":3},{"damage":19,"enemies":"Hexaghost","floor":16,"turns":8},{"damage":8,"enemies":"Shell Parasite","floor":18,"turns":4},{"damage":13,"enemies":"3 Byrds","floor":20,"turns":5},{"damage":19,"enemies":"Snecko","floor":21,"turns":5},{"damage":26,"enemies":"Snake Plant","floor":22,"turns":4},{"damage":73,"enemies":"Slavers","floor":24,"turns":4}],"seed_played":"6824082262586864202","potions_obtained":[{"floor":1,"key":"SteroidPotion"},{"floor":2,"key":"Ancient Potion"},{"floor":7,"key":"Weak Potion"},{"floor":14,"key":"GamblersBrew"},{"floor":14,"key":"Energy Potion"},{"floor":16,"key":"Block Potion"},{"floor":22,"key":"Explosive Potion"}],"is_trial":false,"path_per_floor":["M","M","M","M","$","R","M","M","T","R","M","R","M","?","R","B",null,"M","$","M","M","M","R"],"character_chosen":"IRONCLAD","items_purchased":["Inflame","FearPotion","Cleave","Metamorphosis"],"campfire_rested":3,"item_purchase_floors":[5,5,19,19],"current_hp_per_floor":[80,80,80,56,56,56,31,30,30,30,27,51,51,52,76,63,80,78,78,80,67,47,71,0],"gold":69,"neow_bonus":"UPGRADE_CARD","is_prod":false,"is_daily":false,"chose_seed":false,"campfire_upgraded":2,"win_rate":0.0,"timestamp":1536568499,"path_taken":["M","M","M","M","$","R","M","M","T","R","M","R","M","?","R","BOSS","M","$","M","M","M","R","E"],"build_version":"2018-09-06","purchased_purges":0,"victory":false,"max_hp_per_floor":[80,80,80,80,80,80,80,80,80,80,80,80,80,80,80,80,80,80,80,80,80,80,80,80],"card_choices":[{"not_picked":["Battle Trance","Fire Breathing"],"picked":"Shockwave","floor":1},{"not_picked":["Sword Boomerang","Anger"],"picked":"Heavy Blade","floor":2},{"not_picked":["Perfected Strike","Dual Wield","Iron Wave"],"picked":"SKIP","floor":3},{"not_picked":["Thunderclap","Anger"],"picked":"Seeing Red","floor":4},{"not_picked":["Entrench","Power Through"],"picked":"Twin Strike","floor":7},{"not_picked":["Warcry","Armaments"],"picked":"Impervious","floor":8},{"not_picked":["Blood for Blood","Inflame","Searing Blow"],"picked":"SKIP","floor":11},{"not_picked":["Corruption","Searing Blow"],"picked":"Rage","floor":13},{"not_picked":["Hemokinesis","Thunderclap"],"picked":"Cleave","floor":14},{"not_picked":["Juggernaut","Bludgeon"],"picked":"Double Tap","floor":16},{"not_picked":["Rage","Body Slam+1"],"picked":"Flex","floor":18},{"not_picked":["Sever Soul+1","Shrug It Off"],"picked":"Heavy Blade","floor":20},{"not_picked":["Heavy Blade","Searing Blow+1"],"picked":"Rage+1","floor":21},{"not_picked":["Warcry+1","Wild Strike"],"picked":"Twin Strike","floor":22}],"player_experience":44571,"relics_obtained":[{"floor":9,"key":"Paper Frog"},{"floor":14,"key":"Gremlin Horn"}],"event_choices":[{"event_name":"Dead Adventurer","player_choice":"Searched \u00271\u0027 times","floor":14,"damage_taken":0}],"is_beta":false,"boss_relics":[{"not_picked":["Black Blood","Orrery"],"picked":"Velvet Choker"}],"items_purged_floors":[],"is_endless":false,"potions_floor_spawned":[1,2,7,14,14,16,22],"killed_by":"Slavers","ascension_level":0}