{"gold_per_floor":[109,109,34,44,44,79,79,110,110,124,152,166,166,30,30,105,105,122,122,142,142,153,153,187,187,187,187,202,202,212,226,226,226],"floor_reached":33,"playtime":809,"items_purged":["Strike_G"],"score":666,"play_id":"8859da37-aab7-41d5-81e5-06ca1799799d","local_time":"20180925000424","is_ascension_mode":true,"campfire_choices":[{"data":"Neutralize","floor":7.0,"key":"SMITH"},{"data":"Die Die Die","floor":15.0,"key":"SMITH"},{"data":"Survivor","floor":23.0,"key":"SMITH"},{"data":"Poisoned Stab","floor":27.0,"key":"SMITH"},{"data":"Defend_G","floor":29.0,"key":"SMITH"},{"data":"Defend_G","floor":32.0,"key":"SMITH"}],"neow_cost":"NONE","seed_source_timestamp":92940350460317,"circlet_count":0,"master_deck":["Defend_G","Defend_G","Defend_G","Defend_G+1","Defend_G+1","Strike_G","Strike_G","Strike_G","Survivor+1","Neutralize+1","AscendersBane","Poisoned Stab+1","Die Die Die+1","Flying Knee+1","Skewer+1","Outmaneuver+1","Quick Slash+1","Dodge and Roll+1","Malaise+1","Backstab+1","PiercingWail+1","Reflex+1","PiercingWail+1","Backflip+1"],"special_seed":0,"relics":["Ring of the Snake","NeowsBlessing","CultistMask","Molten Egg 2","Mercury Hourglass","Toxic Egg 2","Vajra","Centennial Puzzle","Coffee Dripper","Meat on the Bone","Boot"],"potions_floor_usage":[33,33,33,33],"damage_taken":[{"damage":0.0,"enemies":"Jaw Worm","floor":1.0,"turns":1.0},{"damage":0.0,"enemies":"Cultist","floor":4.0,"turns":1.0},{"damage":0.0,"enemies":"3 Sentries","floor":6.0,"turns":1.0},{"damage":14.0,"enemies":"Gremlin Nob","floor":8.0,"turns":4.0},{"damage":0.0,"enemies":"Small Slimes","floor":10.0,"turns":2.0},{"damage":2.0,"enemies":"3 Sentries","floor":11.0,"turns":3.0},{"damage":0.0,"enemies":"2 Fungi Beasts","floor":12.0,"turns":2.0},{"damage":0.0,"enemies":"Slime Boss","floor":16.0,"turns":4.0},{"damage":0.0,"enemies":"Chosen","floor":18.0,"turns":2.0},{"damage":12.0,"enemies":"Shell Parasite","floor":20.0,"turns":3.0},{"damage":9.0,"enemies":"Centurion and Healer","floor":22.0,"turns":6.0},{"damage":14.0,"enemies":"Gremlin Leader","floor":24.0,"turns":6.0},{"damage":0.0,"enemies":"3 Cultists","floor":28.0,"turns":4.0},{"damage":3.0,"enemies":"Snake Plant","floor":30.0,"turns":2.0},{"damage":4.0,"enemies":"Shelled Parasite and Fungi","floor":31.0,"turns":4.0},{"damage":53,"enemies":"Automaton","floor":33,"turns":10}],"seed_played":"-6628390557511773732","potions_obtained":[{"floor":1.0,"key":"GamblersBrew"},{"floor":8.0,"key":"Explosive Potion"},{"floor":11.0,"key":"Dexterity Potion"},{"floor":16.0,"key":"Energy Potion"},{"floor":19.0,"key":"EntropicBrew"}],"is_trial":false,"path_per_floor":["M","?","?","M","?","E","R","E","T","M","E","M","?","$","R","B",null,"M","?","M","?","M","R","E","?","T","R","M","R","M","M","R"],"character_chosen":"THE_SILENT","items_purchased":["Dodge and Roll+1"],"campfire_rested":0,"item_purchase_floors":[14],"current_hp_per_floor":[59,59,59,59,64,64,64,50,50,50,48,48,48,48,48,48,65,65,65,53,53,44,44,30,30,30,30,42,42,39,47,47,0],"gold":226,"neow_bonus":"THREE_ENEMY_KILL","is_prod":false,"is_daily":false,"chose_seed":false,"campfire_upgraded":6,"win_rate":0,"timestamp":1537801464,"path_taken":["M","?","?","?","?","E","R","E","T","M","E","?","?","$","R","BOSS","M","?","M","?","M","R","E","?","T","R","M","R","M","?","R","BOSS"],"build_version":"2018-09-20","purchased_purges":1,"victory":false,"max_hp_per_floor":[66,66,66,66,71,71,71,71,71,71,71,71,71,71,71,71,71,71,71,71,71,71,71,71,71,71,71,71,71,71,71,71,71],"card_choices":[{"not_picked":["Crippling Poison","Deflect"],"picked":"Poisoned Stab","floor":1.0},{"not_picked":["Slice","Blade Dance"],"picked":"Die Die Die","floor":4.0},{"not_picked":["Sucker Punch","Acrobatics"],"picked":"Flying Knee","floor":6.0},{"not_picked":["Outmaneuver","Prepared","Eviscerate+1"],"picked":"SKIP","floor":8.0},{"not_picked":["Poisoned Stab+1","Distraction+1"],"picked":"Skewer+1","floor":10.0},{"not_picked":["Backstab+1","Deadly Poison+1"],"picked":"Outmaneuver+1","floor":11.0},{"not_picked":["Deadly Poison+1","Bane+1"],"picked":"Quick Slash+1","floor":12.0},{"not_picked":["Grand Finale+1","Phantasmal Killer+1"],"picked":"Malaise+1","floor":16.0},{"not_picked":["Bane+1","Accuracy"],"picked":"Backstab+1","floor":18.0},{"not_picked":["All Out Attack+1","Quick Slash+1","Catalyst+1"],"picked":"SKIP","floor":20.0},{"not_picked":["Sucker Punch+1","Bouncing Flask+1"],"picked":"PiercingWail+1","floor":22.0},{"not_picked":["Escape Plan+1","Footwork"],"picked":"Reflex+1","floor":24.0},{"not_picked":["Dodge and Roll+1","Finisher+1"],"picked":"PiercingWail+1","floor":28.0},{"not_picked":["Underhanded Strike+1","Slice+1"],"picked":"Backflip+1","floor":30.0},{"not_picked":["Dash+1","Flying Knee+1","Predator+1"],"picked":"SKIP","floor":31.0}],"player_experience":667729,"relics_obtained":[{"floor":6.0,"key":"Molten Egg 2"},{"floor":8.0,"key":"Mercury Hourglass"},{"floor":9.0,"key":"Toxic Egg 2"},{"floor":11.0,"key":"Vajra"},{"floor":24.0,"key":"Meat on the Bone"},{"floor":26.0,"key":"Boot"}],"event_choices":[{"event_name":"FaceTrader","player_choice":"Trade","floor":2.0,"damage_taken":0.0},{"event_name":"The Cleric","player_choice":"Card Removal","floor":3.0,"damage_taken":0.0},{"event_name":"Big Fish","player_choice":"Donut","floor":5.0,"damage_taken":0.0},{"event_name":"WeMeetAgain","player_choice":"Potion","floor":13.0,"damage_taken":0.0},{"event_name":"The Lab","player_choice":"Got Potions","floor":19.0,"damage_taken":0.0},{"event_name":"Ghosts","player_choice":"Ignored","floor":21.0,"damage_taken":0.0},{"event_name":"The Mausoleum","player_choice":"No","floor":25.0,"damage_taken":0.0}],"is_beta":false,"boss_relics":[{"not_picked":["HoveringKite","White Beast Statue"],"picked":"Coffee Dripper"}],"items_purged_floors":[14],"is_endless":false,"potions_floor_spawned":[1,8,11,16,20,31],"killed_by":"Automaton","ascension_level":17}