{"gold_per_floor":[111,111,130,145,51,84,103,103,103,120,149,208,208,220,220,298,298,311,327,327,327,347,347,76,108,135,162,28,28,46,60,60,133,163,181,194,248,0,19,19,54,54,54,54,65,91,91,105,105,105],"floor_reached":51,"playtime":4430,"items_purged":[],"score":1375,"play_id":"695e8f91-91d5-4884-9bf1-4fe377a4930b","local_time":"20180708180722","is_ascension_mode":true,"campfire_choices":[{"data":"Malaise","floor":13,"key":"SMITH"},{"data":"Corpse Explosion","floor":15,"key":"SMITH"},{"data":"Wraith Form v2","floor":23,"key":"SMITH"},{"floor":32,"key":"REST"},{"floor":40,"key":"REST"},{"floor":42,"key":"REST"},{"floor":49,"key":"REST"}],"neow_cost":"CURSE","seed_source_timestamp":339616564085798,"circlet_count":0,"master_deck":["Survivor","Neutralize+1","AscendersBane","Corpse Explosion+1","Sucker Punch+1","Venomology","Wraith Form v2+1","Dagger Throw","Malaise+1","Dodge and Roll","Skewer","Dash","Flying Knee+1","PiercingWail+1","Adrenaline","Setup","Dagger Spray+1","Infinite Blades","Accuracy","Dodge and Roll","Cloak And Dagger","Calculated Gamble","Predator+1","Dodge and Roll","Finisher+1","Cloak And Dagger","Neutralize+1","Leg Sweep","Malaise","Cloak And Dagger+1","Backflip+1","Blade Dance+1","Well Laid Plans","Outmaneuver+1","Venomology+1","Footwork+1","Storm of Steel+1","Footwork+1","Accuracy","Backflip+1","Cloak And Dagger+1","Die Die Die+1","Doppelganger+1","Magnetism"],"relics":["Ring of the Snake","Whetstone","Molten Egg 2","Question Card","Nloth\u0027s Gift","Toxic Egg 2","Unceasing Top","Lantern","Strawberry","Tiny House","Dead Branch","Mummified Hand","Singing Bowl","Ornamental Fan","Bronze Scales"],"potions_floor_usage":[4,6,6,6,10,11,16,16,18,18,27,30,31,31,33,33,33,35,35,36,37,37,39,39,41,41,41,45,45,46,50,50,50,50],"damage_taken":[{"damage":0,"enemies":"2 Louse","floor":1,"turns":2},{"damage":0,"enemies":"Cultist","floor":3,"turns":4},{"damage":6,"enemies":"Jaw Worm","floor":4,"turns":7},{"damage":16,"enemies":"Lagavulin","floor":6,"turns":10},{"damage":3,"enemies":"Exordium Thugs","floor":7,"turns":5},{"damage":0,"enemies":"Large Slime","floor":10,"turns":4},{"damage":5,"enemies":"3 Sentries","floor":11,"turns":3},{"damage":3,"enemies":"3 Louse","floor":14,"turns":2},{"damage":2,"enemies":"Slime Boss","floor":16,"turns":17},{"damage":7,"enemies":"Spheric Guardian","floor":18,"turns":5},{"damage":5,"enemies":"Shell Parasite","floor":19,"turns":5},{"damage":4,"enemies":"Centurion and Healer","floor":22,"turns":5},{"damage":16,"enemies":"Book of Stabbing","floor":25,"turns":10},{"damage":0,"enemies":"Slavers","floor":27,"turns":4},{"damage":7,"enemies":"Sentry and Sphere","floor":30,"turns":5},{"damage":0,"enemies":"Snake Plant","floor":31,"turns":8},{"damage":23,"enemies":"Champ","floor":33,"turns":15},{"damage":32,"enemies":"3 Darklings","floor":35,"turns":10},{"damage":3,"enemies":"Orb Walker","floor":36,"turns":3},{"damage":24,"floor":37,"turns":7},{"damage":0,"enemies":"4 Shapes","floor":39,"turns":5},{"damage":0,"enemies":"2 Orb Walkers","floor":41,"turns":3},{"damage":0,"enemies":"3 Darklings","floor":45,"turns":2},{"damage":10,"enemies":"Giant Head","floor":46,"turns":7},{"damage":4,"enemies":"Sphere and 2 Shapes","floor":48,"turns":3},{"damage":21,"enemies":"Awakened One","floor":50,"turns":21}],"seed_played":"5878302911097211241","potions_obtained":[{"floor":3,"key":"Regen Potion"},{"floor":7,"key":"Fire Potion"},{"floor":11,"key":"Ancient Potion"},{"floor":16,"key":"SkillPotion"},{"floor":18,"key":"SpeedPotion"},{"floor":30,"key":"Ancient Potion"},{"floor":33,"key":"GhostInAJar"},{"floor":35,"key":"SkillPotion"},{"floor":45,"key":"FairyPotion"},{"floor":46,"key":"EssenceOfSteel"},{"floor":48,"key":"Energy Potion"}],"is_trial":false,"path_per_floor":["M","?","M","M","$","E","M","?","T","M","E","?","R","M","R","B",null,"M","M","?","?","M","R","$","E","T","E","$","?","M","M","R","B",null,"M","M","?","$","M","R","E","R","T","$","M","E","?","M","R","B"],"character_chosen":"THE_SILENT","items_purchased":["Malaise","Dodge and Roll","Toxic Egg 2","Cloak And Dagger+1","Well Laid Plans","Outmaneuver+1","Mummified Hand"],"campfire_rested":4,"item_purchase_floors":[5,5,24,24,28,28,38],"current_hp_per_floor":[59,59,59,63,63,47,44,44,44,44,39,39,39,36,36,34,58,51,46,46,46,42,42,42,26,26,33,33,33,26,26,47,24,66,34,31,7,7,7,30,30,53,53,53,55,45,45,43,67,46],"gold":105,"neow_bonus":"THREE_RARE_CARDS","is_prod":false,"is_daily":false,"chose_seed":false,"campfire_upgraded":3,"win_rate":0,"timestamp":1531066042,"path_taken":["M","?","M","M","$","E","M","?","T","M","E","?","R","?","R","BOSS","M","M","?","?","M","R","?","E","T","E","$","?","M","?","R","BOSS","M","M","?","$","M","R","E","R","T","$","M","E","?","M","R","BOSS"],"build_version":"2018-07-05","purchased_purges":0,"victory":true,"max_hp_per_floor":[66,66,66,66,66,66,66,66,66,66,66,66,66,66,66,66,66,66,66,66,66,66,66,66,66,66,73,73,73,73,73,73,73,78,78,78,78,78,78,78,78,78,78,78,80,80,80,82,82,82],"card_choices":[{"not_picked":["Doppelganger","Die Die Die"],"picked":"Corpse Explosion","floor":0},{"not_picked":["Cloak And Dagger","PiercingWail"],"picked":"Sucker Punch","floor":1},{"not_picked":["Dodge and Roll","Bouncing Flask"],"picked":"Wraith Form v2","floor":3},{"not_picked":["Leg Sweep","Poisoned Stab"],"picked":"Dagger Throw","floor":4},{"not_picked":["Deadly Poison","Calculated Gamble"],"picked":"Skewer","floor":6},{"not_picked":["Catalyst","Prepared"],"picked":"Dash","floor":7},{"not_picked":["Acrobatics","PiercingWail"],"picked":"Flying Knee+1","floor":10},{"not_picked":["Prepared","Quick Slash+1","Calculated Gamble"],"picked":"SKIP","floor":11},{"not_picked":["Quick Slash+1","Sucker Punch+1","Infinite Blades"],"picked":"PiercingWail","floor":14},{"not_picked":["Tactician","Doppelganger","Unload+1"],"picked":"Adrenaline","floor":16},{"not_picked":["Endless Agony+1","Cloak And Dagger","Concentrate"],"picked":"Finisher+1","floor":18},{"not_picked":["Quick Slash+1","Bouncing Flask","Outmaneuver"],"picked":"Cloak And Dagger","floor":19},{"not_picked":["Skewer+1","Dagger Spray+1","Flying Knee+1"],"picked":"Malaise","floor":22},{"not_picked":["Bane+1","Tools of the Trade","Slice+1"],"picked":"Backflip+1","floor":25},{"not_picked":["PiercingWail+1","Poisoned Stab+1","Glass Knife+1"],"picked":"Blade Dance+1","floor":27},{"not_picked":["Setup+1","Bane+1","Deflect+1"],"picked":"Venomology+1","floor":30},{"not_picked":["Quick Slash+1","Flying Knee+1","Dodge and Roll+1"],"picked":"Footwork+1","floor":31},{"not_picked":["Tactician+1","Tools of the Trade","Die Die Die+1"],"picked":"Storm of Steel+1","floor":33},{"not_picked":["Deadly Poison+1","Night Terror+1","Leg Sweep+1"],"picked":"Footwork+1","floor":34},{"not_picked":["Bane+1","Corpse Explosion+1","Slice+1"],"picked":"Accuracy","floor":35},{"not_picked":["Calculated Gamble+1","Prepared+1","Acrobatics+1"],"picked":"Backflip+1","floor":36},{"not_picked":["Predator+1","Underhanded Strike+1","Bouncing Flask+1"],"picked":"Cloak And Dagger+1","floor":39},{"not_picked":["Prepared+1","Dagger Spray+1","Cloak And Dagger+1"],"picked":"Die Die Die+1","floor":41},{"not_picked":["Predator+1","Poisoned Stab+1","PiercingWail+1","Catalyst+1"],"picked":"Singing Bowl","floor":45},{"not_picked":["Dagger Throw+1","Prepared+1","Caltrops"],"picked":"Doppelganger+1","floor":46},{"not_picked":["Secret Technique+1","Finesse+1","Jack Of All Trades+1"],"picked":"Magnetism","floor":47},{"not_picked":["Poisoned Stab+1","Dodge and Roll+1","Crippling Poison+1","Calculated Gamble+1"],"picked":"Singing Bowl","floor":48}],"player_experience":786557,"relics_obtained":[{"floor":6,"key":"Whetstone"},{"floor":9,"key":"Molten Egg 2"},{"floor":11,"key":"Question Card"},{"floor":25,"key":"Unceasing Top"},{"floor":26,"key":"Lantern"},{"floor":27,"key":"Strawberry"},{"floor":37,"key":"Dead Branch"},{"floor":41,"key":"Singing Bowl"},{"floor":43,"key":"Ornamental Fan"},{"floor":46,"key":"Bronze Scales"}],"event_choices":[{"event_name":"Transmorgrifier","player_choice":"Transform","floor":2,"damage_taken":0},{"event_name":"Accursed Blacksmith","player_choice":"Forge","floor":8,"damage_taken":0},{"event_name":"Golden Wing","player_choice":"Gained Gold","floor":12,"damage_taken":0},{"event_name":"Match and Keep!","player_choice":"2 cards matched","floor":20,"damage_taken":0},{"event_name":"N\u0027loth","player_choice":"Traded a Pandora\u0027s Box","floor":21,"damage_taken":0},{"event_name":"Purifier","player_choice":"One Purge","floor":29,"damage_taken":0},{"event_name":"Mysterious Sphere","player_choice":"Fight","floor":37,"damage_taken":0},{"event_name":"SensoryStone","player_choice":"Memory 1","floor":47,"damage_taken":0}],"boss_relics":[{"not_picked":["Astrolabe","Coffee Dripper"],"picked":"Pandora\u0027s Box"},{"not_picked":["Black Star","Snecko Eye"],"picked":"Tiny House"}],"items_purged_floors":[],"is_endless":false,"potions_floor_spawned":[3,7,10,11,16,18,25,30,31,33,35,39,45,46,48],"ascension_level":15}