{"gold_per_floor":[115,115,115,40,59,59,94,94,94,94,127,144,173,184,184,289,289,302,217,217,231,156,181,181,213,267,281,281,306,306,206,206,304,304,320,320,366,366,386,414,414,446,469,469,484,517,90,90],"floor_reached":48,"playtime":2750,"items_purged":["Strike_R","Strike_R+1","Defend_R"],"score":671,"play_id":"0e45942c-8f41-4ca5-9b5b-d7f22e18c730","local_time":"20190201025001","is_ascension_mode":true,"campfire_choices":[{"data":"1","floor":6.0,"key":"LIFT"},{"data":"2","floor":8.0,"key":"LIFT"},{"floor":15.0,"key":"RECALL"},{"data":"3","floor":24.0,"key":"LIFT"},{"data":"Heavy Blade","floor":28.0,"key":"SMITH"},{"data":"Rampage","floor":32.0,"key":"SMITH"},{"data":"Inflame","floor":41,"key":"SMITH"}],"neow_cost":"NONE","seed_source_timestamp":0,"circlet_count":0,"master_deck":["Defend_R","Defend_R","Defend_R","Bash+1","Inflame+1","Shrug It Off","Rampage+1","Heavy Blade+1","Warcry","Battle Trance","Clothesline+1","Rage+1","Armaments+1","Feed","Seeing Red","Ghostly Armor","Intimidate+1","Heavy Blade","Inflame+1"],"special_seed":0,"relics":["Burning Blood","Girya","Juzu Bracelet","Bag of Preparation","Du-Vu Doll","Philosopher\u0027s Stone","Self Forming Clay","Happy Flower","Omamori","Dream Catcher","Blood Vial","Orrery","StoneCalendar","Sundial","Centennial Puzzle","Bag of Marbles","Singing Bowl","Bottled Lightning"],"potions_floor_usage":[37,42,46,48],"damage_taken":[{"damage":10.0,"enemies":"Jaw Worm","floor":1.0,"turns":4.0},{"damage":0.0,"enemies":"Small Slimes","floor":5.0,"turns":3.0},{"damage":22.0,"enemies":"3 Sentries","floor":7.0,"turns":12.0},{"damage":8.0,"enemies":"Lagavulin","floor":11.0,"turns":4.0},{"damage":1.0,"enemies":"2 Louse","floor":12.0,"turns":3.0},{"damage":6.0,"enemies":"Gremlin Nob","floor":13.0,"turns":4.0},{"damage":19.0,"enemies":"Exordium Thugs","floor":14.0,"turns":6.0},{"damage":34.0,"enemies":"The Guardian","floor":16.0,"turns":7.0},{"damage":10.0,"enemies":"Shell Parasite","floor":18.0,"turns":4.0},{"damage":17.0,"enemies":"3 Byrds","floor":21.0,"turns":6.0},{"damage":10.0,"enemies":"Gremlin Leader","floor":23.0,"turns":6.0},{"damage":38.0,"enemies":"Slavers","floor":25.0,"turns":6.0},{"damage":0.0,"enemies":"Snake Plant","floor":27.0,"turns":2.0},{"damage":3.0,"enemies":"Gremlin Leader","floor":29.0,"turns":3.0},{"damage":38.0,"enemies":"Champ","floor":33.0,"turns":9.0},{"damage":0.0,"enemies":"3 Darklings","floor":35.0,"turns":5.0},{"damage":39,"enemies":"2 Orb Walkers","floor":37,"turns":7},{"damage":0,"enemies":"Orb Walker","floor":39,"turns":4},{"damage":49,"enemies":"Reptomancer","floor":40,"turns":10},{"damage":9,"enemies":"Giant Head","floor":42,"turns":7},{"damage":1,"enemies":"Sphere and 2 Shapes","floor":45,"turns":3},{"damage":53,"enemies":"Nemesis","floor":46,"turns":5},{"damage":35,"enemies":"Reptomancer","floor":48,"turns":5}],"seed_played":"-6998689213056323215","potions_obtained":[{"floor":5.0,"key":"Block Potion"},{"floor":7.0,"key":"Poison Potion"},{"floor":12.0,"key":"SpeedPotion"},{"floor":14.0,"key":"Strength Potion"},{"floor":16.0,"key":"SkillPotion"},{"floor":21.0,"key":"Weak Potion"},{"floor":23.0,"key":"BloodPotion"},{"floor":27.0,"key":"AttackPotion"},{"floor":39,"key":"Regen Potion"},{"floor":40,"key":"Energy Potion"},{"floor":42,"key":"Poison Potion"}],"is_trial":false,"path_per_floor":["M","?","?","$","M","R","E","R","T","?","E","M","E","M","R","B",null,"M","?","?","M","?","E","R","E","T","M","R","E","?","$","R","B",null,"M","?","?","?","M","E","R","E","T","?","M","E","$","E"],"character_chosen":"IRONCLAD","items_purchased":["Bottled Lightning","PowerPotion"],"campfire_rested":0,"item_purchase_floors":[47,47],"current_hp_per_floor":[84,66,63,63,69,69,53,53,53,53,51,56,56,43,43,15,88,84,84,84,73,73,69,69,37,37,43,43,46,46,46,46,16,88,91,91,58,81,93,52,52,55,55,55,62,30,30,0],"gold":90,"neow_bonus":"TEN_PERCENT_HP_BONUS","is_prod":false,"is_daily":false,"chose_seed":false,"campfire_upgraded":3,"win_rate":0,"timestamp":1548978601,"path_taken":["M","?","?","?","M","R","E","R","T","?","E","M","E","M","R","BOSS","M","?","?","M","?","E","R","E","T","M","R","E","?","?","R","BOSS","M","?","?","?","M","E","R","E","T","?","M","E","$","E"],"build_version":"2019-01-23","purchased_purges":3,"victory":false,"max_hp_per_floor":[88,88,88,88,88,88,88,88,88,88,88,88,88,88,88,88,88,88,88,88,88,88,88,88,88,88,88,88,88,88,88,88,88,88,91,91,91,91,95,95,95,99,99,99,99,103,103,103],"card_choices":[{"not_picked":["Shrug It Off","Headbutt"],"picked":"Clash","floor":1.0},{"not_picked":["Heavy Blade","Entrench"],"picked":"Inflame","floor":5.0},{"not_picked":["Perfected Strike","Reckless Charge","Feel No Pain"],"picked":"SKIP","floor":7.0},{"not_picked":["Rupture","Sword Boomerang"],"picked":"Shrug It Off","floor":11.0},{"not_picked":["Wild Strike","Intimidate"],"picked":"Rampage","floor":12.0},{"not_picked":["Entrench","Brutality"],"picked":"Heavy Blade","floor":13.0},{"not_picked":["Anger","Hemokinesis","Sword Boomerang"],"picked":"SKIP","floor":14.0},{"not_picked":["Body Slam","Iron Wave"],"picked":"Warcry","floor":18.0},{"not_picked":["Infernal Blade","Twin Strike"],"picked":"Battle Trance","floor":21.0},{"not_picked":["Shockwave","Body Slam"],"picked":"Clothesline+1","floor":23.0},{"not_picked":["Power Through","Fire Breathing+1"],"picked":"Rage+1","floor":25.0},{"not_picked":["Sword Boomerang+1","Twin Strike"],"picked":"Armaments+1","floor":27.0},{"not_picked":["Fire Breathing","Exhume","Bludgeon"],"picked":"SKIP","floor":29.0},{"not_picked":["Offering","Barricade"],"picked":"Feed","floor":33.0},{"not_picked":["Iron Wave","Battle Trance+1"],"picked":"Seeing Red","floor":34.0},{"not_picked":["Shrug It Off","Perfected Strike"],"picked":"Ghostly Armor","floor":34.0},{"not_picked":["Flex","Infernal Blade","Sever Soul"],"picked":"SKIP","floor":35.0},{"not_picked":["Cleave+1","Iron Wave","Reckless Charge"],"picked":"SKIP","floor":39},{"not_picked":["Iron Wave+1","Searing Blow+1"],"picked":"Intimidate+1","floor":40},{"not_picked":["Offering","Battle Trance+1"],"picked":"Heavy Blade","floor":42},{"not_picked":["Cleave","Uppercut","Twin Strike"],"picked":"SKIP","floor":45},{"not_picked":["Flex","Cleave+1"],"picked":"Inflame+1","floor":46}],"player_experience":229932,"relics_obtained":[{"floor":7.0,"key":"Juzu Bracelet"},{"floor":11.0,"key":"Bag of Preparation"},{"floor":13.0,"key":"Du-Vu Doll"},{"floor":23.0,"key":"Happy Flower"},{"floor":25.0,"key":"Omamori"},{"floor":26.0,"key":"Dream Catcher"},{"floor":29.0,"key":"Blood Vial"},{"floor":37,"key":"StoneCalendar"},{"floor":40,"key":"Sundial"},{"floor":42,"key":"Centennial Puzzle"},{"floor":43,"key":"Bag of Marbles"},{"floor":46,"key":"Singing Bowl"}],"event_choices":[{"damage_healed":0.0,"max_hp_gain":0.0,"max_hp_loss":0.0,"gold_gain":0.0,"event_name":"Shining Light","player_choice":"Entered Light","floor":2.0,"gold_loss":0.0,"damage_taken":18.0,"cards_upgraded":["Strike_R","Bash"]},{"damage_healed":0.0,"max_hp_gain":0.0,"max_hp_loss":0.0,"gold_gain":0.0,"event_name":"Scrap Ooze","player_choice":"Success","floor":3.0,"gold_loss":0.0,"damage_taken":3.0,"relics_obtained":["Girya"]},{"cards_removed":["Strike_R"],"damage_healed":0.0,"max_hp_gain":0.0,"max_hp_loss":0.0,"gold_gain":0.0,"event_name":"Living Wall","player_choice":"Forget","floor":10.0,"gold_loss":0.0,"damage_taken":0.0},{"damage_healed":0.0,"max_hp_gain":0.0,"max_hp_loss":0.0,"gold_gain":0.0,"event_name":"Addict","player_choice":"Obtained Relic","floor":19.0,"gold_loss":85.0,"damage_taken":0.0,"relics_obtained":["Self Forming Clay"]},{"damage_healed":0.0,"max_hp_gain":0.0,"max_hp_loss":0.0,"gold_gain":0.0,"event_name":"Ghosts","player_choice":"Ignored","floor":20.0,"gold_loss":0.0,"damage_taken":0.0},{"cards_removed":["Strike_R"],"damage_healed":0.0,"max_hp_gain":0.0,"max_hp_loss":0.0,"gold_gain":0.0,"event_name":"Beggar","player_choice":"Gave Gold","floor":22.0,"gold_loss":75.0,"damage_taken":0.0},{"cards_removed":["Strike_R"],"damage_healed":0.0,"max_hp_gain":0.0,"max_hp_loss":0.0,"gold_gain":0.0,"event_name":"Back to Basics","player_choice":"Elegance","floor":30.0,"gold_loss":0.0,"damage_taken":0.0},{"damage_healed":0.0,"max_hp_gain":0.0,"max_hp_loss":0.0,"gold_gain":0.0,"event_name":"Tomb of Lord Red Mask","player_choice":"Ignored","floor":36.0,"gold_loss":0.0,"damage_taken":0.0},{"damage_healed":0,"gold_gain":0,"player_choice":"Fight","damage_taken":0,"max_hp_gain":0,"max_hp_loss":0,"event_name":"Mysterious Sphere","floor":37,"gold_loss":0},{"damage_healed":23,"gold_gain":0,"player_choice":"Writhe","damage_taken":0,"max_hp_gain":0,"max_hp_loss":0,"event_name":"Winding Halls","floor":38,"gold_loss":0,"cards_obtained":["Writhe"]},{"cards_removed":["Clash"],"damage_healed":0,"gold_gain":0,"player_choice":"Removed Attack","damage_taken":0,"max_hp_gain":0,"max_hp_loss":0,"event_name":"Falling","floor":44,"gold_loss":0}],"is_beta":false,"boss_relics":[{"not_picked":["White Beast Statue","Pandora\u0027s Box"],"picked":"Philosopher\u0027s Stone"},{"not_picked":["Runic Dome","Eternal Feather"],"picked":"Orrery"}],"items_purged_floors":[4,31,47],"is_endless":false,"potions_floor_spawned":[5,7,12,14,16,21,23,27,35,39,40,42],"killed_by":"Reptomancer","ascension_level":1}