{"gold_per_floor":[119,119,130,149,168,168,198,198,198,229,203,233,263,298,298,393,393,411,421,85,185,195,195,227,227,254,284,303,316,316,328,328,433,433,453,453,101,112,131,163,163,178,178,206,206,238,238,263,263,263,263,263,1,26,26],"floor_reached":56,"playtime":3316,"items_purged":["Strike_R","Strike_R"],"score":2077,"play_id":"190f0dbd-3c1f-4369-8aa4-b18efbc8feb5","local_time":"20190304222347","is_ascension_mode":true,"campfire_choices":[{"data":"True Grit","floor":6,"key":"SMITH"},{"data":"Evolve","floor":8,"key":"SMITH"},{"floor":15,"key":"REST"},{"data":"Juggernaut","floor":23,"key":"SMITH"},{"floor":25,"key":"REST"},{"data":"Feel No Pain","floor":30,"key":"SMITH"},{"data":"Immolate","floor":32,"key":"SMITH"},{"data":"Barricade","floor":41,"key":"SMITH"},{"floor":47,"key":"RECALL"},{"data":"True Grit","floor":49,"key":"SMITH"},{"data":"Feel No Pain","floor":52,"key":"SMITH"}],"neow_cost":"NONE","seed_source_timestamp":690239618997500,"circlet_count":0,"master_deck":["AscendersBane","Strike_R","Strike_R","Defend_R","Defend_R","Defend_R","Defend_R","Bash","Evolve+1","Feel No Pain+1","Reckless Charge","Shockwave","True Grit+1","Immolate+1","True Grit","Battle Trance","Juggernaut+1","Demon Form","Feel No Pain+1","Power Through","Infernal Blade+1","Body Slam","Barricade+1","Body Slam+1","Juggernaut+1","True Grit+1","Power Through","Dual Wield+1","Shrug It Off+1"],"relics":["Burning Blood","Singing Bowl","Mummified Hand","Question Card","Tiny Chest","Letter Opener","Smiling Mask","Black Star","Medical Kit","Gambling Chip","Pen Nib","Blue Candle","Centennial Puzzle","Busted Crown","Membership Card","PreservedInsect","Bronze Scales","Dead Branch","Oddly Smooth Stone","Ice Cream","Paper Frog","The Courier","Anchor","Blood Vial","Happy Flower","Bag of Marbles","Art of War","HandDrill","Strawberry","Red Skull","Bag of Preparation"],"potions_floor_usage":[14,16,39,55,55],"damage_taken":[{"damage":9,"enemies":"Jaw Worm","floor":1,"turns":6},{"damage":16,"enemies":"Small Slimes","floor":3,"turns":5},{"damage":2,"enemies":"Cultist","floor":4,"turns":4},{"damage":5,"enemies":"3 Louse","floor":5,"turns":5},{"damage":27,"enemies":"Gremlin Nob","floor":7,"turns":5},{"damage":15,"enemies":"3 Sentries","floor":10,"turns":5},{"damage":30,"enemies":"Lagavulin","floor":14,"turns":8},{"damage":27,"enemies":"Hexaghost","floor":16,"turns":9},{"damage":16,"enemies":"Spheric Guardian","floor":18,"turns":4},{"damage":18,"enemies":"2 Thieves","floor":19,"turns":4},{"damage":12,"enemies":"Centurion and Healer","floor":22,"turns":9},{"damage":23,"enemies":"Book of Stabbing","floor":24,"turns":6},{"damage":14,"enemies":"Gremlin Leader","floor":27,"turns":5},{"damage":6,"enemies":"Sentry and Sphere","floor":28,"turns":4},{"damage":12,"enemies":"Shelled Parasite and Fungi","floor":29,"turns":4},{"damage":6,"enemies":"3 Cultists","floor":31,"turns":4},{"damage":24,"enemies":"Collector","floor":33,"turns":8},{"damage":7,"enemies":"3 Shapes","floor":35,"turns":3},{"damage":12,"enemies":"3 Darklings","floor":38,"turns":3},{"damage":9,"enemies":"Sphere and 2 Shapes","floor":39,"turns":3},{"damage":0,"enemies":"Giant Head","floor":40,"turns":6},{"damage":7,"enemies":"Transient","floor":42,"turns":5},{"damage":6,"enemies":"Nemesis","floor":44,"turns":3},{"damage":0,"enemies":"Giant Head","floor":46,"turns":5},{"damage":8,"enemies":"Nemesis","floor":48,"turns":3},{"damage":12,"enemies":"Donu and Deca","floor":50,"turns":6},{"damage":38,"enemies":"Shield and Spear","floor":54,"turns":4},{"damage":62,"enemies":"The Heart","floor":55,"turns":6}],"seed_played":"-7493692603242202876","potions_obtained":[{"floor":4,"key":"Dexterity Potion"},{"floor":7,"key":"Regen Potion"},{"floor":14,"key":"PowerPotion"},{"floor":16,"key":"PowerPotion"},{"floor":42,"key":"AttackPotion"},{"floor":54,"key":"Dexterity Potion"}],"is_trial":false,"path_per_floor":["M","?","M","M","M","R","E","R","T","E","$","?","?","E","R","B",null,"M","M","$","?","M","R","E","R","T","E","M","M","R","M","R","B",null,"M","?","$","M","M","E","R","M","T","E","?","E","R","E","R","B",null,"R","$","E","B",null],"character_chosen":"IRONCLAD","items_purchased":["True Grit","Medical Kit","Feel No Pain","Membership Card","PreservedInsect","True Grit","Bag of Marbles","Art of War","HandDrill","Strawberry"],"campfire_rested":2,"item_purchase_floors":[11,20,20,37,37,37,53,53,53,53],"current_hp_per_floor":[69,74,64,68,69,69,48,48,48,41,41,38,38,28,54,33,74,66,54,54,54,48,48,31,57,57,49,51,47,47,49,49,31,79,78,78,78,74,73,81,81,80,80,80,80,88,88,88,88,84,100,100,107,77,23],"gold":26,"neow_bonus":"TRANSFORM_CARD","is_prod":false,"is_daily":false,"chose_seed":false,"campfire_upgraded":8,"win_rate":0,"timestamp":1551756227,"path_taken":["M","?","M","M","M","R","E","R","T","E","$","?","?","E","R","BOSS","M","M","$","?","?","R","E","R","T","E","M","M","R","M","R","BOSS","M","?","$","?","M","E","R","M","T","E","?","E","R","E","R","BOSS","R","$","E","BOSS"],"build_version":"2019-02-06","purchased_purges":2,"victory":true,"max_hp_per_floor":[80,85,85,85,85,85,85,85,85,87,87,87,87,87,87,87,87,89,89,89,89,89,89,89,89,89,89,91,93,93,95,95,95,95,95,95,95,97,99,101,101,101,101,101,101,103,103,105,105,105,105,105,112,112,112],"card_choices":[{"not_picked":["Heavy Blade","Spot Weakness"],"picked":"Feel No Pain","floor":1},{"not_picked":["Inflame","Ghostly Armor"],"picked":"Reckless Charge","floor":3},{"not_picked":["Twin Strike","Whirlwind"],"picked":"Shockwave","floor":4},{"not_picked":["Anger","Clothesline"],"picked":"True Grit","floor":5},{"not_picked":["Armaments","Uppercut"],"picked":"Immolate","floor":7},{"not_picked":["Armaments","Clothesline","Bloodletting"],"picked":"Singing Bowl","floor":10},{"not_picked":["Sword Boomerang","Corruption","Body Slam"],"picked":"Battle Trance","floor":14},{"not_picked":["Barricade","Dark Embrace","Fiend Fire"],"picked":"Juggernaut","floor":16},{"not_picked":["Rampage","Clothesline+1","Cleave","Perfected Strike"],"picked":"Singing Bowl","floor":18},{"not_picked":["Flex","Twin Strike+1","Clothesline"],"picked":"Demon Form","floor":19},{"not_picked":["Armaments","Anger","Perfected Strike+1"],"picked":"Power Through","floor":22},{"not_picked":["Rage","Entrench","Flame Barrier"],"picked":"Infernal Blade+1","floor":24},{"not_picked":["Clash","Second Wind","Evolve+1"],"picked":"Body Slam","floor":27},{"not_picked":["Clothesline+1","Armaments","Second Wind+1","Twin Strike"],"picked":"Singing Bowl","floor":28},{"not_picked":["Limit Break","Clothesline","Pummel","Clash+1"],"picked":"Singing Bowl","floor":29},{"not_picked":["Armaments","Dropkick","Warcry","Anger"],"picked":"Singing Bowl","floor":31},{"not_picked":["Brutality","Dark Embrace","Limit Break"],"picked":"Barricade","floor":33},{"not_picked":["Burning Pact"],"picked":"Body Slam+1","floor":35},{"not_picked":["Sword Boomerang+1","Carnage+1"],"picked":"Singing Bowl","floor":38},{"not_picked":["Pummel+1","Sword Boomerang+1"],"picked":"Singing Bowl","floor":39},{"not_picked":["Iron Wave","Sword Boomerang+1"],"picked":"Singing Bowl","floor":40},{"not_picked":["Shrug It Off+1"],"picked":"Power Through","floor":42},{"not_picked":["Anger"],"picked":"Dual Wield+1","floor":44},{"not_picked":["Clothesline+1","Shrug It Off+1"],"picked":"Singing Bowl","floor":46},{"not_picked":["Body Slam+1","Sword Boomerang+1"],"picked":"Singing Bowl","floor":48},{"not_picked":["Double Tap"],"picked":"Shrug It Off+1","floor":54}],"player_experience":537553,"relics_obtained":[{"floor":7,"key":"Singing Bowl"},{"floor":9,"key":"Mummified Hand"},{"floor":10,"key":"Question Card"},{"floor":14,"key":"Smiling Mask"},{"floor":24,"key":"Gambling Chip"},{"floor":24,"key":"Pen Nib"},{"floor":27,"key":"Blue Candle"},{"floor":27,"key":"Centennial Puzzle"},{"floor":40,"key":"Bronze Scales"},{"floor":40,"key":"Dead Branch"},{"floor":43,"key":"Oddly Smooth Stone"},{"floor":44,"key":"Ice Cream"},{"floor":44,"key":"Paper Frog"},{"floor":46,"key":"The Courier"},{"floor":46,"key":"Anchor"},{"floor":48,"key":"Blood Vial"},{"floor":48,"key":"Happy Flower"},{"floor":54,"key":"Red Skull"},{"floor":54,"key":"Bag of Preparation"}],"event_choices":[{"damage_healed":0,"gold_gain":0,"player_choice":"Donut","damage_taken":0,"max_hp_gain":5,"max_hp_loss":0,"event_name":"Big Fish","floor":2,"gold_loss":0},{"damage_healed":0,"gold_gain":0,"player_choice":"Success","damage_taken":3,"relics_obtained":["Tiny Chest"],"max_hp_gain":0,"max_hp_loss":0,"event_name":"Scrap Ooze","floor":12,"gold_loss":0},{"damage_healed":0,"gold_gain":30,"player_choice":"Searched \u00273\u0027 times","damage_taken":0,"relics_obtained":["Letter Opener"],"max_hp_gain":0,"max_hp_loss":0,"event_name":"Dead Adventurer","floor":13,"gold_loss":0},{"damage_healed":0,"gold_gain":100,"player_choice":"Pray","damage_taken":0,"max_hp_gain":0,"max_hp_loss":0,"event_name":"Golden Shrine","floor":21,"gold_loss":0},{"damage_healed":0,"gold_gain":0,"player_choice":"Copied","damage_taken":0,"max_hp_gain":0,"max_hp_loss":0,"event_name":"Duplicator","floor":36,"gold_loss":0,"cards_obtained":["Juggernaut"]},{"damage_healed":0,"gold_gain":0,"player_choice":"Ignored","damage_taken":0,"max_hp_gain":0,"max_hp_loss":0,"event_name":"Tomb of Lord Red Mask","floor":45,"gold_loss":0}],"is_beta":true,"boss_relics":[{"not_picked":["Orrery","Lizard Tail"],"picked":"Black Star"},{"not_picked":["Velvet Choker","Philosopher\u0027s Stone"],"picked":"Busted Crown"}],"items_purged_floors":[20,37],"is_endless":false,"potions_floor_spawned":[4,7,10,14,16,19,24,27,29,42,44,48,54],"ascension_level":11}