{"gold_per_floor":[13,28,28,28,41,41,54,73,97,97,121,154,170,170,170,291,291,305,245,344,344,365,365,365,365,365,386,386],"floor_reached":28,"playtime":3020,"items_purged":[],"score":220,"play_id":"a523b8bc-e509-4e28-9cad-778bb757fcf5","local_time":"20190307002024","is_ascension_mode":false,"campfire_choices":[{"data":"Self Repair","floor":6,"key":"SMITH"},{"floor":10,"key":"REST"},{"data":"Coolheaded","floor":15,"key":"SMITH"},{"floor":23,"key":"REST"},{"data":"White Noise","floor":25,"key":"SMITH"}],"neow_cost":"NO_GOLD","seed_source_timestamp":42519284787389,"circlet_count":0,"master_deck":["Strike_B","Strike_B","Strike_B","Strike_B","Defend_B","Defend_B","Defend_B","Zap","Dualcast","Fission","Beam Cell","BootSequence","Self Repair+1","Coolheaded+1","Coolheaded","Chill","White Noise+1","BootSequence","Parasite","Recycle+1","Writhe","Reprogram"],"relics":["Cracked Core","Golden Idol","Anchor","Lizard Tail","Smiling Mask","Nloth\u0027s Gift","Letter Opener"],"potions_floor_usage":[12,12,12,28],"damage_taken":[{"damage":6,"enemies":"Jaw Worm","floor":1,"turns":3},{"damage":9,"enemies":"2 Louse","floor":2,"turns":2},{"damage":1,"enemies":"Cultist","floor":5,"turns":3},{"damage":6,"enemies":"Exordium Wildlife","floor":7,"turns":5},{"damage":29,"enemies":"Lots of Slimes","floor":8,"turns":4},{"damage":5,"enemies":"Large Slime","floor":11,"turns":7},{"damage":24,"enemies":"Gremlin Nob","floor":12,"turns":5},{"damage":1,"enemies":"Exordium Wildlife","floor":13,"turns":5},{"damage":66,"enemies":"The Guardian","floor":16,"turns":14},{"damage":27,"enemies":"Chosen","floor":18,"turns":8},{"damage":9,"enemies":"2 Thieves","floor":19,"turns":4},{"damage":34,"enemies":"Centurion and Healer","floor":22,"turns":21},{"damage":58,"enemies":"Sentry and Sphere","floor":27,"turns":18},{"damage":64,"enemies":"Shelled Parasite and Fungi","floor":28,"turns":11}],"seed_played":"-553696636537000547","potions_obtained":[{"floor":7,"key":"Poison Potion"},{"floor":8,"key":"Dexterity Potion"},{"floor":11,"key":"LiquidBronze"},{"floor":22,"key":"Explosive Potion"}],"is_trial":false,"path_per_floor":["?","?","?","?","?","?","M"],"character_chosen":"DEFECT","items_purchased":[],"campfire_rested":2,"item_purchase_floors":[],"current_hp_per_floor":[69,60,60,42,41,41,45,26,26,48,53,46,55,75,75,19,82,65,66,66,66,42,66,66,66,66,18,0],"gold":386,"neow_bonus":"THREE_RARE_CARDS","is_prod":false,"is_daily":false,"chose_seed":false,"campfire_upgraded":3,"win_rate":0.0,"timestamp":1551914424,"path_taken":["M","M","?","?","M","R","M","M","T","R","M","E","M","?","R","BOSS","M","M","?","?","M","R","?","R","T","?","M"],"build_version":"2019-01-23","purchased_purges":0,"victory":false,"max_hp_per_floor":[75,75,75,75,75,75,75,75,75,75,75,82,82,82,82,82,82,82,82,82,82,82,82,82,82,82,82,82],"card_choices":[{"not_picked":["Electrodynamics","Machine Learning"],"picked":"Fission","floor":0},{"not_picked":["Stack","Tempest"],"picked":"Beam Cell","floor":1},{"not_picked":["Lockon","Streamline"],"picked":"BootSequence","floor":2},{"not_picked":["Steam","Sunder"],"picked":"Self Repair","floor":5},{"not_picked":["Redo","Rebound"],"picked":"Coolheaded","floor":7},{"not_picked":["Beam Cell","Steam Power"],"picked":"Coolheaded","floor":8},{"not_picked":["Cold Snap","Beam Cell"],"picked":"Chill","floor":11},{"not_picked":["Scrape","Leap"],"picked":"White Noise","floor":12},{"not_picked":["Stack","Ball Lightning"],"picked":"BootSequence","floor":13},{"not_picked":["Barrage+1","Blizzard","Sunder"],"picked":"SKIP","floor":18},{"not_picked":["Chaos","Glacier"],"picked":"Recycle+1","floor":19},{"not_picked":["Conserve Battery+1","Barrage+1"],"picked":"Reprogram","floor":22},{"not_picked":["Capacitor","Glacier","Core Surge"],"picked":"SKIP","floor":27}],"player_experience":61855,"relics_obtained":[{"floor":9,"key":"Anchor"},{"floor":12,"key":"Strawberry"},{"floor":26,"key":"Letter Opener"}],"event_choices":[{"cards_removed":["Defend_B"],"damage_healed":0,"gold_gain":0,"player_choice":"Forget","damage_taken":0,"max_hp_gain":0,"max_hp_loss":0,"event_name":"Living Wall","floor":3,"gold_loss":0},{"damage_healed":0,"gold_gain":0,"player_choice":"Take Damage","damage_taken":18,"relics_obtained":["Golden Idol"],"max_hp_gain":0,"max_hp_loss":0,"event_name":"Golden Idol","floor":4,"gold_loss":0},{"damage_healed":20,"gold_gain":0,"player_choice":"Healed and dodged fight","damage_taken":0,"max_hp_gain":0,"max_hp_loss":0,"event_name":"Mushrooms","floor":14,"gold_loss":0,"cards_obtained":["Parasite"]},{"damage_healed":0,"gold_gain":99,"player_choice":"Stole From Cult","damage_taken":0,"max_hp_gain":0,"max_hp_loss":0,"event_name":"Nest","floor":20,"gold_loss":0},{"damage_healed":0,"gold_gain":0,"player_choice":"Opened","damage_taken":0,"relics_obtained":["Smiling Mask"],"max_hp_gain":0,"max_hp_loss":0,"event_name":"The Mausoleum","floor":21,"gold_loss":0,"cards_obtained":["Writhe"]},{"damage_healed":0,"gold_gain":0,"player_choice":"Traded Relic","damage_taken":0,"relics_obtained":["Nloth\u0027s Gift"],"max_hp_gain":0,"max_hp_loss":0,"event_name":"N\u0027loth","floor":24,"relics_lost":["Strawberry"],"gold_loss":0}],"is_beta":false,"boss_relics":[{"not_picked":["Sozu","Calling Bell"],"picked":"Lizard Tail"}],"items_purged_floors":[],"is_endless":false,"potions_floor_spawned":[7,8,11,22],"killed_by":"Shelled Parasite and Fungi","ascension_level":0}