{"gold_per_floor":[119,119,134,35,48,83,83,119,145,165,165,188,188,231,231,351,351,372,297,312,312,14,47,47,62,62,76,107,128,3,47,47,168,168,181,181,181,197,216,257,257,107,107,107,125,190,225,241,241,241,241,241,15,53,53],"floor_reached":56,"playtime":6171,"items_purged":["Strike_G","Defend_G","Defend_G","Defend_G"],"score":1555,"play_id":"938f66d2-bfc8-4ab4-8f92-fbf7fd333eed","local_time":"20190307221236","is_ascension_mode":true,"campfire_choices":[{"floor":7.0,"key":"REST"},{"data":"Catalyst","floor":11.0,"key":"SMITH"},{"data":"Bouncing Flask","floor":13.0,"key":"SMITH"},{"data":"Footwork","floor":15.0,"key":"SMITH"},{"data":"Adrenaline","floor":24.0,"key":"SMITH"},{"data":"Noxious Fumes","floor":32.0,"key":"SMITH"},{"data":"Well Laid Plans","floor":41.0,"key":"SMITH"},{"data":"Backflip","floor":44.0,"key":"SMITH"},{"floor":49,"key":"RECALL"},{"data":"Leg Sweep","floor":52,"key":"SMITH"}],"neow_cost":"NONE","seed_source_timestamp":0,"circlet_count":0,"master_deck":["Defend_G","Defend_G","Strike_G","Survivor","Neutralize","Bouncing Flask+1","Catalyst+1","Backflip","Leg Sweep+1","Deadly Poison","Footwork+1","Backflip+1","Adrenaline+1","Footwork+1","Noxious Fumes+1","After Image","Well Laid Plans+1","Parasite","Noxious Fumes","Leg Sweep"],"special_seed":0,"relics":["Ring of the Snake","Golden Idol","Regal Pillow","Ancient Tea Set","Bag of Marbles","Happy Flower","Velvet Choker","Nilry\u0027s Codex","TwistedFunnel","Blood Vial","Paper Crane","Snake Skull","Pen Nib","Philosopher\u0027s Stone","Boot","Dead Branch","Dodecahedron","Art of War","Centennial Puzzle"],"potions_floor_usage":[46,48,55,55],"damage_taken":[{"damage":0.0,"enemies":"Small Slimes","floor":1.0,"turns":6.0},{"damage":0.0,"enemies":"2 Louse","floor":3.0,"turns":3.0},{"damage":0.0,"enemies":"Jaw Worm","floor":5.0,"turns":4.0},{"damage":52.0,"enemies":"3 Sentries","floor":6.0,"turns":16.0},{"damage":1.0,"enemies":"Lagavulin","floor":8.0,"turns":8.0},{"damage":1.0,"enemies":"Blue Slaver","floor":10.0,"turns":4.0},{"damage":0.0,"enemies":"Looter","floor":12.0,"turns":2.0},{"damage":11.0,"enemies":"Gremlin Nob","floor":14.0,"turns":4.0},{"damage":0.0,"enemies":"Hexaghost","floor":16.0,"turns":8.0},{"damage":8.0,"enemies":"3 Byrds","floor":18.0,"turns":7.0},{"damage":0.0,"enemies":"Chosen","floor":20.0,"turns":3.0},{"damage":4.0,"enemies":"Gremlin Leader","floor":23.0,"turns":6.0},{"damage":0.0,"enemies":"Sentry and Sphere","floor":25.0,"turns":5.0},{"damage":0.0,"enemies":"Cultist and Chosen","floor":27.0,"turns":4.0},{"damage":16.0,"enemies":"Slavers","floor":28.0,"turns":6.0},{"damage":0.0,"enemies":"Snake Plant","floor":29.0,"turns":2.0},{"damage":5.0,"enemies":"Gremlin Leader","floor":31.0,"turns":6.0},{"damage":0.0,"enemies":"Champ","floor":33.0,"turns":5.0},{"damage":10.0,"enemies":"3 Darklings","floor":35.0,"turns":6.0},{"damage":0.0,"enemies":"Orb Walker","floor":38.0,"turns":4.0},{"damage":0.0,"enemies":"Writhing Mass","floor":39.0,"turns":4.0},{"damage":0.0,"enemies":"Nemesis","floor":40.0,"turns":5.0},{"damage":13.0,"enemies":"Sphere and 2 Shapes","floor":45.0,"turns":4.0},{"damage":37,"enemies":"2 Orb Walkers","floor":46,"turns":5},{"damage":0,"enemies":"Giant Head","floor":47,"turns":6},{"damage":0,"enemies":"Transient","floor":48,"turns":5},{"damage":1,"enemies":"Time Eater","floor":50,"turns":9},{"damage":36,"enemies":"Shield and Spear","floor":54,"turns":5},{"damage":16,"enemies":"The Heart","floor":55,"turns":9}],"seed_played":"1959999701468214338","potions_obtained":[{"floor":1.0,"key":"Energy Potion"},{"floor":3.0,"key":"Strength Potion"},{"floor":16.0,"key":"PowerPotion"},{"floor":20.0,"key":"GamblersBrew"},{"floor":28.0,"key":"Dexterity Potion"},{"floor":31.0,"key":"GamblersBrew"},{"floor":33.0,"key":"Weak Potion"},{"floor":39.0,"key":"Swift Potion"},{"floor":47,"key":"Regen Potion"},{"floor":48,"key":"Fire Potion"},{"floor":54,"key":"Ancient Potion"}],"is_trial":false,"path_per_floor":["M","?","M","$","M","E","R","E","T","M","R","M","R","E","R","B",null,"M","?","M","?","$","E","R","M","T","M","E","M","$","E","R","B",null,"M","?","?","M","M","E","R","$","T","R","M","?","E","M","R","B",null,"R","$","E","B",null],"character_chosen":"THE_SILENT","items_purchased":["Backflip","TwistedFunnel","Art of War","Noxious Fumes"],"campfire_rested":1,"item_purchase_floors":[4,22,53,53],"current_hp_per_floor":[70,53,53,53,53,1,37,36,36,35,35,35,35,24,24,24,70,62,62,62,46,46,42,42,44,44,46,32,34,34,31,31,33,70,60,60,60,62,64,66,66,66,66,66,53,18,20,37,37,38,66,66,66,30,16],"gold":53,"neow_bonus":"REMOVE_CARD","is_prod":false,"is_daily":false,"chose_seed":false,"campfire_upgraded":8,"win_rate":0,"timestamp":1552025556,"path_taken":["M","?","M","$","M","E","R","E","T","M","R","M","R","E","R","BOSS","M","?","M","?","$","E","R","M","T","M","E","M","$","E","R","BOSS","M","?","?","M","M","E","R","$","T","R","?","?","E","M","R","BOSS","R","$","E","BOSS"],"build_version":"2019-01-23","purchased_purges":4,"victory":true,"max_hp_per_floor":[70,70,70,70,70,70,70,70,70,70,70,70,70,70,70,70,70,70,70,70,70,70,70,70,70,70,70,70,70,70,70,70,70,70,70,70,66,66,66,66,66,66,66,66,66,66,66,66,66,66,66,66,66,66,66],"card_choices":[{"not_picked":["Cloak And Dagger","Expertise"],"picked":"Bouncing Flask","floor":1.0},{"not_picked":["Endless Agony","PiercingWail"],"picked":"Catalyst","floor":3.0},{"not_picked":["Heel Hook","Blur"],"picked":"Leg Sweep","floor":5.0},{"not_picked":["Night Terror","Blade Dance"],"picked":"Deadly Poison","floor":6.0},{"not_picked":["Prepared","PiercingWail"],"picked":"Footwork","floor":8.0},{"not_picked":["Poisoned Stab","Skewer"],"picked":"Backflip","floor":10.0},{"not_picked":["Bane","Poisoned Stab","Concentrate"],"picked":"SKIP","floor":12.0},{"not_picked":["Underhanded Strike","Storm of Steel","Poisoned Stab"],"picked":"SKIP","floor":14.0},{"not_picked":["Burst","Corpse Explosion"],"picked":"Adrenaline","floor":16.0},{"not_picked":["Flying Knee","Deadly Poison","Deflect"],"picked":"SKIP","floor":18.0},{"not_picked":["Acrobatics","Riddle With Holes","Outmaneuver"],"picked":"SKIP","floor":20.0},{"not_picked":["Dash","Caltrops"],"picked":"Footwork+1","floor":23.0},{"not_picked":["Calculated Gamble","Bane+1"],"picked":"Noxious Fumes","floor":25.0},{"not_picked":["Blade Dance+1","Cloak And Dagger","PiercingWail"],"picked":"SKIP","floor":27.0},{"not_picked":["Cloak And Dagger","Grand Finale","Eviscerate+1"],"picked":"SKIP","floor":28.0},{"not_picked":["Cloak And Dagger","Poisoned Stab","Flying Knee+1"],"picked":"SKIP","floor":29.0},{"not_picked":["Crippling Poison","Finisher","Calculated Gamble"],"picked":"SKIP","floor":31.0},{"not_picked":["Envenom","Doppelganger"],"picked":"After Image","floor":33.0},{"not_picked":["Underhanded Strike+1","Prepared","Quick Slash"],"picked":"SKIP","floor":35.0},{"not_picked":["PiercingWail+1","Predator"],"picked":"Well Laid Plans","floor":38.0},{"not_picked":["Calculated Gamble+1","Deflect","Prepared+1"],"picked":"SKIP","floor":39.0},{"not_picked":["Expertise+1","Concentrate","Sucker Punch"],"picked":"SKIP","floor":40.0},{"not_picked":["Bane","Well Laid Plans+1","Acrobatics+1"],"picked":"SKIP","floor":45.0},{"not_picked":["Backflip","Underhanded Strike+1","Envenom"],"picked":"SKIP","floor":47},{"not_picked":["Cloak And Dagger+1","Outmaneuver","Slice"],"picked":"SKIP","floor":48},{"not_picked":["Underhanded Strike","Outmaneuver"],"picked":"Leg Sweep","floor":54}],"player_experience":221397,"relics_obtained":[{"floor":6.0,"key":"Regal Pillow"},{"floor":8.0,"key":"Ancient Tea Set"},{"floor":9.0,"key":"Bag of Marbles"},{"floor":14.0,"key":"Happy Flower"},{"floor":21.0,"key":"Nilry\u0027s Codex"},{"floor":23.0,"key":"Blood Vial"},{"floor":26.0,"key":"Paper Crane"},{"floor":28.0,"key":"Snake Skull"},{"floor":31.0,"key":"Pen Nib"},{"floor":40.0,"key":"Boot"},{"floor":46,"key":"Dead Branch"},{"floor":47,"key":"Dodecahedron"},{"floor":54,"key":"Centennial Puzzle"}],"event_choices":[{"damage_healed":0.0,"max_hp_gain":0.0,"max_hp_loss":0.0,"gold_gain":0.0,"event_name":"Golden Idol","player_choice":"Take Damage","floor":2.0,"gold_loss":0.0,"damage_taken":17.0,"relics_obtained":["Golden Idol"]},{"cards_removed":["Strike_G"],"damage_healed":0.0,"max_hp_gain":0.0,"max_hp_loss":0.0,"gold_gain":0.0,"event_name":"Beggar","player_choice":"Gave Gold","floor":19.0,"gold_loss":75.0,"damage_taken":0.0},{"damage_healed":0.0,"max_hp_gain":0.0,"max_hp_loss":0.0,"gold_gain":0.0,"event_name":"Cursed Tome","player_choice":"Obtained Book","floor":21.0,"gold_loss":0.0,"damage_taken":16.0},{"cards_removed":["Strike_G"],"damage_healed":0.0,"max_hp_gain":0.0,"max_hp_loss":0.0,"gold_gain":0.0,"event_name":"Falling","player_choice":"Removed Attack","floor":36.0,"gold_loss":0.0,"damage_taken":0.0},{"damage_healed":0.0,"max_hp_gain":0.0,"max_hp_loss":4.0,"gold_gain":0.0,"event_name":"Winding Halls","player_choice":"Max HP","floor":37.0,"gold_loss":0.0,"damage_taken":0.0},{"damage_healed":0,"gold_gain":0,"player_choice":"Fight","damage_taken":0,"max_hp_gain":0,"max_hp_loss":0,"event_name":"Mysterious Sphere","floor":46,"gold_loss":0}],"is_beta":false,"boss_relics":[{"not_picked":["Runic Dome","Orrery"],"picked":"Velvet Choker"},{"not_picked":["Busted Crown","Runic Pyramid"],"picked":"Philosopher\u0027s Stone"}],"items_purged_floors":[4,22,30,42],"is_endless":false,"potions_floor_spawned":[1,3,16,20,28,31,33,39,47,48,54],"ascension_level":3}