{"path_per_floor":["M","M","$","M","M","R","E","R","T","E","?","E","M","?","R","B",null,"M","M","?","?","M","E","?","$","T","E","M","M","R","M","R"],"character_chosen":"DEFECT","items_purchased":["All For One","Steam","Kunai"],"gold_per_floor":[365,383,97,113,133,133,166,166,166,195,195,223,236,236,236,335,335,350,362,285,210,224,282,282,44,44,73,86,98,98,110,110,110],"floor_reached":33,"campfire_rested":2,"playtime":1735,"item_purchase_floors":[3,3,25],"current_hp_per_floor":[60,60,60,59,55,55,41,41,41,37,37,24,24,29,53,39,70,66,66,66,66,54,51,51,51,51,48,35,31,55,55,55,0],"items_purged":["Injury"],"gold":110,"score":482,"play_id":"57cd9cfa-8add-4e32-b297-9036705dd4ed","local_time":"20180528220407","is_prod":false,"is_daily":false,"chose_seed":false,"is_ascension_mode":true,"campfire_upgraded":3,"win_rate":0,"timestamp":1527537847,"campfire_choices":[{"data":"Zap","floor":6,"key":"SMITH"},{"data":"Dualcast","floor":8,"key":"SMITH"},{"floor":15,"key":"REST"},{"floor":30,"key":"REST"},{"data":"Defragment","floor":32,"key":"SMITH"}],"path_taken":["M","M","$","M","M","R","E","R","T","E","?","E","M","?","R","BOSS","M","M","?","?","M","E","?","$","T","E","M","M","R","M","R","BOSS"],"build_version":"2018-05-27","seed_source_timestamp":98689412999765,"purchased_purges":1,"victory":false,"master_deck":["Strike_B","Strike_B","Strike_B","Defend_B","Defend_B","Defend_B","Defend_B","Zap+1","Dualcast+1","Ball Lightning","Go for the Eyes","All For One","Steam","Cold Snap","Turbo","Beam Cell","Stack+1","BootSequence+1","All For One","Rebound+1","J.A.X.+1","Redo+1","FTL","Coolheaded+1","Steam Power+1","Defragment+1","Fission+1","Barrage+1"],"max_hp_per_floor":[75,75,75,75,75,75,75,75,75,75,75,75,75,80,80,80,80,80,80,80,80,80,80,80,80,80,80,80,80,80,80,80,80],"relics":["Cracked Core","Toxic Egg 2","Shuriken","Calipers","Anchor","Sozu","Tiny Chest","Kunai","Du-Vu Doll","Bottled Flame"],"card_choices":[{"not_picked":["Lockon","Streamline"],"picked":"Ball Lightning","floor":1},{"not_picked":["Skim","Leap"],"picked":"Go for the Eyes","floor":2},{"not_picked":["Leap","Turbo"],"picked":"Cold Snap","floor":4},{"not_picked":["Cold Snap","Blizzard"],"picked":"Turbo","floor":5},{"not_picked":["Go for the Eyes","Aggregate"],"picked":"Beam Cell","floor":7},{"not_picked":["Barrage","Biased Cognition"],"picked":"Stack+1","floor":10},{"not_picked":["Beam Cell","Consume+1"],"picked":"BootSequence+1","floor":12},{"not_picked":["Stack+1","Reprogram+1","Blizzard"],"picked":"SKIP","floor":13},{"not_picked":["Creative AI","Thunder Strike"],"picked":"All For One","floor":16},{"not_picked":["Recycle+1","BootSequence+1","Rebound"],"picked":"SKIP","floor":18},{"not_picked":["Beam Cell","Streamline+1"],"picked":"Rebound+1","floor":19},{"not_picked":["BootSequence+1","Loop"],"picked":"Redo+1","floor":22},{"not_picked":["Ball Lightning+1","Tempest+1"],"picked":"FTL","floor":23},{"not_picked":["Steam+1","Coolheaded+1"],"picked":"Steam Power+1","floor":27},{"not_picked":["Lockon","Go for the Eyes"],"picked":"Defragment","floor":28},{"not_picked":["Loop","Aggregate+1"],"picked":"Fission+1","floor":29},{"not_picked":["Lockon","Rebound"],"picked":"Barrage+1","floor":31}],"player_experience":575021,"potions_floor_usage":[7,10,22],"damage_taken":[{"damage":8,"enemies":"Jaw Worm","floor":1,"turns":4},{"damage":0,"enemies":"Small Slimes","floor":2,"turns":3},{"damage":1,"enemies":"2 Louse","floor":4,"turns":3},{"damage":4,"enemies":"Exordium Wildlife","floor":5,"turns":3},{"damage":14,"enemies":"Gremlin Nob","floor":7,"turns":3},{"damage":4,"enemies":"3 Sentries","floor":10,"turns":5},{"damage":13,"enemies":"Lagavulin","floor":12,"turns":5},{"damage":0,"enemies":"3 Louse","floor":13,"turns":3},{"damage":14,"enemies":"Slime Boss","floor":16,"turns":6},{"damage":4,"enemies":"3 Byrds","floor":18,"turns":3},{"damage":0,"enemies":"Shell Parasite","floor":19,"turns":3},{"damage":12,"enemies":"Snake Plant","floor":22,"turns":5},{"damage":3,"enemies":"Book of Stabbing","floor":23,"turns":4},{"damage":3,"enemies":"Gremlin Leader","floor":27,"turns":4},{"damage":13,"enemies":"Chosen and Byrds","floor":28,"turns":5},{"damage":4,"enemies":"Sentry and Sphere","floor":29,"turns":3},{"damage":0,"enemies":"Snecko","floor":31,"turns":5},{"damage":64,"enemies":"Champ","floor":33,"turns":6}],"relics_obtained":[{"floor":7,"key":"Toxic Egg 2"},{"floor":9,"key":"Shuriken"},{"floor":10,"key":"Calipers"},{"floor":12,"key":"Anchor"},{"floor":23,"key":"Tiny Chest"},{"floor":26,"key":"Du-Vu Doll"},{"floor":27,"key":"Bottled Flame"}],"event_choices":[{"event_name":"Liars Game","player_choice":"disagreed","floor":11,"damage_taken":0},{"event_name":"Big Fish","player_choice":"Donut","floor":14,"damage_taken":0},{"event_name":"Drug Dealer","player_choice":"Got JAXXED","floor":20,"damage_taken":0},{"event_name":"Beggar","player_choice":"Gave Gold","floor":21,"damage_taken":0},{"event_name":"The Library","player_choice":"Read","floor":24,"damage_taken":0}],"boss_relics":[{"not_picked":["Black Star","Runic Pyramid"],"picked":"Sozu"}],"items_purged_floors":[3],"potions_floor_spawned":[2,7,12,19,22,28],"seed_played":"2756421125967048778","killed_by":"Champ","ascension_level":7,"potions_obtained":[{"floor":2,"key":"AttackPotion"},{"floor":7,"key":"LiquidBronze"},{"floor":12,"key":"Weak Potion"}],"is_trial":false}