{"gold_per_floor":[111,138,63,78,90,90,107,107,107,32,32,67,87,115,115,189,189,201,101,113,113],"floor_reached":21,"playtime":583,"items_purged":["Strike_R","Strike_R"],"score":378,"play_id":"7e37e882-45ad-4ecf-9ec9-2a6a130ae6c8","local_time":"20181204220632","is_ascension_mode":true,"campfire_choices":[{"data":"Whirlwind","floor":6,"key":"SMITH"},{"data":"Bash","floor":8,"key":"SMITH"},{"floor":15,"key":"REST"}],"neow_cost":"NONE","seed_source_timestamp":526357410834087,"circlet_count":0,"master_deck":["AscendersBane","Strike_R","Strike_R","Defend_R","Defend_R","Defend_R","Defend_R","Bash+1","Whirlwind+1","Disarm","Spot Weakness","Uppercut","Spot Weakness","Offering","True Grit"],"relics":["Burning Blood","Art of War","Frozen Egg 2","StoneCalendar","Dream Catcher","Cursed Key"],"potions_floor_usage":[12,12,20],"damage_taken":[{"damage":2,"enemies":"Cultist","floor":1,"turns":4},{"damage":5,"enemies":"Small Slimes","floor":4,"turns":3},{"damage":0,"enemies":"2 Louse","floor":5,"turns":2},{"damage":29,"enemies":"Gremlin Gang","floor":7,"turns":4},{"damage":21,"enemies":"Lagavulin","floor":12,"turns":6},{"damage":0,"enemies":"2 Fungi Beasts","floor":13,"turns":2},{"damage":32,"enemies":"Gremlin Nob","floor":14,"turns":4},{"damage":37,"enemies":"Slime Boss","floor":16,"turns":9},{"damage":35,"enemies":"Chosen","floor":18,"turns":5},{"damage":17,"enemies":"3 Byrds","floor":20,"turns":4},{"damage":23,"enemies":"Snake Plant","floor":21,"turns":4}],"seed_played":"-6111576620018031682","potions_obtained":[{"floor":1,"key":"Weak Potion"},{"floor":4,"key":"Regen Potion"},{"floor":16,"key":"LiquidBronze"}],"is_trial":false,"path_per_floor":["M","T","$","M","M","R","M","R","T","?","?","E","M","E","R","B",null,"M","$","M","M"],"character_chosen":"IRONCLAD","items_purchased":[],"campfire_rested":1,"item_purchase_floors":[],"current_hp_per_floor":[72,72,72,73,75,75,52,52,52,52,52,52,58,32,54,23,62,33,33,22,0],"gold":113,"neow_bonus":"ONE_RANDOM_RARE_CARD","is_prod":false,"is_daily":false,"chose_seed":false,"campfire_upgraded":2,"win_rate":0,"timestamp":1543989992,"path_taken":["M","?","$","M","M","R","M","R","T","?","?","E","M","E","R","BOSS","M","$","M","M"],"build_version":"2018-11-15","purchased_purges":2,"victory":false,"max_hp_per_floor":[75,75,75,75,75,75,75,75,75,75,75,75,75,75,75,75,75,75,75,75,75],"card_choices":[{"not_picked":["Sentinel","Headbutt"],"picked":"Whirlwind","floor":1},{"not_picked":["Havoc","Twin Strike","Blood for Blood"],"picked":"SKIP","floor":4},{"not_picked":["Sword Boomerang","Pommel Strike","True Grit"],"picked":"SKIP","floor":5},{"not_picked":["Thunderclap","Second Wind"],"picked":"Disarm","floor":7},{"not_picked":["Second Wind","Carnage"],"picked":"Spot Weakness","floor":12},{"not_picked":["Evolve+1","Entrench","Cleave"],"picked":"SKIP","floor":13},{"not_picked":["Entrench","Body Slam"],"picked":"Uppercut","floor":14},{"not_picked":["Heavy Blade","Bloodletting"],"picked":"Spot Weakness","floor":15},{"not_picked":["Fiend Fire","Dark Embrace+1"],"picked":"Offering","floor":16},{"not_picked":["Pommel Strike","Evolve+1"],"picked":"True Grit","floor":18},{"not_picked":["Iron Wave+1","Wild Strike+1","Headbutt"],"picked":"SKIP","floor":20}],"player_experience":682644,"relics_obtained":[{"floor":2,"key":"Art of War"},{"floor":9,"key":"Frozen Egg 2"},{"floor":12,"key":"StoneCalendar"},{"floor":14,"key":"Dream Catcher"}],"event_choices":[{"cards_removed":["Strike_R"],"damage_healed":0,"gold_gain":0,"player_choice":"Card Removal","damage_taken":0,"max_hp_gain":0,"max_hp_loss":0,"event_name":"The Cleric","floor":10,"gold_loss":75},{"cards_removed":["Limit Break"],"damage_healed":0,"gold_gain":0,"player_choice":"Forget","damage_taken":0,"max_hp_gain":0,"max_hp_loss":0,"event_name":"Living Wall","floor":11,"gold_loss":0}],"is_beta":false,"boss_relics":[{"not_picked":["Black Blood","Busted Crown"],"picked":"Cursed Key"}],"items_purged_floors":[3,19],"is_endless":false,"potions_floor_spawned":[1,4,16],"killed_by":"Snake Plant","ascension_level":20}