{"gold_per_floor":[115,134,134,145,70,70,99,99,99,129,204,32,32,32,32,111,111,129,145,45,45],"floor_reached":21,"playtime":735,"items_purged":["Strike_B","Strike_B"],"score":350,"play_id":"4530955e-531c-4118-9892-296c7bdc5680","local_time":"20190213023649","is_ascension_mode":true,"campfire_choices":[{"data":"Beam Cell","floor":6,"key":"SMITH"},{"floor":8,"key":"REST"},{"floor":13,"key":"REST"},{"data":"Zap","floor":15,"key":"SMITH"}],"neow_cost":"NONE","seed_source_timestamp":578233827636700,"circlet_count":0,"master_deck":["AscendersBane","Strike_B","Defend_B","Defend_B","Defend_B","Defend_B","Zap+1","Dualcast","Cold Snap","Beam Cell+1","Conserve Battery","Biased Cognition","BootSequence","Defragment","Coolheaded","Core Surge","Chill"],"relics":["Cracked Core","WingedGreaves","Odd Mushroom","Cursed Key"],"potions_floor_usage":[16,16],"damage_taken":[{"damage":0,"enemies":"Cultist","floor":1,"turns":3},{"damage":0,"enemies":"Small Slimes","floor":2,"turns":2},{"damage":2,"enemies":"Jaw Worm","floor":4,"turns":3},{"damage":64,"enemies":"Gremlin Nob","floor":7,"turns":6},{"damage":10,"enemies":"The Mushroom Lair","floor":10,"turns":6},{"damage":26,"enemies":"The Guardian","floor":16,"turns":9},{"damage":8,"enemies":"Spheric Guardian","floor":18,"turns":5},{"damage":10,"enemies":"Shell Parasite","floor":19,"turns":8},{"damage":51,"enemies":"Cultist and Chosen","floor":21,"turns":11}],"seed_played":"-5921506142392943769","potions_obtained":[{"floor":7,"key":"SteroidPotion"},{"floor":10,"key":"PowerPotion"},{"floor":18,"key":"EssenceOfSteel"}],"is_trial":false,"path_per_floor":["M","M","?","M","?","R","E","R","T","?","?","$","R","$","R","B",null,"M","M","$","M"],"character_chosen":"DEFECT","items_purchased":["Defragment","Coolheaded"],"campfire_rested":2,"item_purchase_floors":[12,12],"current_hp_per_floor":[71,71,71,69,69,69,5,28,28,18,7,7,30,30,30,4,60,52,42,42,0],"gold":45,"neow_bonus":"TEN_PERCENT_HP_BONUS","is_prod":false,"is_daily":false,"chose_seed":false,"campfire_upgraded":2,"win_rate":0,"timestamp":1550054209,"path_taken":["M","M","?","M","?","R","E","R","T","?","?","$","R","$","R","BOSS","M","M","$","M"],"build_version":"2019-01-23","purchased_purges":2,"victory":false,"max_hp_per_floor":[78,78,78,78,78,78,78,78,78,78,78,78,78,78,78,78,78,78,78,78,78],"card_choices":[{"not_picked":["Sweeping Beam","Leap"],"picked":"Cold Snap","floor":1},{"not_picked":["Hologram","Chill"],"picked":"Beam Cell","floor":2},{"not_picked":["Barrage","Force Field"],"picked":"Conserve Battery","floor":4},{"not_picked":["Redo","Barrage"],"picked":"Biased Cognition","floor":7},{"not_picked":["Loop","Barrage"],"picked":"BootSequence","floor":10},{"not_picked":["Multi-Cast","All For One"],"picked":"Core Surge","floor":16},{"not_picked":["Consume","Streamline","Fusion"],"picked":"SKIP","floor":18},{"not_picked":["Barrage+1","Gash"],"picked":"Chill","floor":19}],"player_experience":682203,"relics_obtained":[{"floor":7,"key":"WingedGreaves"},{"floor":10,"key":"Odd Mushroom"}],"event_choices":[{"damage_healed":0,"gold_gain":0,"player_choice":"Ignored","damage_taken":0,"max_hp_gain":0,"max_hp_loss":0,"event_name":"Liars Game","floor":3,"gold_loss":0},{"cards_removed":["Strike_B"],"damage_healed":0,"gold_gain":0,"player_choice":"Card Removal","damage_taken":0,"max_hp_gain":0,"max_hp_loss":0,"event_name":"The Cleric","floor":5,"gold_loss":75},{"damage_healed":0,"gold_gain":0,"player_choice":"Fought Mushrooms","damage_taken":0,"max_hp_gain":0,"max_hp_loss":0,"event_name":"Mushrooms","floor":10,"gold_loss":0},{"damage_healed":0,"gold_gain":75,"player_choice":"Gather Gold","damage_taken":11,"max_hp_gain":0,"max_hp_loss":0,"event_name":"World of Goop","floor":11,"gold_loss":0}],"is_beta":false,"boss_relics":[{"not_picked":["Eternal Feather","Lizard Tail"],"picked":"Cursed Key"}],"items_purged_floors":[12,20],"is_endless":false,"potions_floor_spawned":[7,10,18],"killed_by":"Cultist and Chosen","ascension_level":20}