{"gold_per_floor":[109,119,119,139,76,76,93,93,150,167,199,210,226,247,247,320,320,338,338,338,27,40,40,40],"floor_reached":24,"playtime":841,"items_purged":["Strike_G+1"],"score":347,"play_id":"b223d937-460e-4023-8a08-64e2c147e376","local_time":"20180807012024","is_ascension_mode":true,"campfire_choices":[{"data":"Cloak And Dagger","floor":6,"key":"SMITH"},{"floor":8,"key":"REST"},{"data":"Blade Dance","floor":15,"key":"SMITH"},{"data":"Deadly Poison","floor":23,"key":"SMITH"}],"neow_cost":"FIFTY_PERCENT_DAMAGE","seed_source_timestamp":78209915345292,"circlet_count":0,"master_deck":["Defend_G+1","Defend_G+1","Defend_G+1","Defend_G+1","Strike_G+1","Strike_G+1","Strike_G+1","Survivor","Neutralize+1","AscendersBane","Quick Slash+1","Infinite Blades","Cloak And Dagger+1","Backflip","Deflect","Corpse Explosion","Blade Dance+1","Crippling Poison","Adrenaline","Footwork","Deadly Poison+1"],"relics":["Ring of the Snake","Tiny Chest","Pen Nib","Odd Mushroom","Runic Pyramid","Bronze Scales","Whetstone"],"potions_floor_usage":[14,16,16],"damage_taken":[{"damage":0,"enemies":"Cultist","floor":1,"turns":4},{"damage":0,"enemies":"Jaw Worm","floor":2,"turns":4},{"damage":0,"enemies":"2 Louse","floor":4,"turns":3},{"damage":0,"enemies":"2 Fungi Beasts","floor":7,"turns":5},{"damage":0,"enemies":"Blue Slaver","floor":10,"turns":5},{"damage":13,"enemies":"3 Sentries","floor":11,"turns":10},{"damage":0,"enemies":"3 Louse","floor":12,"turns":2},{"damage":5,"enemies":"Looter","floor":13,"turns":3},{"damage":9,"floor":14,"turns":3},{"damage":5,"enemies":"Hexaghost","floor":16,"turns":9},{"damage":30,"enemies":"2 Thieves","floor":18,"turns":3},{"damage":9,"enemies":"Spheric Guardian","floor":22,"turns":5},{"damage":14,"enemies":"Gremlin Leader","floor":24,"turns":1}],"seed_played":"-5330141492558099922","potions_obtained":[{"floor":4,"key":"PowerPotion"},{"floor":7,"key":"AttackPotion"},{"floor":14,"key":"Fire Potion"},{"floor":22,"key":"GamblersBrew"}],"is_trial":false,"path_per_floor":["M","M","?","M","?","R","M","R","T","M","E","M","M","?","R","B",null,"M","T","?","$","M","R"],"character_chosen":"THE_SILENT","items_purchased":["Whetstone","Footwork"],"campfire_rested":1,"item_purchase_floors":[21,21],"current_hp_per_floor":[30,30,25,25,25,25,25,44,44,44,31,31,26,17,17,12,53,23,23,23,23,14,14,0],"gold":40,"neow_bonus":"REMOVE_TWO","is_prod":false,"is_daily":false,"chose_seed":false,"campfire_upgraded":3,"win_rate":0,"timestamp":1533572424,"path_taken":["M","M","?","M","?","R","M","R","T","M","E","M","M","?","R","BOSS","M","?","?","$","M","R","E"],"build_version":"2018-08-02","purchased_purges":1,"victory":false,"max_hp_per_floor":[66,66,66,66,66,66,66,66,66,66,66,66,66,66,66,66,66,66,66,66,66,66,66,66],"card_choices":[{"not_picked":["Outmaneuver","Acrobatics"],"picked":"Quick Slash","floor":1},{"not_picked":["Caltrops","Slice"],"picked":"Infinite Blades","floor":2},{"not_picked":["Quick Slash","Caltrops"],"picked":"Cloak And Dagger","floor":4},{"not_picked":["Accuracy","Eviscerate"],"picked":"Backflip","floor":7},{"not_picked":["Prepared","Heel Hook"],"picked":"Deflect","floor":10},{"not_picked":["Concentrate","Catalyst"],"picked":"Corpse Explosion","floor":11},{"not_picked":["Dagger Throw","All Out Attack"],"picked":"Blade Dance","floor":12},{"not_picked":["Slice","Dash"],"picked":"Crippling Poison","floor":13},{"not_picked":["Storm of Steel","Malaise"],"picked":"Adrenaline","floor":16},{"not_picked":["Predator","Backstab","Infinite Blades"],"picked":"SKIP","floor":18},{"not_picked":["Bane","Flying Knee"],"picked":"Deadly Poison","floor":22}],"player_experience":581564,"relics_obtained":[{"floor":9,"key":"Tiny Chest"},{"floor":11,"key":"Pen Nib"},{"floor":14,"key":"Odd Mushroom"},{"floor":19,"key":"Bronze Scales"}],"event_choices":[{"event_name":"Scrap Ooze","player_choice":"unsuccessful","floor":3,"damage_taken":5},{"event_name":"World of Goop","player_choice":"Left","floor":5,"damage_taken":0},{"event_name":"Mushrooms","player_choice":"Fought Mushrooms","floor":14,"damage_taken":0},{"event_name":"Back to Basics","player_choice":"Simplicity","floor":20,"damage_taken":0}],"is_beta":false,"boss_relics":[{"not_picked":["Philosopher\u0027s Stone","Calling Bell"],"picked":"Runic Pyramid"}],"items_purged_floors":[21],"is_endless":false,"potions_floor_spawned":[4,7,11,14,22],"killed_by":"Gremlin Leader","ascension_level":15}