{"gold_per_floor":[112,92,102,120,132,132,109,123,123,123,155,155,170,186,186,260,260,277,289,214,139,156,156,156],"floor_reached":24,"playtime":1029,"items_purged":["Strike_B"],"score":404,"play_id":"22d683ba-52e4-4c36-914c-6f41f394d8c3","local_time":"20190121012226","is_ascension_mode":true,"campfire_choices":[{"data":"Zap","floor":6,"key":"SMITH"},{"data":"Hologram","floor":10,"key":"SMITH"},{"floor":12,"key":"REST"},{"floor":15,"key":"REST"},{"data":"Defragment","floor":23,"key":"SMITH"}],"neow_cost":"NONE","seed_source_timestamp":1029305505842263,"circlet_count":0,"master_deck":["AscendersBane","Strike_B","Strike_B","Defend_B","Defend_B","Defend_B","Defend_B","Zap+1","Dualcast","Capacitor","Leap","Coolheaded","Skim","Hologram+1","Melter","Self Repair","Ball Lightning","FTL","Coolheaded","Echo Form","Gash+1","Leap+1","Defragment+1"],"relics":["Cracked Core","DataDisk","Prayer Wheel","Bronze Scales","Eternal Feather"],"potions_floor_usage":[11,13,16,24],"damage_taken":[{"damage":2,"enemies":"Jaw Worm","floor":1,"turns":4},{"damage":1,"enemies":"Cultist","floor":3,"turns":3},{"damage":0,"enemies":"2 Louse","floor":4,"turns":2},{"damage":10,"enemies":"Large Slime","floor":5,"turns":8},{"damage":12,"enemies":"Exordium Thugs","floor":7,"turns":4},{"damage":0,"enemies":"Exordium Wildlife","floor":8,"turns":4},{"damage":35,"enemies":"Gremlin Nob","floor":11,"turns":5},{"damage":0,"enemies":"Lots of Slimes","floor":13,"turns":2},{"damage":19,"enemies":"Exordium Thugs","floor":14,"turns":5},{"damage":19,"enemies":"Hexaghost","floor":16,"turns":8},{"damage":5,"enemies":"3 Byrds","floor":18,"turns":4},{"damage":11,"enemies":"Spheric Guardian","floor":19,"turns":3},{"damage":25,"enemies":"Snake Plant","floor":22,"turns":4},{"damage":56,"enemies":"Gremlin Leader","floor":24,"turns":8}],"seed_played":"5832390908426735361","potions_obtained":[{"floor":1,"key":"GamblersBrew"},{"floor":2,"key":"LiquidBronze"},{"floor":4,"key":"Ancient Potion"},{"floor":11,"key":"Explosive Potion"},{"floor":14,"key":"FocusPotion"},{"floor":19,"key":"FocusPotion"}],"is_trial":false,"path_per_floor":["M","?","M","M","M","R","M","M","T","R","E","R","M","M","R","B",null,"M","M","?","$","M","R","E"],"character_chosen":"DEFECT","items_purchased":[],"campfire_rested":2,"item_purchase_floors":[],"current_hp_per_floor":[62,62,61,61,51,51,39,39,39,39,4,25,32,20,41,29,61,63,59,59,59,41,53,0],"gold":156,"neow_bonus":"RANDOM_COMMON_RELIC","is_prod":false,"is_daily":false,"chose_seed":false,"campfire_upgraded":3,"win_rate":0,"timestamp":1548051746,"path_taken":["M","?","?","M","?","R","M","M","T","R","E","R","M","M","R","BOSS","M","M","?","$","M","R","E"],"build_version":"2019-01-19","purchased_purges":1,"victory":false,"max_hp_per_floor":[71,71,71,71,71,71,71,71,71,71,71,71,71,71,71,71,71,71,71,71,71,71,71,71],"card_choices":[{"not_picked":["Compile Driver","Beam Cell"],"picked":"Capacitor","floor":1},{"not_picked":["Beam Cell","Consume"],"picked":"Leap","floor":3},{"not_picked":["Conserve Battery","Auto Shields"],"picked":"Coolheaded","floor":4},{"not_picked":["Steam Power","Streamline"],"picked":"Skim","floor":5},{"not_picked":["Steam","BootSequence"],"picked":"Hologram","floor":7},{"not_picked":["Leap","Darkness"],"picked":"Melter","floor":8},{"not_picked":["Melter","BootSequence"],"picked":"Self Repair","floor":11},{"not_picked":["Rebound","Hello World"],"picked":"Ball Lightning","floor":13},{"not_picked":["Hologram","Steam"],"picked":"FTL","floor":13},{"not_picked":["Hologram","Tempest"],"picked":"Coolheaded","floor":14},{"not_picked":["Leap","Thunder Strike","Reinforced Body"],"picked":"SKIP","floor":14},{"not_picked":["Amplify","Meteor Strike"],"picked":"Echo Form","floor":16},{"not_picked":["Sweeping Beam","Genetic Algorithm"],"picked":"Gash+1","floor":18},{"not_picked":["Leap","Go for the Eyes","Turbo"],"picked":"SKIP","floor":18},{"not_picked":["Scrape","Go for the Eyes"],"picked":"Leap+1","floor":19},{"not_picked":["Stack","Steam","Sweeping Beam+1"],"picked":"SKIP","floor":19},{"not_picked":["Reboot","Stack"],"picked":"Defragment","floor":22},{"not_picked":["Aggregate","Compile Driver","Melter"],"picked":"SKIP","floor":22}],"player_experience":475715,"relics_obtained":[{"floor":9,"key":"Prayer Wheel"},{"floor":11,"key":"Bronze Scales"}],"event_choices":[{"damage_healed":0,"gold_gain":0,"player_choice":"Bought 1 Potion","damage_taken":0,"max_hp_gain":0,"max_hp_loss":0,"event_name":"The Woman in Blue","floor":2,"gold_loss":0},{"cards_removed":["Strike_B"],"damage_healed":0,"gold_gain":0,"player_choice":"Gave Gold","damage_taken":0,"max_hp_gain":0,"max_hp_loss":0,"event_name":"Beggar","floor":20,"gold_loss":75}],"is_beta":true,"boss_relics":[{"not_picked":["Coffee Dripper","Runic Dome"],"picked":"Eternal Feather"}],"items_purged_floors":[21],"is_endless":false,"potions_floor_spawned":[1,4,11,14,19,22],"killed_by":"Gremlin Leader","ascension_level":20}