{"gold_per_floor":[116,116,47,65,76,111,121,139,139,169,169,39,39,39,39,143,143,159,84,61,61,75,104,104,104,104,137,148,160,160,175,175,275,275,291,291,53,65,83,83,101,101,124,124,136,136,150,178,178,178],"floor_reached":50,"playtime":2145,"items_purged":["Pain"],"score":624,"play_id":"56c460d4-f00c-46d1-9459-06e2d4882fe0","local_time":"20190120223510","is_ascension_mode":true,"campfire_choices":[{"floor":11,"key":"RECALL"},{"floor":13,"key":"REST"},{"floor":15,"key":"REST"},{"floor":24,"key":"REST"},{"data":"Limit Break","floor":30,"key":"SMITH"},{"floor":32,"key":"REST"},{"data":"Demon Form","floor":40,"key":"SMITH"},{"data":"Flex","floor":42,"key":"SMITH"},{"floor":44,"key":"REST"},{"floor":49,"key":"REST"}],"neow_cost":"NONE","seed_source_timestamp":1032445298300285,"circlet_count":0,"master_deck":["Strike_R+1","Strike_R+1","Strike_R+1","Strike_R+1","Strike_R+1","Defend_R+1","Defend_R+1","Defend_R+1","Defend_R+1","Bash","Clash","Flex","Spot Weakness","Havoc","Flex","Metallicize","Flex+1","Inflame","Feel No Pain","Inflame","Flex","Limit Break+1","Dark Embrace","Shrug It Off","Wild Strike","Clothesline","Sword Boomerang+1","Sentinel","Thunderclap+1","Clash","Spot Weakness","Fiend Fire","Cleave+1","Havoc+1","Demon Form+1","Clash+1","Inflame+1","Heavy Blade","Limit Break"],"relics":["Burning Blood","WarpedTongs","Bag of Preparation","Charon\u0027s Ashes","Velvet Choker","Magic Flower","MutagenicStrength","Mercury Hourglass","Gremlin Horn","Runic Cube","Shuriken","Regal Pillow","Du-Vu Doll"],"potions_floor_usage":[8,23,48,50,50],"damage_taken":[{"damage":2,"enemies":"Small Slimes","floor":1,"turns":3},{"damage":2,"enemies":"Cultist","floor":4,"turns":2},{"damage":1,"enemies":"2 Louse","floor":5,"turns":3},{"damage":53,"enemies":"3 Sentries","floor":6,"turns":7},{"damage":16,"enemies":"Lots of Slimes","floor":7,"turns":6},{"damage":1,"enemies":"3 Louse","floor":8,"turns":3},{"damage":20,"enemies":"Lagavulin","floor":10,"turns":7},{"damage":36,"enemies":"The Guardian","floor":16,"turns":8},{"damage":26,"enemies":"Spheric Guardian","floor":18,"turns":5},{"damage":2,"enemies":"Chosen","floor":22,"turns":3},{"damage":37,"enemies":"Book of Stabbing","floor":23,"turns":5},{"damage":23,"enemies":"Gremlin Leader","floor":27,"turns":5},{"damage":15,"enemies":"Centurion and Healer","floor":28,"turns":4},{"damage":0,"enemies":"3 Cultists","floor":29,"turns":2},{"damage":5,"enemies":"Snake Plant","floor":31,"turns":3},{"damage":59,"enemies":"Champ","floor":33,"turns":9},{"damage":2,"enemies":"Orb Walker","floor":35,"turns":2},{"damage":0,"enemies":"3 Darklings","floor":38,"turns":2},{"damage":16,"enemies":"Spire Growth","floor":39,"turns":4},{"damage":34,"enemies":"Writhing Mass","floor":41,"turns":3},{"damage":15,"enemies":"Jaw Worm Horde","floor":45,"turns":4},{"damage":32,"enemies":"Maw","floor":47,"turns":6},{"damage":20,"enemies":"Nemesis","floor":48,"turns":5},{"damage":92,"enemies":"Awakened One","floor":50,"turns":6}],"seed_played":"2112499183777815980","potions_obtained":[{"floor":1,"key":"Strength Potion"},{"floor":5,"key":"EssenceOfSteel"},{"floor":6,"key":"Regen Potion"},{"floor":22,"key":"BloodPotion"},{"floor":27,"key":"LiquidBronze"},{"floor":31,"key":"Energy Potion"}],"is_trial":false,"path_per_floor":["M","?","$","M","M","E","M","M","T","E","R","$","R","?","R","B",null,"M","$","$","?","M","E","R","?","T","E","M","M","R","M","R","B",null,"M","?","$","M","M","R","M","R","T","R","M","?","M","E","R","B"],"character_chosen":"IRONCLAD","items_purchased":["Spot Weakness","Inflame","Flex","Wild Strike","Shuriken"],"campfire_rested":6,"item_purchase_floors":[3,12,12,20,37],"current_hp_per_floor":[80,80,80,80,80,33,23,37,37,23,23,23,47,47,71,41,80,60,60,60,60,64,41,65,65,65,51,45,54,54,58,80,30,80,80,80,80,80,73,73,48,48,48,80,74,74,51,40,79,0],"gold":178,"neow_bonus":"THREE_CARDS","is_prod":false,"is_daily":false,"chose_seed":false,"campfire_upgraded":3,"win_rate":0,"timestamp":1548041710,"path_taken":["M","?","?","M","M","E","M","M","T","E","R","$","R","?","R","BOSS","M","?","$","?","M","E","R","?","T","E","M","M","R","M","R","BOSS","M","?","$","M","M","R","?","R","T","R","M","?","M","E","R","BOSS"],"build_version":"2019-01-17v2","purchased_purges":1,"victory":false,"max_hp_per_floor":[80,80,80,80,80,80,80,80,80,80,80,80,80,80,80,80,80,80,80,80,80,80,80,80,80,80,80,80,80,80,80,80,80,80,80,80,80,80,80,80,80,80,80,80,80,80,80,80,80,80],"card_choices":[{"not_picked":["Armaments","Intimidate"],"picked":"Clash","floor":0},{"not_picked":["Cleave","Thunderclap"],"picked":"Flex","floor":1},{"not_picked":["Rupture","Sword Boomerang"],"picked":"Havoc","floor":4},{"not_picked":["Exhume","Sword Boomerang"],"picked":"Flex","floor":5},{"not_picked":["Body Slam","Pommel Strike"],"picked":"Metallicize","floor":6},{"not_picked":["Ghostly Armor","Clothesline"],"picked":"Flex","floor":7},{"not_picked":["Wild Strike","Rage"],"picked":"Inflame","floor":8},{"not_picked":["Intimidate","Combust"],"picked":"Feel No Pain","floor":10},{"not_picked":["Double Tap","Barricade"],"picked":"Dark Embrace","floor":16},{"not_picked":["Searing Blow","Battle Trance"],"picked":"Shrug It Off","floor":18},{"not_picked":["Armaments","Disarm"],"picked":"Clothesline","floor":22},{"not_picked":["Armaments+1","Perfected Strike"],"picked":"Sword Boomerang+1","floor":23},{"not_picked":["Exhume","Power Through"],"picked":"Sentinel","floor":27},{"not_picked":["Dropkick","Power Through"],"picked":"Thunderclap+1","floor":28},{"not_picked":["Blood for Blood","Bloodletting"],"picked":"Clash","floor":29},{"not_picked":["Infernal Blade","Havoc"],"picked":"Spot Weakness","floor":31},{"not_picked":["Immolate","Impervious"],"picked":"Fiend Fire","floor":33},{"not_picked":["Havoc+1","Clothesline+1"],"picked":"Cleave+1","floor":35},{"not_picked":["Reckless Charge+1","Wild Strike+1"],"picked":"Havoc+1","floor":38},{"not_picked":["Twin Strike+1","Carnage+1"],"picked":"Demon Form","floor":39},{"not_picked":["Clothesline","Havoc"],"picked":"Clash+1","floor":41},{"not_picked":["Headbutt+1","Thunderclap+1"],"picked":"Inflame+1","floor":45},{"not_picked":["Searing Blow","Entrench+1"],"picked":"Heavy Blade","floor":47},{"not_picked":["Evolve+1","Armaments"],"picked":"Limit Break","floor":48}],"player_experience":89278,"relics_obtained":[{"floor":6,"key":"Bag of Preparation"},{"floor":10,"key":"Charon\u0027s Ashes"},{"floor":23,"key":"Magic Flower"},{"floor":26,"key":"Mercury Hourglass"},{"floor":27,"key":"Gremlin Horn"},{"floor":43,"key":"Regal Pillow"},{"floor":48,"key":"Du-Vu Doll"}],"event_choices":[{"damage_healed":0,"gold_gain":0,"player_choice":"Rummage","damage_taken":0,"relics_obtained":["WarpedTongs"],"max_hp_gain":0,"max_hp_loss":0,"event_name":"Accursed Blacksmith","floor":2,"gold_loss":0,"cards_obtained":["Pain"]},{"damage_healed":0,"gold_gain":0,"player_choice":"1 cards matched","damage_taken":0,"max_hp_gain":0,"max_hp_loss":0,"event_name":"Match and Keep!","floor":14,"gold_loss":0,"cards_obtained":["Limit Break"]},{"damage_healed":0,"gold_gain":0,"player_choice":"Simplicity","damage_taken":0,"max_hp_gain":0,"max_hp_loss":0,"event_name":"Back to Basics","floor":21,"gold_loss":0,"cards_upgraded":["Strike_R","Strike_R","Strike_R","Strike_R","Strike_R","Defend_R","Defend_R","Defend_R","Defend_R"]},{"damage_healed":0,"gold_gain":0,"player_choice":"Inject Mutagens","damage_taken":0,"relics_obtained":["MutagenicStrength"],"max_hp_gain":0,"max_hp_loss":0,"event_name":"Drug Dealer","floor":25,"gold_loss":0},{"damage_healed":0,"gold_gain":0,"player_choice":"Bought 0 Potions","damage_taken":0,"max_hp_gain":0,"max_hp_loss":0,"event_name":"The Woman in Blue","floor":36,"gold_loss":0},{"damage_healed":0,"gold_gain":0,"player_choice":"Ignored","damage_taken":0,"max_hp_gain":0,"max_hp_loss":0,"event_name":"Mysterious Sphere","floor":46,"gold_loss":0}],"is_beta":false,"boss_relics":[{"not_picked":["Lizard Tail","Coffee Dripper"],"picked":"Velvet Choker"},{"not_picked":["Pandora\u0027s Box","Cursed Key"],"picked":"Runic Cube"}],"items_purged_floors":[19],"is_endless":false,"potions_floor_spawned":[1,5,6,7,22,27,29,31,38,39,41],"killed_by":"Awakened One","ascension_level":1}