{"gold_per_floor":[115,129,129,145,116,144,157,157,157,167,167,167,167,194,194,268,268,282,282,130,130,91,123,123,133,133,150,164,199,199,214,214,292,292,307,321,321],"floor_reached":37,"playtime":1548,"items_purged":["Strike_G+1"],"score":842,"play_id":"6f69e2d7-64ec-4bea-8888-64aadfdafe1a","local_time":"20181103013631","is_ascension_mode":true,"campfire_choices":[{"floor":8.0,"key":"REST"},{"floor":11.0,"key":"REST"},{"data":"Neutralize","floor":13.0,"key":"SMITH"},{"data":"Survivor","floor":15.0,"key":"SMITH"},{"floor":24.0,"key":"REST"},{"floor":30,"key":"REST"},{"floor":32,"key":"REST"}],"neow_cost":"NONE","seed_source_timestamp":104360321747914,"circlet_count":0,"master_deck":["AscendersBane","Defend_G+1","Defend_G+1","Defend_G+1","Defend_G+1","Defend_G+1","Strike_G+1","Strike_G+1","Strike_G+1","Survivor+1","Neutralize+1","Well Laid Plans","Cloak And Dagger","Noxious Fumes+1","Predator","Predator","A Thousand Cuts","Footwork","Noxious Fumes","Dodge and Roll+1","Tools of the Trade"],"special_seed":0,"relics":["Sozu","Mercury Hourglass","Question Card","Blood Vial","Busted Crown","Gambling Chip","Strawberry","Regal Pillow","Snecko Eye"],"potions_floor_usage":[],"damage_taken":[{"damage":0.0,"enemies":"Cultist","floor":1.0,"turns":4.0},{"damage":1.0,"enemies":"Small Slimes","floor":2.0,"turns":4.0},{"damage":2.0,"enemies":"2 Louse","floor":4.0,"turns":3.0},{"damage":4.0,"enemies":"Exordium Thugs","floor":5.0,"turns":4.0},{"damage":30.0,"enemies":"Lagavulin","floor":6.0,"turns":8.0},{"damage":1.0,"enemies":"Looter","floor":7.0,"turns":3.0},{"damage":10.0,"enemies":"Large Slime","floor":10.0,"turns":3.0},{"damage":6.0,"enemies":"Gremlin Nob","floor":14.0,"turns":3.0},{"damage":9.0,"enemies":"The Guardian","floor":16.0,"turns":10.0},{"damage":19.0,"enemies":"2 Thieves","floor":18.0,"turns":4.0},{"damage":40.0,"enemies":"Book of Stabbing","floor":23.0,"turns":6.0},{"damage":4.0,"enemies":"Shell Parasite","floor":25.0,"turns":5.0},{"damage":12.0,"enemies":"Shelled Parasite and Fungi","floor":27.0,"turns":5.0},{"damage":0.0,"enemies":"Snecko","floor":28.0,"turns":5.0},{"damage":43,"enemies":"Slavers","floor":29,"turns":7},{"damage":0,"enemies":"Centurion and Healer","floor":31,"turns":5},{"damage":12,"enemies":"Collector","floor":33,"turns":10},{"damage":26,"enemies":"3 Darklings","floor":35,"turns":4},{"damage":10,"enemies":"Orb Walker","floor":36,"turns":5},{"damage":44,"enemies":"Jaw Worm Horde","floor":37,"turns":3}],"seed_played":"-3792466615719240944","potions_obtained":[],"is_trial":false,"path_per_floor":["M","M","?","M","M","E","M","R","T","M","R","?","R","E","R","B",null,"M","?","$","?","$","E","R","M","T","M","M","E","R","M","R","B",null,"M","M","M"],"character_chosen":"THE_SILENT","items_purchased":["Footwork","Noxious Fumes"],"campfire_rested":5,"item_purchase_floors":[20,22],"current_hp_per_floor":[59,58,58,56,52,22,21,40,40,30,49,49,49,43,43,36,59,42,42,42,66,66,26,45,43,50,40,42,1,37,39,73,61,70,46,38,0],"gold":321,"neow_bonus":"BOSS_RELIC","is_prod":false,"is_daily":false,"chose_seed":false,"campfire_upgraded":2,"win_rate":0,"timestamp":1541234191,"path_taken":["M","?","?","M","M","E","M","R","T","?","R","?","R","E","R","BOSS","M","?","$","?","$","E","R","M","T","?","M","E","R","M","R","BOSS","M","M","M"],"build_version":"2018-11-01","purchased_purges":1,"victory":false,"max_hp_per_floor":[66,66,66,66,66,66,66,66,66,66,66,66,66,66,66,66,66,66,66,66,66,66,66,66,66,73,73,73,73,73,73,73,73,73,73,73,73],"card_choices":[{"not_picked":["Dodge and Roll","Quick Slash"],"picked":"Well Laid Plans","floor":1.0},{"not_picked":["Dagger Spray","Flechettes"],"picked":"Cloak And Dagger","floor":2.0},{"not_picked":["Prepared","Bane","Dagger Spray"],"picked":"SKIP","floor":4.0},{"not_picked":["Distraction","Accuracy"],"picked":"Noxious Fumes","floor":5.0},{"not_picked":["Calculated Gamble","Deflect","Accuracy"],"picked":"SKIP","floor":6.0},{"not_picked":["PiercingWail","Poisoned Stab"],"picked":"Predator","floor":7.0},{"not_picked":["Tactician","Caltrops","Deflect"],"picked":"Predator","floor":10.0},{"not_picked":["Acrobatics","Wraith Form v2","Prepared","Riddle With Holes"],"picked":"SKIP","floor":14.0},{"not_picked":["Wraith Form v2","Venomology","Glass Knife"],"picked":"A Thousand Cuts","floor":16.0},{"not_picked":["Bane","Deflect"],"picked":"SKIP","floor":18.0},{"not_picked":["Flying Knee","Deadly Poison"],"picked":"SKIP","floor":23.0},{"not_picked":["Sucker Punch","PiercingWail"],"picked":"SKIP","floor":25.0},{"not_picked":["Flechettes"],"picked":"Dodge and Roll+1","floor":27.0},{"not_picked":["Quick Slash","Setup"],"picked":"SKIP","floor":28.0},{"not_picked":["Distraction","Bane"],"picked":"SKIP","floor":29},{"not_picked":["Caltrops","Bane"],"picked":"SKIP","floor":31},{"not_picked":["Phantasmal Killer"],"picked":"Tools of the Trade","floor":33},{"not_picked":["Accuracy","Slice"],"picked":"SKIP","floor":35},{"not_picked":["Concentrate+1","Choke"],"picked":"SKIP","floor":36}],"player_experience":595446,"relics_obtained":[{"floor":6.0,"key":"Mercury Hourglass"},{"floor":9.0,"key":"Question Card"},{"floor":14.0,"key":"Blood Vial"},{"floor":23.0,"key":"Gambling Chip"},{"floor":26.0,"key":"Strawberry"},{"floor":29,"key":"Regal Pillow"}],"event_choices":[{"damage_healed":0.0,"max_hp_gain":0.0,"max_hp_loss":0.0,"gold_gain":0.0,"cards_transformed":["Strike_G"],"event_name":"Transmorgrifier","player_choice":"Transformed","floor":3.0,"gold_loss":0.0,"damage_taken":0.0,"cards_obtained":["All Out Attack"]},{"damage_healed":0.0,"max_hp_gain":0.0,"max_hp_loss":0.0,"gold_gain":0.0,"event_name":"Upgrade Shrine","player_choice":"Upgraded","floor":12.0,"gold_loss":0.0,"damage_taken":0.0,"cards_upgraded":["Noxious Fumes"]},{"damage_healed":0.0,"max_hp_gain":0.0,"max_hp_loss":0.0,"gold_gain":0.0,"event_name":"Back to Basics","player_choice":"Simplicity","floor":19.0,"gold_loss":0.0,"damage_taken":0.0,"cards_upgraded":["Defend_G","Defend_G","Defend_G","Defend_G","Defend_G","Strike_G","Strike_G","Strike_G","Strike_G"]},{"cards_removed":["All Out Attack"],"damage_healed":24.0,"max_hp_gain":0.0,"max_hp_loss":0.0,"gold_gain":0.0,"event_name":"Bonfire Elementals","player_choice":"Offered Uncommon","floor":21.0,"gold_loss":0.0,"damage_taken":0.0}],"is_beta":false,"boss_relics":[{"not_picked":["Eternal Feather","Astrolabe"],"picked":"Busted Crown"},{"not_picked":["HoveringKite","Black Star"],"picked":"Snecko Eye"}],"items_purged_floors":[20],"is_endless":false,"potions_floor_spawned":[1,2,4,7,16,18,27,28,29,35,36],"killed_by":"Jaw Worm Horde","ascension_level":20}