{"gold_per_floor":[116,132,34,52,52,81,2,2,26,57,72,83,83,146,146,246,246,256,256,272,272,284,284],"floor_reached":23,"playtime":1558,"items_purged":["Strike_B"],"score":319,"play_id":"79cce962-34f9-4bab-b8f9-bc5c9f2db044","local_time":"20190131210407","is_ascension_mode":true,"campfire_choices":[{"data":"Zap","floor":8.0,"key":"SMITH"},{"floor":13.0,"key":"REST"},{"data":"Dualcast","floor":15.0,"key":"SMITH"}],"neow_cost":"TEN_PERCENT_HP_LOSS","seed_source_timestamp":664145392825518,"circlet_count":0,"master_deck":["Strike_B+1","Defend_B","Defend_B","Defend_B","Defend_B+1","Zap+1","Dualcast+1","Echo Form","Gash","Cold Snap","Cold Snap","Rip and Tear","Steam","BootSequence","Ball Lightning","Conserve Battery","Beam Cell","Sweeping Beam","Machine Learning","Doom and Gloom","Self Repair","Amplify","Compile Driver","Skim+1"],"special_seed":0,"relics":["Cracked Core","Orichalcum","Dodecahedron","Tiny Chest","Nuclear Battery"],"potions_floor_usage":[18,23],"damage_taken":[{"damage":1.0,"enemies":"Cultist","floor":1.0,"turns":4.0},{"damage":7.0,"enemies":"Small Slimes","floor":2.0,"turns":3.0},{"damage":1.0,"enemies":"2 Louse","floor":4.0,"turns":3.0},{"damage":20.0,"enemies":"3 Sentries","floor":6.0,"turns":8.0},{"damage":24.0,"enemies":"Gremlin Nob","floor":10.0,"turns":5.0},{"damage":0.0,"enemies":"Blue Slaver","floor":11.0,"turns":3.0},{"damage":0.0,"enemies":"Exordium Wildlife","floor":12.0,"turns":3.0},{"damage":0.0,"enemies":"Lagavulin","floor":14.0,"turns":5.0},{"damage":20.0,"enemies":"Slime Boss","floor":16.0,"turns":9.0},{"damage":6,"enemies":"3 Byrds","floor":18,"turns":3},{"damage":5,"enemies":"Spheric Guardian","floor":20,"turns":4},{"damage":9,"enemies":"Centurion and Healer","floor":22,"turns":7},{"damage":53,"enemies":"Gremlin Leader","floor":23,"turns":6}],"seed_played":"-2576181215441228272","potions_obtained":[{"floor":1.0,"key":"EssenceOfSteel"},{"floor":4.0,"key":"Dexterity Potion"},{"floor":6.0,"key":"LiquidBronze"},{"floor":10.0,"key":"FearPotion"},{"floor":12.0,"key":"GamblersBrew"},{"floor":22,"key":"Block Potion"}],"is_trial":false,"path_per_floor":["M","M","$","M","?","E","$","R","T","E","M","M","R","E","R","B",null,"M","?","M","?","M","E"],"character_chosen":"DEFECT","items_purchased":["Cold Snap","BootSequence"],"campfire_rested":1,"item_purchase_floors":[3,7],"current_hp_per_floor":[67,60,60,59,45,25,25,25,25,1,1,1,21,21,21,1,51,45,45,40,40,45,0],"gold":284,"neow_bonus":"THREE_RARE_CARDS","is_prod":false,"is_daily":false,"chose_seed":false,"campfire_upgraded":2,"win_rate":0,"timestamp":1548986647,"path_taken":["M","?","?","?","?","E","$","R","T","E","M","M","R","E","R","BOSS","M","?","M","?","M","E"],"build_version":"2019-01-23","purchased_purges":1,"victory":false,"max_hp_per_floor":[68,68,68,68,68,68,68,68,68,68,68,68,68,68,68,68,68,68,68,68,68,68,68],"card_choices":[{"not_picked":["Amplify","Fission"],"picked":"Echo Form","floor":0.0},{"not_picked":["Consume","Steam"],"picked":"Gash","floor":1.0},{"not_picked":["Rebound","Chaos"],"picked":"Cold Snap","floor":2.0},{"not_picked":["Ball Lightning","Lockon"],"picked":"Rip and Tear","floor":4.0},{"not_picked":["Sunder","Fusion"],"picked":"Steam","floor":6.0},{"not_picked":["Go for the Eyes","Recycle"],"picked":"Ball Lightning","floor":10.0},{"not_picked":["Consume","Rip and Tear"],"picked":"Conserve Battery","floor":11.0},{"not_picked":["Recycle","Cold Snap"],"picked":"Beam Cell","floor":12.0},{"not_picked":["Force Field","Streamline"],"picked":"Sweeping Beam","floor":14.0},{"not_picked":["Rainbow","Core Surge"],"picked":"Machine Learning","floor":16.0},{"not_picked":["FTL","Sweeping Beam"],"picked":"Doom and Gloom","floor":18},{"not_picked":["Stack+1","Beam Cell+1"],"picked":"Self Repair","floor":20},{"not_picked":["Redo","Turbo"],"picked":"Skim+1","floor":22}],"player_experience":288402,"relics_obtained":[{"floor":6.0,"key":"Orichalcum"},{"floor":10.0,"key":"Dodecahedron"},{"floor":14.0,"key":"Tiny Chest"}],"event_choices":[{"damage_healed":0.0,"max_hp_gain":0.0,"max_hp_loss":0.0,"gold_gain":0.0,"event_name":"Shining Light","player_choice":"Entered Light","floor":5.0,"gold_loss":0.0,"damage_taken":14.0,"cards_upgraded":["Defend_B","Strike_B"]},{"damage_healed":0,"gold_gain":0,"player_choice":"Ignored","damage_taken":0,"max_hp_gain":0,"max_hp_loss":0,"event_name":"Vampires","floor":19,"gold_loss":0},{"damage_healed":0,"gold_gain":0,"cards_transformed":["Strike_B","Strike_B"],"player_choice":"Became Test Subject","damage_taken":0,"max_hp_gain":0,"max_hp_loss":0,"event_name":"Drug Dealer","floor":21,"gold_loss":0,"cards_obtained":["Amplify","Compile Driver"]}],"is_beta":false,"boss_relics":[{"not_picked":["Orrery","Tiny House"],"picked":"Nuclear Battery"}],"items_purged_floors":[3],"is_endless":false,"potions_floor_spawned":[1,4,6,10,12,22],"killed_by":"Gremlin Leader","ascension_level":7}