{"path_per_floor":["M","$","M","M","M","E","R","E","T","?","R","M","M","M","R","B",null,"M","M","?","M","M","R","$"],"character_chosen":"IRONCLAD","items_purchased":["Anger","Feel No Pain","Oddly Smooth Stone"],"gold_per_floor":[114,64,83,97,115,147,147,177,177,137,137,153,173,185,185,283,283,297,307,307,324,342,342,106,106],"floor_reached":25,"campfire_rested":0,"playtime":1344,"current_hp_per_floor":[78,78,80,80,75,54,54,31,31,31,31,23,31,37,37,54,74,80,66,66,63,32,32,32,0],"items_purged":[],"gold":106,"score":326,"play_id":"10e2ca81-d1b5-4b81-a6c1-ccae06509e6d","local_time":"20180420222808","is_prod":false,"is_daily":false,"chose_seed":false,"is_ascension_mode":true,"campfire_upgraded":1,"timestamp":1524256088,"path_taken":["M","$","M","M","M","E","R","E","T","?","R","M","M","?","R","BOSS","M","M","?","M","M","R","$","E"],"build_version":"2018-04-19","seed_source_timestamp":274014101103608,"purchased_purges":0,"victory":false,"master_deck":["Strike_R","Strike_R","Defend_R","Defend_R","Defend_R","Defend_R","Bash","AscendersBane","Disarm","Anger","True Grit","Clothesline+1","Flame Barrier","Iron Wave","Evolve","Sword Boomerang","Power Through","Limit Break","Inflame+1","Limit Break+1","Seeing Red+1","Second Wind+1","Wild Strike+1","Feel No Pain"],"max_hp_per_floor":[80,80,80,80,80,80,80,80,80,80,80,80,80,80,80,80,80,80,80,80,80,80,80,80,80],"relics":["Burning Blood","NeowsBlessing","Blood Vial","Shovel","Sundial","Du-Vu Doll","Gremlin Horn","Astrolabe","Kunai","Oddly Smooth Stone"],"card_choices":[{"not_picked":["Clash","Searing Blow"],"picked":"Disarm","floor":1},{"not_picked":["Armaments","Anger"],"picked":"True Grit","floor":3},{"not_picked":["Shockwave","Armaments"],"picked":"Clothesline","floor":4},{"not_picked":["Anger","Armaments"],"picked":"Flame Barrier","floor":5},{"not_picked":["Havoc","Warcry"],"picked":"Iron Wave","floor":6},{"not_picked":["Infernal Blade","Havoc"],"picked":"Evolve","floor":8},{"not_picked":["Rupture","Iron Wave"],"picked":"Sword Boomerang","floor":13},{"not_picked":["Iron Wave","Pommel Strike"],"picked":"Power Through","floor":14},{"not_picked":["Berserk","Reaper"],"picked":"Limit Break","floor":16},{"not_picked":["Clothesline","Rupture"],"picked":"Second Wind","floor":21},{"not_picked":["True Grit","Body Slam"],"picked":"Wild Strike","floor":22}],"player_experience":375826,"potions_floor_usage":[6,8,16,18,21,22,22],"damage_taken":[{"damage":0,"enemies":"2 Louse","floor":1,"turns":1},{"damage":0,"enemies":"Cultist","floor":3,"turns":1},{"damage":0,"enemies":"Jaw Worm","floor":4,"turns":1},{"damage":11,"enemies":"Blue Slaver","floor":5,"turns":4},{"damage":27,"enemies":"3 Sentries","floor":6,"turns":11},{"damage":31,"enemies":"Gremlin Nob","floor":8,"turns":6},{"damage":16,"enemies":"Exordium Thugs","floor":12,"turns":5},{"damage":0,"enemies":"Large Slime","floor":13,"turns":5},{"damage":2,"enemies":"2 Fungi Beasts","floor":14,"turns":4},{"damage":6,"enemies":"Slime Boss","floor":16,"turns":10},{"damage":0,"enemies":"Chosen","floor":18,"turns":5},{"damage":20,"enemies":"Spheric Guardian","floor":19,"turns":5},{"damage":11,"enemies":"Centurion and Healer","floor":21,"turns":7},{"damage":39,"enemies":"Sentry and Sphere","floor":22,"turns":4},{"damage":43,"enemies":"Slavers","floor":25,"turns":3}],"event_choices":[{"event_name":"The Woman in Blue","player_choice":"Bought 3 Potions","floor":10,"damage_taken":0},{"event_name":"Vampires","player_choice":"Ignored","floor":20,"damage_taken":0}],"boss_relics":[{"not_picked":["Black Star","Black Blood"],"picked":"Astrolabe"}],"potions_floor_spawned":[3,6,16,19,22],"seed_played":"545391673959661484","killed_by":"Slavers","ascension_level":10,"is_trial":false}