{"gold_per_floor":[115,57,57,71,81,81,93,93,117,57],"floor_reached":10,"playtime":259,"items_purged":[],"score":116,"play_id":"29efb59a-f405-4efd-82fb-a76450b6d6e1","local_time":"20190207003155","is_ascension_mode":true,"campfire_choices":[{"data":"Darkness","floor":6,"key":"SMITH"}],"neow_cost":"NONE","seed_source_timestamp":52809557327100,"circlet_count":0,"master_deck":["AscendersBane","Strike_B","Strike_B","Strike_B","Strike_B","Defend_B","Defend_B","Defend_B","Defend_B","Zap","Dualcast","Skim","Beam Cell","Leap","Darkness+1","Ball Lightning"],"relics":["Philosopher\u0027s Stone","Potion Belt","Omamori"],"potions_floor_usage":[10,10],"damage_taken":[{"damage":3,"enemies":"Small Slimes","floor":1,"turns":4},{"damage":3,"enemies":"2 Louse","floor":4,"turns":4},{"damage":3,"enemies":"Jaw Worm","floor":5,"turns":3},{"damage":3,"enemies":"Looter","floor":7,"turns":2},{"damage":22,"enemies":"Exordium Thugs","floor":10,"turns":3}],"seed_played":"-435224716133386723","potions_obtained":[{"floor":1,"key":"FearPotion"},{"floor":4,"key":"SkillPotion"}],"is_trial":false,"path_per_floor":["M","$","?","M","M","R","M","?","T","M"],"character_chosen":"DEFECT","items_purchased":["Beam Cell"],"campfire_rested":0,"item_purchase_floors":[2],"current_hp_per_floor":[61,61,26,23,20,20,17,17,17,0],"gold":57,"neow_bonus":"BOSS_RELIC","is_prod":false,"is_daily":false,"chose_seed":false,"campfire_upgraded":1,"win_rate":0,"timestamp":1549528315,"path_taken":["M","$","?","M","M","R","M","?","T","M"],"build_version":"2019-01-23","purchased_purges":0,"victory":false,"max_hp_per_floor":[71,71,71,71,71,71,71,71,71,71],"card_choices":[{"not_picked":["Double Energy","Beam Cell"],"picked":"Skim","floor":1},{"not_picked":["Conserve Battery","Barrage"],"picked":"Leap","floor":4},{"not_picked":["Storm","Beam Cell"],"picked":"Darkness","floor":5},{"not_picked":["Coolheaded","Compile Driver"],"picked":"Ball Lightning","floor":7}],"player_experience":649972,"relics_obtained":[{"floor":9,"key":"Omamori"}],"event_choices":[{"damage_healed":0,"gold_gain":0,"player_choice":"Success","damage_taken":35,"relics_obtained":["Potion Belt"],"max_hp_gain":0,"max_hp_loss":0,"event_name":"Scrap Ooze","floor":3,"gold_loss":0},{"damage_healed":0,"gold_gain":0,"player_choice":"Ignored","damage_taken":0,"max_hp_gain":0,"max_hp_loss":0,"event_name":"Liars Game","floor":8,"gold_loss":0}],"is_beta":false,"boss_relics":[],"items_purged_floors":[],"is_endless":false,"potions_floor_spawned":[1,4],"killed_by":"Exordium Thugs","ascension_level":20}