{"gold_per_floor":[109,30,48,63,14,45,45,58,58,92,92,112,125,125,125,248,248,267,283,37,52,68,68,68],"floor_reached":24,"playtime":1029,"items_purged":[],"score":221,"play_id":"0f9830eb-ade0-455c-9e3a-bf2c40f98288","local_time":"20181021211220","is_ascension_mode":true,"campfire_choices":[{"floor":7,"key":"REST"},{"floor":11,"key":"REST"},{"floor":15,"key":"REST"},{"floor":23,"key":"REST"}],"neow_cost":"NONE","seed_source_timestamp":113206094611179,"circlet_count":0,"master_deck":["Defend_G","Defend_G","Defend_G","Defend_G","Defend_G","Strike_G","Strike_G","Strike_G","Strike_G","Strike_G","Survivor","Neutralize","Caltrops","Caltrops","Deadly Poison","Burst","Deadly Poison","Terror","Poisoned Stab","Noxious Fumes","Caltrops","Venomology","Backflip","Bane","Outmaneuver+1"],"relics":["Fusion Hammer","Calipers","Bottled Tornado","Pantograph","Golden Idol","White Beast Statue","Toxic Egg 2"],"potions_floor_usage":[10,18,18,19,19,21,21,22,22,24,24,24],"damage_taken":[{"damage":0,"enemies":"Cultist","floor":1,"turns":4},{"damage":3,"enemies":"Jaw Worm","floor":3,"turns":5},{"damage":0,"enemies":"2 Louse","floor":4,"turns":2},{"damage":13,"enemies":"Lagavulin","floor":6,"turns":6},{"damage":1,"enemies":"2 Fungi Beasts","floor":8,"turns":4},{"damage":21,"enemies":"Gremlin Nob","floor":10,"turns":4},{"damage":12,"enemies":"Large Slime","floor":12,"turns":6},{"damage":10,"enemies":"Looter","floor":13,"turns":4},{"damage":36,"enemies":"Hexaghost","floor":16,"turns":7},{"damage":18,"enemies":"Spheric Guardian","floor":18,"turns":5},{"damage":3,"enemies":"3 Byrds","floor":19,"turns":3},{"damage":19,"enemies":"Centurion and Healer","floor":21,"turns":7},{"damage":21,"enemies":"Cultist and Chosen","floor":22,"turns":5},{"damage":43,"enemies":"Slavers","floor":24,"turns":4}],"seed_played":"6804134559626715580","potions_obtained":[{"floor":1,"key":"EssenceOfSteel"},{"floor":3,"key":"Fire Potion"},{"floor":8,"key":"Explosive Potion"},{"floor":12,"key":"Energy Potion"},{"floor":18,"key":"EssenceOfSteel"},{"floor":19,"key":"SpeedPotion"},{"floor":21,"key":"FairyPotion"},{"floor":22,"key":"Ancient Potion"}],"is_trial":false,"path_per_floor":["M","$","M","M","$","E","R","M","T","E","R","M","M","?","R","B",null,"M","M","$","M","M","R"],"character_chosen":"THE_SILENT","items_purchased":["Caltrops","Deadly Poison","Toxic Egg 2"],"campfire_rested":4,"item_purchase_floors":[2,5,20],"current_hp_per_floor":[70,70,67,67,67,54,70,69,69,48,69,57,47,30,51,34,70,52,49,49,30,9,30,0],"gold":68,"neow_bonus":"BOSS_RELIC","is_prod":false,"is_daily":false,"chose_seed":false,"campfire_upgraded":0,"win_rate":0,"timestamp":1540181540,"path_taken":["M","?","?","M","$","E","R","M","T","E","R","M","M","?","R","BOSS","M","M","$","M","M","R","E"],"build_version":"2018-10-18","purchased_purges":0,"victory":false,"max_hp_per_floor":[70,70,70,70,70,70,70,70,70,70,70,70,70,70,70,70,70,70,70,70,70,70,70,70],"card_choices":[{"not_picked":["Setup","Deflect"],"picked":"Caltrops","floor":1},{"not_picked":["Bane","Prepared"],"picked":"Deadly Poison","floor":3},{"not_picked":["PiercingWail","Choke"],"picked":"Burst","floor":4},{"not_picked":["Underhanded Strike","Cloak And Dagger"],"picked":"Terror","floor":6},{"not_picked":["Accuracy","Deadly Poison"],"picked":"Poisoned Stab","floor":8},{"not_picked":["Flechettes","Accuracy"],"picked":"Noxious Fumes","floor":10},{"not_picked":["Sucker Punch","Dagger Throw","Underhanded Strike"],"picked":"SKIP","floor":12},{"not_picked":["Reflex","Sucker Punch"],"picked":"Caltrops","floor":13},{"not_picked":["Storm of Steel","Burst"],"picked":"Venomology","floor":16},{"not_picked":["Skewer","Sucker Punch","Blade Dance"],"picked":"SKIP","floor":18},{"not_picked":["Tactician","Outmaneuver"],"picked":"Backflip","floor":19},{"not_picked":["Accuracy","Expertise+1"],"picked":"Bane","floor":21},{"not_picked":["Accuracy","Riddle With Holes+1"],"picked":"Outmaneuver+1","floor":22}],"player_experience":317028,"relics_obtained":[{"floor":6,"key":"Calipers"},{"floor":9,"key":"Bottled Tornado"},{"floor":10,"key":"Pantograph"}],"event_choices":[{"damage_healed":0,"gold_gain":0,"player_choice":"Take Damage","damage_taken":17,"relics_obtained":["Golden Idol"],"max_hp_gain":0,"max_hp_loss":0,"event_name":"Golden Idol","floor":14,"gold_loss":0}],"is_beta":false,"boss_relics":[{"not_picked":["HoveringKite","WristBlade"],"picked":"White Beast Statue"}],"items_purged_floors":[],"is_endless":false,"potions_floor_spawned":[1,3,8,12,18,19,21,22],"killed_by":"Slavers","ascension_level":1}