{"gold_per_floor":[111,111,131,56,231,231,266,285,285,285,285,297,307,307],"floor_reached":14,"playtime":961,"items_purged":["Strike_G"],"score":99,"play_id":"d3946dbc-5c82-4b0d-8ab7-b8686a65ea1d","local_time":"20190303133108","is_ascension_mode":true,"campfire_choices":[{"data":"Well Laid Plans","floor":6,"key":"SMITH"},{"data":"Survivor","floor":10,"key":"SMITH"}],"neow_cost":"NONE","seed_source_timestamp":1539445937763267,"circlet_count":0,"master_deck":["Defend_G","Defend_G","Defend_G","Defend_G","Strike_G","Strike_G","Strike_G","Strike_G","Survivor+1","Neutralize+1","Well Laid Plans+1","Backstab"],"relics":["Ring of the Snake","Paper Crane","Gremlin Horn"],"potions_floor_usage":[7,7],"damage_taken":[{"damage":10,"enemies":"Jaw Worm","floor":1,"turns":7},{"damage":2,"enemies":"Small Slimes","floor":3,"turns":4},{"damage":20,"enemies":"Lagavulin","floor":7,"turns":9},{"damage":0,"enemies":"Cultist","floor":8,"turns":5},{"damage":0,"enemies":"2 Fungi Beasts","floor":12,"turns":4},{"damage":0,"enemies":"Blue Slaver","floor":13,"turns":4},{"damage":38,"enemies":"3 Sentries","floor":14,"turns":9}],"seed_played":"-5788344675563812033","potions_obtained":[{"floor":1,"key":"Ancient Potion"},{"floor":3,"key":"Poison Potion"},{"floor":12,"key":"Strength Potion"}],"is_trial":false,"path_per_floor":["M","?","M","$","?","R","E","M","T","R","?","M","M","E"],"character_chosen":"THE_SILENT","items_purchased":[],"campfire_rested":0,"item_purchase_floors":[],"current_hp_per_floor":[60,60,58,58,58,58,38,38,38,38,38,38,38,0],"gold":307,"neow_bonus":"UPGRADE_CARD","is_prod":false,"is_daily":false,"chose_seed":false,"campfire_upgraded":2,"win_rate":0,"timestamp":1551648668,"path_taken":["M","?","M","$","?","R","E","M","T","R","?","M","?","E"],"build_version":"2019-01-23","purchased_purges":1,"victory":false,"max_hp_per_floor":[70,70,70,70,70,70,70,70,70,70,70,70,70,70],"card_choices":[{"not_picked":["Eviscerate","Dodge and Roll","Deadly Poison"],"picked":"SKIP","floor":1},{"not_picked":["Outmaneuver","Blade Dance"],"picked":"Well Laid Plans","floor":3},{"not_picked":["Outmaneuver","Dodge and Roll","Glass Knife"],"picked":"SKIP","floor":7},{"not_picked":["Blade Dance","Bane","Deflect"],"picked":"SKIP","floor":8},{"not_picked":["Dodge and Roll","PiercingWail","Slice"],"picked":"SKIP","floor":12},{"not_picked":["Bane","Riddle With Holes"],"picked":"Backstab","floor":13}],"player_experience":197986,"relics_obtained":[{"floor":7,"key":"Paper Crane"},{"floor":9,"key":"Gremlin Horn"}],"event_choices":[{"cards_removed":["Defend_G"],"damage_healed":0,"gold_gain":0,"player_choice":"Forget","damage_taken":0,"max_hp_gain":0,"max_hp_loss":0,"event_name":"Living Wall","floor":2,"gold_loss":0},{"damage_healed":0,"gold_gain":175,"player_choice":"AGREE","damage_taken":0,"max_hp_gain":0,"max_hp_loss":0,"event_name":"Liars Game","floor":5,"gold_loss":0,"cards_obtained":["Doubt"]},{"cards_removed":["Doubt"],"damage_healed":0,"gold_gain":0,"player_choice":"Removed Curses","damage_taken":0,"max_hp_gain":0,"max_hp_loss":0,"event_name":"Fountain of Cleansing","floor":11,"gold_loss":0}],"is_beta":false,"boss_relics":[],"items_purged_floors":[4],"is_endless":false,"potions_floor_spawned":[1,3,12],"killed_by":"3 Sentries","ascension_level":2}