{"path_per_floor":["M","M","M","?","M","R","M","$","T","M","M","T","R","M","R","B",null,"M","?","M","M","?","R","?","M","T"],"character_chosen":"DEFECT","items_purchased":["Loop"],"gold_per_floor":[113,129,141,91,108,108,120,49,49,65,83,83,83,96,96,196,196,211,211,225,240,240,240,240,250,250,250],"floor_reached":27,"campfire_rested":2,"playtime":1100,"item_purchase_floors":[8],"current_hp_per_floor":[74,71,70,70,58,58,52,52,52,52,46,46,68,65,65,31,75,68,52,46,10,10,32,32,3,3,0],"items_purged":[],"gold":250,"score":209,"play_id":"9969233c-3ccd-4971-b48c-bc400026e55b","local_time":"20180526100400","is_prod":false,"is_daily":false,"chose_seed":false,"is_ascension_mode":false,"campfire_upgraded":2,"win_rate":0,"timestamp":1527293040,"campfire_choices":[{"data":"Zap","floor":6,"key":"SMITH"},{"floor":13,"key":"REST"},{"data":"Loop","floor":15,"key":"SMITH"},{"floor":23,"key":"REST"}],"path_taken":["M","M","?","?","M","R","M","?","T","M","M","?","R","M","R","BOSS","M","?","?","M","?","R","?","?","T","M"],"build_version":"2018-05-24","seed_source_timestamp":2824782188759,"purchased_purges":0,"victory":false,"master_deck":["Zap+1","Dualcast","Ball Lightning","Chill","Auto Shields","Coolheaded","Darkness","Loop+1","Steam","Echo Form","Cold Snap","Rainbow","Rip and Tear","Beam Cell","Steam","Redo","Leap","Auto Shields","Beam Cell","Cold Snap","Capacitor"],"max_hp_per_floor":[75,75,75,75,75,75,75,75,75,75,75,75,75,75,75,75,75,75,75,75,75,75,75,75,75,75,75],"relics":["Cracked Core","Sundial","Pen Nib","Pandora\u0027s Box","Nilry\u0027s Codex","Question Card"],"card_choices":[{"not_picked":["Streamline","Leap"],"picked":"Ball Lightning","floor":1},{"not_picked":["Go for the Eyes","Gash"],"picked":"Chill","floor":2},{"not_picked":["Barrage","Coolheaded"],"picked":"Auto Shields","floor":3},{"not_picked":["Rip and Tear","Self Repair"],"picked":"Coolheaded","floor":5},{"not_picked":["Leap","Barrage"],"picked":"Darkness","floor":7},{"not_picked":["Consume","Rebound"],"picked":"Steam","floor":10},{"not_picked":["Double Energy","Sweeping Beam"],"picked":"Echo Form","floor":11},{"not_picked":["Coolheaded","Consume"],"picked":"Cold Snap","floor":14},{"not_picked":["Core Surge","Seek"],"picked":"Rainbow","floor":16},{"not_picked":["Reinforced Body","Turbo"],"picked":"Auto Shields","floor":18},{"not_picked":["Cold Snap","Turbo"],"picked":"Beam Cell","floor":20},{"not_picked":["Reprogram","Force Field"],"picked":"Cold Snap","floor":21},{"not_picked":["Steam","Barrage+1"],"picked":"Capacitor","floor":25}],"player_experience":236168,"potions_floor_usage":[5,18,18,25],"damage_taken":[{"damage":1,"enemies":"Cultist","floor":1,"turns":3},{"damage":3,"enemies":"Small Slimes","floor":2,"turns":3},{"damage":1,"enemies":"Jaw Worm","floor":3,"turns":3},{"damage":12,"enemies":"Gremlin Gang","floor":5,"turns":4},{"damage":6,"enemies":"Exordium Thugs","floor":7,"turns":5},{"damage":0,"enemies":"Blue Slaver","floor":10,"turns":2},{"damage":6,"enemies":"Large Slime","floor":11,"turns":5},{"damage":3,"enemies":"Looter","floor":14,"turns":3},{"damage":34,"enemies":"Slime Boss","floor":16,"turns":8},{"damage":7,"enemies":"2 Thieves","floor":18,"turns":4},{"damage":6,"enemies":"Shell Parasite","floor":20,"turns":6},{"damage":36,"enemies":"Centurion and Healer","floor":21,"turns":8},{"damage":29,"enemies":"Snecko","floor":25,"turns":5},{"damage":7,"enemies":"Snake Plant","floor":27,"turns":1}],"relics_obtained":[{"floor":9,"key":"Sundial"},{"floor":12,"key":"Pen Nib"},{"floor":19,"key":"Nilry\u0027s Codex"},{"floor":26,"key":"Question Card"}],"event_choices":[{"event_name":"The Cleric","player_choice":"Card Removal","floor":4,"damage_taken":0},{"event_name":"Cursed Tome","player_choice":"Obtained Book","floor":19,"damage_taken":0},{"event_name":"Drug Dealer","player_choice":"Ignored","floor":22,"damage_taken":0},{"event_name":"Back to Basics","player_choice":"Elegance","floor":24,"damage_taken":0}],"boss_relics":[{"not_picked":["Calling Bell","Snecko Eye"],"picked":"Pandora\u0027s Box"}],"items_purged_floors":[],"potions_floor_spawned":[2,10,16,21],"seed_played":"-230395548095963736","killed_by":"Snake Plant","ascension_level":0,"potions_obtained":[{"floor":2,"key":"EssenceOfSteel"},{"floor":10,"key":"Weak Potion"},{"floor":16,"key":"Fire Potion"},{"floor":21,"key":"SkillPotion"}],"is_trial":false}