{"gold_per_floor":[112,112,112,130,76,76,76,101,101,101,137,137,137,137,137,137],"floor_reached":16,"playtime":592,"items_purged":[],"score":178,"play_id":"c612c0cf-0de0-4780-bcb7-90aabfd3abae","local_time":"20190127054209","is_ascension_mode":true,"campfire_choices":[{"data":"Zap","floor":6,"key":"SMITH"},{"floor":13,"key":"REST"},{"floor":15,"key":"REST"}],"neow_cost":"NONE","seed_source_timestamp":759413919815898,"circlet_count":0,"master_deck":["AscendersBane","Strike_B+1","Strike_B","Strike_B","Strike_B","Defend_B","Defend_B","Defend_B","Defend_B+1","Zap+1","Dualcast","Tempest","Reinforced Body","Cold Snap","BootSequence","Cold Snap"],"relics":["Cracked Core","Ancient Tea Set","Golden Idol","Omamori","Symbiotic Virus","Dodecahedron"],"potions_floor_usage":[11,11],"damage_taken":[{"damage":1,"enemies":"Cultist","floor":1,"turns":3},{"damage":4,"enemies":"Jaw Worm","floor":4,"turns":4},{"damage":0,"enemies":"Small Slimes","floor":8,"turns":3},{"damage":20,"enemies":"3 Sentries","floor":11,"turns":6},{"damage":62,"enemies":"Slime Boss","floor":16,"turns":12}],"seed_played":"4324330165272494494","potions_obtained":[{"floor":3,"key":"PowerPotion"},{"floor":3,"key":"Ancient Potion"},{"floor":4,"key":"Dexterity Potion"}],"is_trial":false,"path_per_floor":["M","?","?","M","$","R","$","M","T","?","E","?","R","T","R","B"],"character_chosen":"DEFECT","items_purchased":["Cold Snap"],"campfire_rested":2,"item_purchase_floors":[5],"current_hp_per_floor":[63,63,63,59,59,59,59,59,59,59,39,18,39,39,60,0],"gold":137,"neow_bonus":"RANDOM_COMMON_RELIC","is_prod":false,"is_daily":false,"chose_seed":false,"campfire_upgraded":1,"win_rate":0,"timestamp":1548564129,"path_taken":["M","?","?","M","$","R","$","?","T","?","E","?","R","?","R","BOSS"],"build_version":"2019-01-23","purchased_purges":0,"victory":false,"max_hp_per_floor":[71,71,71,71,71,71,71,71,71,71,71,71,71,71,71,71],"card_choices":[{"not_picked":["Barrage","Beam Cell"],"picked":"Tempest","floor":1},{"not_picked":["Beam Cell","Go for the Eyes"],"picked":"Reinforced Body","floor":4},{"not_picked":["Skim","Beam Cell"],"picked":"BootSequence","floor":8},{"not_picked":["Rebound","Steam"],"picked":"Cold Snap","floor":11}],"player_experience":869095,"relics_obtained":[{"floor":9,"key":"Omamori"},{"floor":11,"key":"Symbiotic Virus"},{"floor":14,"key":"Dodecahedron"}],"event_choices":[{"damage_healed":0,"gold_gain":0,"player_choice":"Take Wound","damage_taken":0,"relics_obtained":["Golden Idol"],"max_hp_gain":0,"max_hp_loss":0,"event_name":"Golden Idol","floor":2,"gold_loss":0,"cards_obtained":["Injury"]},{"damage_healed":0,"gold_gain":0,"player_choice":"Got Potions","damage_taken":0,"max_hp_gain":0,"max_hp_loss":0,"event_name":"Lab","floor":3,"gold_loss":0},{"cards_removed":["Injury"],"damage_healed":0,"gold_gain":0,"player_choice":"Forget","damage_taken":0,"max_hp_gain":0,"max_hp_loss":0,"event_name":"Living Wall","floor":10,"gold_loss":0},{"damage_healed":0,"gold_gain":0,"player_choice":"Entered Light","damage_taken":21,"max_hp_gain":0,"max_hp_loss":0,"event_name":"Shining Light","floor":12,"gold_loss":0,"cards_upgraded":["Strike_B","Defend_B"]}],"is_beta":true,"boss_relics":[],"items_purged_floors":[],"is_endless":false,"potions_floor_spawned":[4],"killed_by":"Slime Boss","ascension_level":17}