{"gold_per_floor":[112,130,130,29,204,237,249,259,283,293,293,322,332,351,351,451,451,471,154,173,193,40,75,75,101,101,111,111,111,111,121,121,224,224,239,252,352,364,364,364],"floor_reached":40,"playtime":2316,"items_purged":["Strike_R","Doubt","Strike_R"],"score":729,"play_id":"4b7f3f48-03a0-48ec-b95c-0ab505d809f0","local_time":"20190207224451","is_ascension_mode":true,"campfire_choices":[{"data":"Uppercut","floor":11.0,"key":"SMITH"},{"data":"Disarm","floor":15.0,"key":"SMITH"},{"data":"Body Slam","floor":30.0,"key":"SMITH"},{"data":"Armaments","floor":32.0,"key":"SMITH"}],"neow_cost":"NONE","seed_source_timestamp":87043678205496,"circlet_count":0,"master_deck":["AscendersBane","Strike_R","Defend_R","Defend_R","Defend_R","Defend_R","Bash","Iron Wave","Anger","Wild Strike","Reckless Charge","Armaments+1","Battle Trance","Disarm+1","Clothesline","Uppercut+1","Seeing Red","Battle Trance","Demon Form","Offering","Dropkick","Dropkick","Rage","Anger+1","Corruption","Body Slam+1","Flex+1","Writhe","Fiend Fire","Shame","Sever Soul","Fiend Fire","Flame Barrier","Pummel+1","Pommel Strike+1"],"special_seed":0,"relics":["Burning Blood","Bag of Marbles","Smiling Mask","Red Skull","Cursed Key","Lantern","Question Card","Du-Vu Doll","Pantograph","CultistMask","Mark of Pain","Shovel"],"potions_floor_usage":[],"damage_taken":[{"damage":7.0,"enemies":"Jaw Worm","floor":1.0,"turns":3.0},{"damage":0.0,"enemies":"Cultist","floor":2.0,"turns":3.0},{"damage":47.0,"enemies":"Gremlin Nob","floor":6.0,"turns":6.0},{"damage":0.0,"enemies":"2 Louse","floor":7.0,"turns":3.0},{"damage":7.0,"enemies":"Looter","floor":8.0,"turns":3.0},{"damage":4.0,"enemies":"Lots of Slimes","floor":10.0,"turns":5.0},{"damage":22.0,"enemies":"3 Sentries","floor":12.0,"turns":12.0},{"damage":0.0,"enemies":"Large Slime","floor":13.0,"turns":5.0},{"damage":9.0,"enemies":"Exordium Thugs","floor":14.0,"turns":3.0},{"damage":2.0,"enemies":"Hexaghost","floor":16.0,"turns":6.0},{"damage":13.0,"enemies":"Shell Parasite","floor":18.0,"turns":5.0},{"damage":8.0,"enemies":"Chosen","floor":20.0,"turns":4.0},{"damage":9.0,"enemies":"Snake Plant","floor":21.0,"turns":4.0},{"damage":8.0,"enemies":"Gremlin Leader","floor":23.0,"turns":6.0},{"damage":24.0,"enemies":"Slavers","floor":25.0,"turns":6.0},{"damage":6.0,"enemies":"Centurion and Healer","floor":27.0,"turns":5.0},{"damage":15.0,"enemies":"Shelled Parasite and Fungi","floor":31.0,"turns":3.0},{"damage":31.0,"enemies":"Collector","floor":33.0,"turns":6.0},{"damage":11.0,"enemies":"Orb Walker","floor":35.0,"turns":4.0},{"damage":49.0,"enemies":"3 Darklings","floor":36.0,"turns":7.0},{"damage":4.0,"enemies":"Mind Bloom Boss Battle","floor":37.0,"turns":5.0},{"damage":32,"enemies":"Writhing Mass","floor":38,"turns":5},{"damage":22,"enemies":"Giant Head","floor":40,"turns":4}],"seed_played":"-654073183425222478","potions_obtained":[{"floor":6.0,"key":"Block Potion"},{"floor":7.0,"key":"SpeedPotion"},{"floor":8.0,"key":"Poison Potion"},{"floor":10.0,"key":"Weak Potion"},{"floor":16.0,"key":"GamblersBrew"},{"floor":20.0,"key":"GamblersBrew"},{"floor":25.0,"key":"SteroidPotion"},{"floor":35.0,"key":"Fire Potion"},{"floor":37.0,"key":"AttackPotion"}],"is_trial":false,"path_per_floor":["M","M","?","$","?","E","M","M","T","M","R","E","M","M","R","B",null,"M","$","M","M","$","E","?","E","T","M","?","?","R","M","R","B",null,"M","M","?","M","?","E"],"character_chosen":"IRONCLAD","items_purchased":["Armaments","Lantern","Dropkick","Rage","Corruption","Body Slam"],"campfire_rested":0,"item_purchase_floors":[4,19,19,19,22,22],"current_hp_per_floor":[71,77,77,77,77,36,42,41,41,43,43,27,33,30,30,34,69,62,62,60,57,57,55,55,37,37,37,37,37,37,28,28,28,67,62,19,46,20,20,0],"gold":364,"neow_bonus":"TRANSFORM_CARD","is_prod":false,"is_daily":false,"chose_seed":false,"campfire_upgraded":4,"win_rate":0,"timestamp":1549597491,"path_taken":["M","M","?","?","?","E","M","M","T","M","R","E","M","M","R","BOSS","M","$","M","M","$","E","?","E","T","?","?","?","R","?","R","BOSS","M","M","?","M","?","E"],"build_version":"2019-01-23","purchased_purges":3,"victory":false,"max_hp_per_floor":[80,80,80,80,80,80,80,80,80,80,80,80,80,80,80,80,80,80,80,80,80,80,80,80,80,80,80,80,80,80,80,80,80,80,80,80,80,80,80,80],"card_choices":[{"not_picked":["Perfected Strike","Disarm"],"picked":"Anger","floor":1.0},{"not_picked":["Perfected Strike","Fire Breathing"],"picked":"Wild Strike","floor":2.0},{"not_picked":["Sentinel","Anger"],"picked":"Battle Trance","floor":6.0},{"not_picked":["Thunderclap","Clash"],"picked":"Disarm","floor":7.0},{"not_picked":["Body Slam","Second Wind"],"picked":"Clothesline","floor":8.0},{"not_picked":["Armaments","Iron Wave"],"picked":"Uppercut","floor":10.0},{"not_picked":["Sever Soul","Clothesline"],"picked":"Seeing Red","floor":12.0},{"not_picked":["Anger","Twin Strike"],"picked":"Battle Trance","floor":13.0},{"not_picked":["Anger","Havoc"],"picked":"Demon Form","floor":14.0},{"not_picked":["Double Tap","Exhume"],"picked":"Offering","floor":16.0},{"not_picked":["Thunderclap","Second Wind"],"picked":"Dropkick","floor":18.0},{"not_picked":["Headbutt+1","Inflame+1"],"picked":"Anger+1","floor":20.0},{"not_picked":["Headbutt","Warcry"],"picked":"Power Through","floor":21.0},{"not_picked":["Entrench","Wild Strike","Rampage"],"picked":"SKIP","floor":23.0},{"not_picked":["Clash","Searing Blow","Clothesline"],"picked":"Flex+1","floor":25.0},{"not_picked":["Perfected Strike","Carnage","Havoc+1"],"picked":"Fiend Fire","floor":27.0},{"not_picked":["Clash","Armaments","Cleave"],"picked":"Sever Soul","floor":31.0},{"not_picked":["Berserk","Brutality","Offering"],"picked":"Fiend Fire","floor":33.0},{"not_picked":["Intimidate","Clash","Bloodletting"],"picked":"Flame Barrier","floor":35.0},{"not_picked":["Headbutt","Pommel Strike","Anger+1"],"picked":"Pummel+1","floor":36.0},{"not_picked":["Anger","Headbutt","Warcry+1"],"picked":"Pommel Strike+1","floor":38}],"player_experience":384026,"relics_obtained":[{"floor":6.0,"key":"Bag of Marbles"},{"floor":9.0,"key":"Smiling Mask"},{"floor":12.0,"key":"Red Skull"},{"floor":23.0,"key":"Question Card"},{"floor":25.0,"key":"Du-Vu Doll"},{"floor":37.0,"key":"Shovel"}],"event_choices":[{"damage_healed":0.0,"max_hp_gain":0.0,"max_hp_loss":0.0,"gold_gain":0.0,"cards_transformed":["Strike_R"],"event_name":"Transmorgrifier","player_choice":"Transformed","floor":3.0,"gold_loss":0.0,"damage_taken":0.0,"cards_obtained":["Reckless Charge"]},{"damage_healed":0.0,"max_hp_gain":0.0,"max_hp_loss":0.0,"gold_gain":175.0,"event_name":"Liars Game","player_choice":"AGREE","floor":5.0,"gold_loss":0.0,"damage_taken":0.0,"cards_obtained":["Doubt"]},{"damage_healed":0.0,"max_hp_gain":0.0,"max_hp_loss":0.0,"gold_gain":0.0,"event_name":"N\u0027loth","player_choice":"Ignored","floor":24.0,"gold_loss":0.0,"damage_taken":0.0},{"damage_healed":0.0,"max_hp_gain":0.0,"max_hp_loss":0.0,"gold_gain":0.0,"event_name":"Addict","player_choice":"Stole Relic","floor":28.0,"gold_loss":0.0,"damage_taken":0.0,"relics_obtained":["Pantograph"],"cards_obtained":["Shame"]},{"damage_healed":0.0,"max_hp_gain":0.0,"max_hp_loss":0.0,"gold_gain":0.0,"event_name":"FaceTrader","player_choice":"Trade","floor":29.0,"gold_loss":0.0,"damage_taken":0.0,"relics_obtained":["CultistMask"]},{"damage_healed":0.0,"max_hp_gain":0.0,"max_hp_loss":0.0,"gold_gain":0.0,"event_name":"MindBloom","player_choice":"Fight","floor":37.0,"gold_loss":0.0,"damage_taken":0.0},{"cards_removed":["Power Through"],"damage_healed":0,"gold_gain":0,"player_choice":"Removed Skill","damage_taken":0,"max_hp_gain":0,"max_hp_loss":0,"event_name":"Falling","floor":39,"gold_loss":0}],"is_beta":false,"boss_relics":[{"not_picked":["Lizard Tail","Ectoplasm"],"picked":"Cursed Key"},{"not_picked":["Calling Bell","Black Blood"],"picked":"Mark of Pain"}],"items_purged_floors":[4,19,22],"is_endless":false,"potions_floor_spawned":[6,7,8,10,16,20,25,35,37],"killed_by":"Giant Head","ascension_level":12}