{"path_per_floor":["M","$","?","M","M","E","R","E","T","M","?","$","E","M","R"],"character_chosen":"THE_SILENT","items_purchased":["Dagger Throw","Caltrops"],"gold_per_floor":[115,69,69,81,96,127,127,156,156,166,166,42,75,87,87,87],"floor_reached":16,"campfire_rested":0,"playtime":1563,"item_purchase_floors":[2,12],"current_hp_per_floor":[70,70,70,70,70,54,54,38,38,33,26,26,20,8,8,0],"items_purged":["Strike_G"],"gold":87,"score":120,"play_id":"5c4b4792-90dd-47f1-9eff-93c46f077e7a","local_time":"20180615174151","is_prod":false,"is_daily":false,"chose_seed":false,"is_ascension_mode":false,"campfire_upgraded":2,"win_rate":0,"timestamp":1529109711,"campfire_choices":[{"data":"Noxious Fumes","floor":7,"key":"SMITH"},{"data":"Outmaneuver","floor":15,"key":"SMITH"}],"path_taken":["M","$","?","M","?","E","R","E","T","M","?","?","E","M","R","BOSS"],"build_version":"2018-06-14v2","seed_source_timestamp":9348886584262996,"purchased_purges":1,"victory":false,"master_deck":["Defend_G","Defend_G","Defend_G","Defend_G","Defend_G","Strike_G","Strike_G","Survivor","Neutralize","Flying Knee","Dagger Throw","Poisoned Stab","Infinite Blades","Backflip","Noxious Fumes+1","Venomology","Bane","Caltrops","Outmaneuver+1","Noxious Fumes"],"max_hp_per_floor":[70,70,70,70,70,70,70,70,70,70,70,70,70,70,70,70],"relics":["Ring of the Snake","Smiling Mask","Ninja Scroll","Question Card","Darkstone Periapt"],"card_choices":[{"not_picked":["All Out Attack","Quick Slash"],"picked":"Flying Knee","floor":1},{"not_picked":["Deadly Poison","Dagger Throw"],"picked":"Infinite Blades","floor":4},{"not_picked":["Endless Agony","Dodge and Roll"],"picked":"Backflip","floor":5},{"not_picked":["Dodge and Roll","Dagger Throw"],"picked":"Noxious Fumes","floor":6},{"not_picked":["All Out Attack","Underhanded Strike"],"picked":"Venomology","floor":8},{"not_picked":["Escape Plan","Quick Slash","Prepared"],"picked":"Bane","floor":10},{"not_picked":["Tactician","Masterful Stab","Heel Hook"],"picked":"Outmaneuver","floor":13},{"not_picked":["Flying Knee","Bane","Poisoned Stab"],"picked":"Noxious Fumes","floor":14}],"player_experience":78029,"potions_floor_usage":[10,13,13,16,16],"damage_taken":[{"damage":0,"enemies":"2 Louse","floor":1,"turns":2},{"damage":0,"enemies":"Cultist","floor":4,"turns":3},{"damage":0,"enemies":"Small Slimes","floor":5,"turns":3},{"damage":16,"enemies":"3 Sentries","floor":6,"turns":8},{"damage":16,"enemies":"Gremlin Nob","floor":8,"turns":4},{"damage":5,"enemies":"Gremlin Gang","floor":10,"turns":4},{"damage":6,"enemies":"3 Sentries","floor":13,"turns":5},{"damage":12,"enemies":"3 Louse","floor":14,"turns":3},{"damage":10,"enemies":"The Guardian","floor":16,"turns":5}],"relics_obtained":[{"floor":6,"key":"Smiling Mask"},{"floor":8,"key":"Ninja Scroll"},{"floor":9,"key":"Question Card"},{"floor":13,"key":"Darkstone Periapt"}],"event_choices":[{"event_name":"Transmorgrifier","player_choice":"Transform","floor":3,"damage_taken":0},{"event_name":"Golden Wing","player_choice":"Card Removal","floor":11,"damage_taken":0}],"boss_relics":[],"items_purged_floors":[12],"is_endless":false,"potions_floor_spawned":[1,4,5,10],"seed_played":"7626635082706500548","killed_by":"The Guardian","ascension_level":0,"potions_obtained":[{"floor":1,"key":"Ancient Potion"},{"floor":4,"key":"EssenceOfSteel"},{"floor":5,"key":"Dexterity Potion"},{"floor":10,"key":"AttackPotion"}],"is_trial":false}