{"gold_per_floor":[116,116,58,58,58,88,88,107,107,107,120,151,164,182,182,280,280,295,306,83,97,97,97,123,123,146,163,163,177,177,196,196,292,292,310,324,424,440,152,152,202,227,250,279,122,122,134,150,150,150,150,150,50,76,76],"floor_reached":56,"playtime":4765,"items_purged":["Overencumbered","Defend_B","Parasite"],"score":1418,"play_id":"76a8a464-62af-48a5-a0a8-8933cc08a6e8","local_time":"20190214214428","is_ascension_mode":true,"campfire_choices":[{"data":"Darkness","floor":10.0,"key":"SMITH"},{"data":"Redo","floor":23.0,"key":"SMITH"},{"data":"Defragment","floor":25.0,"key":"SMITH"},{"data":"Machine Learning","floor":30.0,"key":"SMITH"},{"data":"Reboot","floor":32.0,"key":"SMITH"},{"data":"Multi-Cast","floor":40.0,"key":"SMITH"},{"floor":46.0,"key":"RECALL"},{"floor":49.0,"key":"REST"},{"data":"ReplayUltimateDefense","floor":52.0,"key":"SMITH"}],"neow_cost":"NONE","seed_source_timestamp":1809479426735,"circlet_count":0,"master_deck":["Defend_B+1","Defend_B+1","Dualcast+1","Turbo+1","Doom and Gloom+1","Darkness+1","Chill+1","Redo+1","Reboot+1","Clumsy","Defragment+1","Conserve Battery+1","Skim+1","Machine Learning+1","Panic Button","Multi-Cast+1","Conserve Battery+1","Reboot","Defragment","Capacitor+1","ReplayUltimateDefense+1","Coolheaded+1"],"special_seed":0,"relics":["Cracked Core","NeowsBlessing","Turnip","Thread and Needle","Chameleon Ring","Kintsugi","War Paint","Mummified Hand","Geode","Runic Dome","Unceasing Top","Oddly Smooth Stone","The Courier","Vajra","Replay:WaspNest","Replay:Rubber Ducky"],"potions_floor_usage":[],"damage_taken":[{"damage":0.0,"enemies":"Jaw Worm","floor":1.0,"turns":1.0},{"damage":0.0,"enemies":"Gremlin Nob","floor":6.0,"turns":1.0},{"damage":0.0,"enemies":"Small Slimes","floor":8.0,"turns":1.0},{"damage":0.0,"enemies":"2 Louse","floor":11.0,"turns":2.0},{"damage":3.0,"enemies":"3 Sentries","floor":12.0,"turns":7.0},{"damage":0.0,"enemies":"Large Slime","floor":13.0,"turns":3.0},{"damage":0.0,"enemies":"Exordium Wildlife","floor":14.0,"turns":1.0},{"damage":16.0,"enemies":"Hexaghost","floor":16.0,"turns":7.0},{"damage":0.0,"enemies":"3 Byrds","floor":18.0,"turns":5.0},{"damage":8.0,"enemies":"Shell Parasite","floor":19.0,"turns":6.0},{"damage":0.0,"enemies":"Snake Plant","floor":21.0,"turns":3.0},{"damage":0.0,"enemies":"Slavers","floor":24.0,"turns":5.0},{"damage":0.0,"enemies":"Chosen and Byrds","floor":27.0,"turns":4.0},{"damage":0.0,"enemies":"Snecko","floor":29.0,"turns":3.0},{"damage":10.0,"enemies":"Snake Plant","floor":31.0,"turns":3.0},{"damage":0.0,"enemies":"Collector","floor":33.0,"turns":5.0},{"damage":2.0,"enemies":"3 Shapes","floor":35.0,"turns":3.0},{"damage":0.0,"enemies":"3 Darklings","floor":36.0,"turns":4.0},{"damage":0.0,"enemies":"Mind Bloom Boss Battle","floor":37.0,"turns":4.0},{"damage":0.0,"enemies":"Transient","floor":38.0,"turns":5.0},{"damage":0.0,"enemies":"R_Hoarder","floor":42.0,"turns":4.0},{"damage":20.0,"enemies":"Reptomancer","floor":44.0,"turns":3.0},{"damage":0.0,"enemies":"Spire Growth","floor":47.0,"turns":3.0},{"damage":0.0,"enemies":"Writhing Mass","floor":48.0,"turns":3.0},{"damage":0.0,"enemies":"Donu and Deca","floor":50.0,"turns":6.0},{"damage":0.0,"enemies":"Shield and Spear","floor":54.0,"turns":5.0},{"damage":47,"enemies":"The Heart","floor":55,"turns":9}],"seed_played":"3406312802721969169","potions_obtained":[{"floor":11.0,"key":"FearPotion"},{"floor":12.0,"key":"Languid Potion"},{"floor":13.0,"key":"Fire Potion"},{"floor":18.0,"key":"Reflective Coating"},{"floor":24.0,"key":"LifebloodPotion"},{"floor":27.0,"key":"Weak Potion"}],"is_trial":false,"path_per_floor":["M","?","$","?","?","E","?","M","T","R","M","E","M","M","R","B",null,"M","M","$","M","?","R","E","R","T","M","?","M","R","M","R","B",null,"M","M","?","M","$","R","?","E","T","E","$","R","M","M","R","B",null,"R","$","E","B",null],"character_chosen":"DEFECT","items_purchased":["Doom and Gloom+1","War Paint","Defragment","Oddly Smooth Stone","ReplayUltimateDefense"],"campfire_rested":1,"item_purchase_floors":[3,20,39,39,45],"current_hp_per_floor":[75,75,75,68,68,68,68,68,68,68,68,65,65,65,50,34,75,75,67,67,67,53,53,53,53,53,53,53,53,53,43,43,43,80,78,78,78,78,78,78,46,46,46,26,26,26,26,26,50,50,80,80,77,77,30],"gold":76,"neow_bonus":"THREE_ENEMY_KILL","is_prod":false,"is_daily":false,"chose_seed":false,"campfire_upgraded":7,"win_rate":0,"timestamp":1550169868,"path_taken":["M","?","$","?","?","E","?","M","T","R","M","E","M","?","R","BOSS","M","M","$","M","?","R","E","R","T","M","?","M","R","M","R","BOSS","M","M","?","M","$","R","?","E","T","E","$","R","M","M","R","BOSS","R","$","E","BOSS"],"build_version":"2019-01-23","purchased_purges":3,"victory":true,"max_hp_per_floor":[75,75,75,75,75,75,75,75,75,75,75,75,75,75,75,75,75,75,75,75,75,80,80,80,80,80,80,80,80,80,80,80,80,80,80,80,80,80,80,80,80,80,80,80,80,80,80,80,80,80,80,80,77,77,77],"card_choices":[{"not_picked":["Hologram","Steam"],"picked":"Sweeping Beam","floor":1.0},{"not_picked":["Aggregate","Scrape","Sweeping Beam"],"picked":"SKIP","floor":6.0},{"not_picked":["Ball Lightning","Lockon"],"picked":"Darkness","floor":8.0},{"not_picked":["Cold Snap","ReplaySort"],"picked":"Chill","floor":11.0},{"not_picked":["Aggregate","Amplify","ReplayTheSpireMod:Reroute Power"],"picked":"SKIP","floor":12.0},{"not_picked":["Barrage","Ball Lightning"],"picked":"Redo","floor":13.0},{"not_picked":["Barrage","Sweeping Beam","Chill"],"picked":"SKIP","floor":14.0},{"not_picked":["ReplayRNGCard","Hyperbeam"],"picked":"Reboot","floor":16.0},{"not_picked":["Steam+1","Beam Cell"],"picked":"Defragment","floor":18.0},{"not_picked":["Darkness","Cold Snap"],"picked":"Conserve Battery+1","floor":19.0},{"not_picked":["Rebound","Steam","Undo"],"picked":"SKIP","floor":21.0},{"not_picked":["ReplayGash+1","Heatsinks"],"picked":"Skim+1","floor":24.0},{"not_picked":["Conserve Battery","Ball Lightning"],"picked":"Machine Learning","floor":27.0},{"not_picked":["Compile Driver+1","Tempest"],"picked":"Panic Button","floor":29.0},{"not_picked":["Hologram+1","FTL+1","BasicCrystalCard"],"picked":"SKIP","floor":31.0},{"not_picked":["Fission","Thunder Strike"],"picked":"Multi-Cast","floor":33.0},{"not_picked":["Coolheaded","Beam Cell"],"picked":"Conserve Battery+1","floor":35.0},{"not_picked":["Heatsinks+1","Conserve Battery+1","Rebound+1"],"picked":"SKIP","floor":36.0},{"not_picked":["Compile Driver+1","Leap+1"],"picked":"Reboot","floor":37.0},{"not_picked":["Steam Power","Aggregate","Stack"],"picked":"SKIP","floor":38.0},{"not_picked":["Darkness+1","Reboot"],"picked":"Capacitor+1","floor":42.0},{"not_picked":["Hologram+1","Streamline+1","Compile Driver+1"],"picked":"SKIP","floor":44.0},{"not_picked":["Redo","Undo+1","Rebound+1"],"picked":"SKIP","floor":47.0},{"not_picked":["Buffer","Stack+1","ReplaySort+1"],"picked":"SKIP","floor":48.0},{"not_picked":["Stack+1","Ball Lightning+1"],"picked":"Coolheaded+1","floor":54.0}],"player_experience":567709,"relics_obtained":[{"floor":6.0,"key":"Turnip"},{"floor":9.0,"key":"Thread and Needle"},{"floor":12.0,"key":"Chameleon Ring"},{"floor":24.0,"key":"Mummified Hand"},{"floor":26.0,"key":"Geode"},{"floor":37.0,"key":"Unceasing Top"},{"floor":41.0,"key":"The Courier"},{"floor":42.0,"key":"Vajra"},{"floor":44.0,"key":"Replay:WaspNest"},{"floor":54.0,"key":"Replay:Rubber Ducky"}],"event_choices":[{"cards_removed":["Strike_B"],"damage_healed":0.0,"max_hp_gain":0.0,"max_hp_loss":0.0,"gold_gain":0.0,"event_name":"Golden Wing","player_choice":"Card Removal","floor":4.0,"gold_loss":0.0,"damage_taken":7.0},{"damage_healed":0.0,"max_hp_gain":0.0,"max_hp_loss":0.0,"gold_gain":0.0,"event_name":"Living Wall","player_choice":"Grow","floor":5.0,"gold_loss":0.0,"damage_taken":0.0,"cards_upgraded":["Dualcast"]},{"damage_healed":0.0,"max_hp_gain":0.0,"max_hp_loss":0.0,"gold_gain":0.0,"event_name":"Liars Game","player_choice":"Ignored","floor":7.0,"gold_loss":0.0,"damage_taken":0.0},{"damage_healed":0.0,"max_hp_gain":0.0,"max_hp_loss":0.0,"gold_gain":0.0,"event_name":"Shining Light","player_choice":"Entered Light","floor":15.0,"gold_loss":0.0,"damage_taken":15.0,"cards_upgraded":["Defend_B","Sweeping Beam"]},{"damage_healed":0.0,"max_hp_gain":5.0,"max_hp_loss":0.0,"gold_gain":0.0,"event_name":"Forgotten Altar","player_choice":"Shed Blood","floor":22.0,"gold_loss":0.0,"damage_taken":19.0},{"damage_healed":0.0,"max_hp_gain":0.0,"max_hp_loss":0.0,"gold_gain":0.0,"event_name":"Cursed Tome","player_choice":"Ignored","floor":28.0,"gold_loss":0.0,"damage_taken":0.0},{"damage_healed":0.0,"max_hp_gain":0.0,"max_hp_loss":0.0,"gold_gain":0.0,"event_name":"MindBloom","player_choice":"Fight","floor":37.0,"gold_loss":0.0,"damage_taken":0.0}],"is_beta":false,"boss_relics":[{"not_picked":["Honey Jar","Calling Bell"],"picked":"Kintsugi"},{"not_picked":["ReplayTheSpireMod:DimensionalGlitch","FrozenCore"],"picked":"Runic Dome"}],"items_purged_floors":[20,39,53],"is_endless":false,"potions_floor_spawned":[11,12,13,16,18,19,24,27,36,37,38,44],"ascension_level":1}