{"gold_per_floor":[109,126,126,126,201,236,236,252,252,252,267,0,0,12,12,89,89,109,120,170,170,183,183,194,194,217,228,23,23],"floor_reached":29,"playtime":854,"items_purged":[],"score":500,"play_id":"2e070b38-59d7-4c8f-8761-c7d096aa47d5","local_time":"20181101084051","is_ascension_mode":true,"campfire_choices":[{"data":"Noxious Fumes","floor":7,"key":"SMITH"},{"data":"Neutralize","floor":10,"key":"SMITH"},{"data":"Noxious Fumes","floor":13,"key":"SMITH"},{"data":"Survivor","floor":15,"key":"SMITH"},{"floor":23,"key":"REST"},{"data":"Defend_G","floor":25,"key":"SMITH"}],"neow_cost":"NONE","seed_source_timestamp":1605779390351897,"circlet_count":0,"master_deck":["Defend_G+1","Defend_G","Defend_G","Defend_G","Defend_G","Strike_G","Strike_G","Strike_G","Strike_G","Survivor+1","Neutralize+1","AscendersBane","Noxious Fumes+1","Noxious Fumes+1","Dodge and Roll+1","Venomology+1","Dodge and Roll+1","Backflip+1","Leg Sweep+1"],"relics":["Ring of the Snake","NeowsBlessing","Toxic Egg 2","Meat on the Bone","Omamori","Membership Card","Cursed Key","Regal Pillow","Snake Skull","Anchor"],"potions_floor_usage":[14,18,18,19,22,22,24,27,29,29],"damage_taken":[{"damage":0,"enemies":"Cultist","floor":1,"turns":1},{"damage":0,"enemies":"Small Slimes","floor":2,"turns":1},{"damage":0,"enemies":"3 Sentries","floor":6,"turns":1},{"damage":2,"enemies":"Jaw Worm","floor":8,"turns":5},{"damage":9,"enemies":"Looter","floor":11,"turns":4},{"damage":13,"enemies":"Exordium Thugs","floor":14,"turns":5},{"damage":5,"enemies":"The Guardian","floor":16,"turns":10},{"damage":12,"enemies":"Spheric Guardian","floor":18,"turns":6},{"damage":9,"enemies":"3 Byrds","floor":19,"turns":5},{"damage":25,"enemies":"Cultist and Chosen","floor":22,"turns":8},{"damage":22,"enemies":"Sentry and Sphere","floor":24,"turns":7},{"damage":12,"enemies":"Centurion and Healer","floor":27,"turns":8},{"damage":37,"enemies":"Slavers","floor":29,"turns":4}],"seed_played":"3635880755770698602","potions_obtained":[{"floor":6,"key":"SteroidPotion"},{"floor":11,"key":"Block Potion"},{"floor":16,"key":"AttackPotion"},{"floor":18,"key":"AttackPotion"},{"floor":27,"key":"Energy Potion"}],"is_trial":false,"path_per_floor":["M","M","?","?","?","E","R","M","T","R","M","$","R","M","R","B",null,"M","M","?","?","M","R","M","R","T","M","$"],"character_chosen":"THE_SILENT","items_purchased":["Membership Card","Noxious Fumes","Leg Sweep+1","Snake Skull","Anchor"],"campfire_rested":1,"item_purchase_floors":[12,12,28,28,28],"current_hp_per_floor":[59,59,59,52,41,41,41,39,39,39,42,42,42,41,41,36,59,47,38,38,38,25,44,34,34,34,34,34,0],"gold":23,"neow_bonus":"THREE_ENEMY_KILL","is_prod":false,"is_daily":false,"chose_seed":false,"campfire_upgraded":5,"win_rate":0,"timestamp":1541086851,"path_taken":["M","M","?","?","?","E","R","M","T","R","M","$","R","M","R","BOSS","M","M","?","?","M","R","M","R","T","?","$","E"],"build_version":"2018-10-25v2","purchased_purges":0,"victory":false,"max_hp_per_floor":[66,66,66,66,66,66,66,66,66,66,66,66,66,66,66,66,66,66,66,66,66,66,66,66,66,66,66,66,66],"card_choices":[{"not_picked":["Dodge and Roll","Underhanded Strike","Reflex"],"picked":"SKIP","floor":1},{"not_picked":["Concentrate","Dagger Spray"],"picked":"Noxious Fumes","floor":2},{"not_picked":["Deflect+1","Wraith Form v2","Eviscerate"],"picked":"SKIP","floor":6},{"not_picked":["Acrobatics+1","Underhanded Strike","Dodge and Roll+1"],"picked":"SKIP","floor":8},{"not_picked":["Deadly Poison+1","Acrobatics+1","Prepared+1"],"picked":"SKIP","floor":11},{"not_picked":["Underhanded Strike","Heel Hook"],"picked":"Dodge and Roll+1","floor":14},{"not_picked":["After Image","Unload"],"picked":"Venomology+1","floor":16},{"not_picked":["Sucker Punch","Quick Slash","Dagger Throw"],"picked":"SKIP","floor":18},{"not_picked":["Sucker Punch","All Out Attack","Flying Knee"],"picked":"SKIP","floor":19},{"not_picked":["Masterful Stab","Acrobatics+1"],"picked":"Dodge and Roll+1","floor":22},{"not_picked":["Dagger Throw","Endless Agony","Poisoned Stab"],"picked":"SKIP","floor":24},{"not_picked":["Underhanded Strike","Dodge and Roll+1"],"picked":"Backflip+1","floor":27}],"player_experience":579398,"relics_obtained":[{"floor":6,"key":"Meat on the Bone"},{"floor":9,"key":"Omamori"},{"floor":26,"key":"Regal Pillow"}],"event_choices":[{"damage_healed":0,"gold_gain":0,"player_choice":"Box","damage_taken":0,"relics_obtained":["Toxic Egg 2"],"max_hp_gain":0,"max_hp_loss":0,"event_name":"Big Fish","floor":3,"gold_loss":0,"cards_obtained":["Regret"]},{"cards_removed":["Regret"],"damage_healed":0,"gold_gain":0,"player_choice":"Card Removal","damage_taken":7,"max_hp_gain":0,"max_hp_loss":0,"event_name":"Golden Wing","floor":4,"gold_loss":0},{"damage_healed":0,"gold_gain":75,"player_choice":"Gather Gold","damage_taken":11,"max_hp_gain":0,"max_hp_loss":0,"event_name":"World of Goop","floor":5,"gold_loss":0},{"damage_healed":0,"gold_gain":50,"player_choice":"Stole From Cult","damage_taken":0,"max_hp_gain":0,"max_hp_loss":0,"event_name":"Nest","floor":20,"gold_loss":0},{"cards_removed":["Strike_G"],"damage_healed":0,"gold_gain":0,"player_choice":"Offered Basic","damage_taken":0,"max_hp_gain":0,"max_hp_loss":0,"event_name":"Bonfire Elementals","floor":21,"gold_loss":0}],"is_beta":false,"boss_relics":[{"not_picked":["Eternal Feather","Sozu"],"picked":"Cursed Key"}],"items_purged_floors":[],"is_endless":false,"potions_floor_spawned":[6,11,16,18,27],"killed_by":"Slavers","ascension_level":20}