{"gold_per_floor":[114,114,130,55,70,70,105,119,119,119,119,119],"floor_reached":12,"playtime":395,"items_purged":["Strike_G"],"score":90,"play_id":"7ce0c731-58d1-4406-b8d1-a47c8908fac4","local_time":"20190205200318","is_ascension_mode":true,"campfire_choices":[{"data":"Neutralize","floor":6,"key":"SMITH"},{"data":"Survivor","floor":10,"key":"SMITH"}],"neow_cost":"NONE","seed_source_timestamp":336694133385966,"circlet_count":0,"master_deck":["Defend_G","Defend_G","Defend_G","Defend_G","Defend_G","Strike_G","Strike_G","Strike_G","Strike_G","Survivor+1","Neutralize+1","Cloak And Dagger","Cloak And Dagger","Blade Dance","Terror","Infinite Blades","Neutralize"],"relics":["Ring of the Snake","NeowsBlessing","Regal Pillow","Matryoshka"],"potions_floor_usage":[7,8],"damage_taken":[{"damage":0,"enemies":"Small Slimes","floor":1,"turns":1},{"damage":0,"enemies":"Cultist","floor":3,"turns":1},{"damage":0,"enemies":"Jaw Worm","floor":5,"turns":1},{"damage":58,"enemies":"Gremlin Nob","floor":7,"turns":6},{"damage":0,"enemies":"Large Slime","floor":8,"turns":8},{"damage":18,"enemies":"3 Sentries","floor":12,"turns":6}],"seed_played":"-6570746598553007336","potions_obtained":[{"floor":1,"key":"Explosive Potion"},{"floor":3,"key":"Fire Potion"}],"is_trial":false,"path_per_floor":["M","?","M","$","M","R","E","M","T","R","?","E"],"character_chosen":"THE_SILENT","items_purchased":[],"campfire_rested":0,"item_purchase_floors":[],"current_hp_per_floor":[70,75,75,75,75,75,17,17,17,17,17,0],"gold":119,"neow_bonus":"THREE_ENEMY_KILL","is_prod":false,"is_daily":false,"chose_seed":false,"campfire_upgraded":2,"win_rate":0,"timestamp":1549386198,"path_taken":["M","?","M","$","M","R","E","M","T","R","?","E"],"build_version":"2019-01-23","purchased_purges":1,"victory":false,"max_hp_per_floor":[70,75,75,75,75,75,75,75,75,75,75,75],"card_choices":[{"not_picked":["Caltrops","Dash"],"picked":"Cloak And Dagger","floor":1},{"not_picked":["Prepared","Slice"],"picked":"Cloak And Dagger","floor":3},{"not_picked":["Sucker Punch","Bane"],"picked":"Blade Dance","floor":5},{"not_picked":["Dodge and Roll","Poisoned Stab"],"picked":"Terror","floor":7},{"not_picked":["Poisoned Stab","After Image"],"picked":"Infinite Blades","floor":8}],"player_experience":255823,"relics_obtained":[{"floor":7,"key":"Regal Pillow"},{"floor":9,"key":"Matryoshka"}],"event_choices":[{"damage_healed":0,"gold_gain":0,"player_choice":"Donut","damage_taken":0,"max_hp_gain":5,"max_hp_loss":0,"event_name":"Big Fish","floor":2,"gold_loss":0},{"damage_healed":0,"gold_gain":0,"player_choice":"1 cards matched","damage_taken":0,"max_hp_gain":0,"max_hp_loss":0,"event_name":"Match and Keep!","floor":11,"gold_loss":0,"cards_obtained":["Neutralize"]}],"is_beta":false,"boss_relics":[],"items_purged_floors":[4],"is_endless":false,"potions_floor_spawned":[1,3],"killed_by":"3 Sentries","ascension_level":3}