{"gold_per_floor":[112,131,131,131,141,158,158,171,171,121,138,169,179,208,208,305,305,316,316,316,334,354,379,390,422,422,190,204,119,133,148,148,250,250,263,277,277,288,308,368,384,415,415,444,299,299,315,333,333,333,333,333,52,82,82],"floor_reached":56,"playtime":6013,"items_purged":["Strike_G+1","Strike_G+1"],"score":1728,"play_id":"8562bf30-4503-43be-98eb-e1da66134d2a","local_time":"20190211223014","is_ascension_mode":true,"campfire_choices":[{"data":"Prepared","floor":7.0,"key":"SMITH"},{"data":"Prepared","floor":15.0,"key":"SMITH"},{"data":"Footwork","floor":32,"key":"SMITH"},{"data":"Footwork","floor":46,"key":"SMITH"},{"floor":49,"key":"RECALL"},{"data":"After Image","floor":52,"key":"SMITH"}],"neow_cost":"NONE","seed_source_timestamp":0,"circlet_count":0,"master_deck":["Defend_G+1","Defend_G+1","Defend_G+1","Defend_G+1","Defend_G+1","Strike_G+1","Strike_G+1","Survivor","Neutralize","Dagger Throw","Prepared+1","Underhanded Strike","Footwork","Prepared+1","PiercingWail+1","Tactician+1","Footwork","After Image+1","Backflip+1","Dagger Throw","Calculated Gamble+1","Footwork+1","Reflex+1","Dodge and Roll+1","Acrobatics+1","Footwork+1","Acrobatics+1","Dodge and Roll+1","Prepared+1","Acrobatics+1","Underhanded Strike+1","Underhanded Strike+1","Underhanded Strike+1","After Image+1","Deflect+1","Tactician+1"],"special_seed":0,"relics":["Ring of the Snake","Tingsha","Blue Candle","Toxic Egg 2","Calipers","Ninja Scroll","Sozu","Shuriken","Gremlin Horn","Mummified Hand","Molten Egg 2","Philosopher\u0027s Stone","Tiny Chest","Pantograph","Orichalcum","Tough Bandages","Kunai","Lantern"],"potions_floor_usage":[],"damage_taken":[{"damage":0.0,"enemies":"Jaw Worm","floor":1.0,"turns":5.0},{"damage":1.0,"enemies":"Cultist","floor":2.0,"turns":5.0},{"damage":0.0,"enemies":"Small Slimes","floor":5.0,"turns":3.0},{"damage":5.0,"enemies":"3 Louse","floor":6.0,"turns":3.0},{"damage":7.0,"enemies":"Exordium Wildlife","floor":8.0,"turns":5.0},{"damage":0.0,"enemies":"Blue Slaver","floor":11.0,"turns":3.0},{"damage":9.0,"enemies":"Lagavulin","floor":12.0,"turns":9.0},{"damage":0.0,"enemies":"Gremlin Gang","floor":13.0,"turns":6.0},{"damage":20.0,"enemies":"Gremlin Nob","floor":14.0,"turns":6.0},{"damage":24.0,"enemies":"The Guardian","floor":16.0,"turns":13.0},{"damage":4.0,"enemies":"3 Byrds","floor":18.0,"turns":6.0},{"damage":0.0,"enemies":"Spheric Guardian","floor":21.0,"turns":3.0},{"damage":1.0,"enemies":"Shelled Parasite and Fungi","floor":22.0,"turns":5.0},{"damage":14.0,"enemies":"Slavers","floor":23.0,"turns":12.0},{"damage":8.0,"enemies":"Snake Plant","floor":24.0,"turns":4.0},{"damage":0,"enemies":"Book of Stabbing","floor":25,"turns":6},{"damage":0,"enemies":"Cultist and Chosen","floor":28,"turns":3},{"damage":0,"enemies":"Centurion and Healer","floor":30,"turns":3},{"damage":0,"enemies":"Chosen and Byrds","floor":31,"turns":3},{"damage":9,"enemies":"Automaton","floor":33,"turns":9},{"damage":0,"enemies":"3 Darklings","floor":35,"turns":4},{"damage":4,"enemies":"Orb Walker","floor":36,"turns":2},{"damage":0,"enemies":"Spire Growth","floor":38,"turns":5},{"damage":0,"enemies":"Maw","floor":39,"turns":6},{"damage":0,"enemies":"Nemesis","floor":40,"turns":9},{"damage":0,"enemies":"Writhing Mass","floor":41,"turns":4},{"damage":0,"enemies":"Giant Head","floor":42,"turns":8},{"damage":0,"enemies":"Nemesis","floor":44,"turns":5},{"damage":0,"enemies":"Jaw Worm Horde","floor":47,"turns":2},{"damage":0,"enemies":"4 Shapes","floor":48,"turns":2},{"damage":6,"enemies":"Time Eater","floor":50,"turns":12},{"damage":0,"enemies":"Shield and Spear","floor":54,"turns":4},{"damage":1,"enemies":"The Heart","floor":55,"turns":9}],"seed_played":"-8026562976702245106","potions_obtained":[{"floor":1.0,"key":"Weak Potion"},{"floor":8.0,"key":"Block Potion"},{"floor":11.0,"key":"Regen Potion"},{"floor":16.0,"key":"FearPotion"}],"is_trial":false,"path_per_floor":["M","M","?","?","M","M","R","M","T","?","M","E","M","E","R","B",null,"M","?","T","M","M","E","M","E","T","$","M","?","M","M","R","B",null,"M","M","?","M","M","E","M","E","T","E","$","R","M","M","R","B",null,"R","$","E","B",null],"character_chosen":"THE_SILENT","items_purchased":["Footwork","Reflex+1","Underhanded Strike+1","Kunai","Deflect+1"],"campfire_rested":0,"item_purchase_floors":[27,27,45,53,53],"current_hp_per_floor":[77,76,64,64,64,59,59,52,52,52,52,58,58,38,38,14,61,57,57,57,57,56,42,34,34,34,34,34,34,34,34,34,25,64,64,60,60,60,60,60,60,60,60,60,60,60,60,60,60,71,76,76,76,76,76],"gold":82,"neow_bonus":"TEN_PERCENT_HP_BONUS","is_prod":false,"is_daily":false,"chose_seed":false,"campfire_upgraded":5,"win_rate":0,"timestamp":1549913414,"path_taken":["M","M","?","?","?","M","R","M","T","?","M","E","M","E","R","BOSS","M","?","?","M","M","E","M","E","T","$","M","?","M","M","R","BOSS","M","M","?","M","M","E","?","E","T","E","$","R","M","M","R","BOSS","R","$","E","BOSS"],"build_version":"2019-01-23","purchased_purges":2,"victory":true,"max_hp_per_floor":[77,77,77,77,77,77,77,77,77,77,77,77,77,77,77,77,77,77,77,77,77,77,77,77,77,77,77,77,77,77,77,77,77,77,77,77,77,77,77,77,77,77,77,77,77,77,77,77,77,77,77,77,77,77,77],"card_choices":[{"not_picked":["Reflex","Deadly Poison"],"picked":"Dagger Throw","floor":1.0},{"not_picked":["Bane","Backstab"],"picked":"Prepared","floor":2.0},{"not_picked":["Poisoned Stab","Quick Slash"],"picked":"Underhanded Strike","floor":5.0},{"not_picked":["Accuracy","Dodge and Roll"],"picked":"Footwork","floor":6.0},{"not_picked":["Noxious Fumes","Eviscerate"],"picked":"Prepared","floor":8.0},{"not_picked":["Deadly Poison+1","Outmaneuver+1"],"picked":"PiercingWail+1","floor":11.0},{"not_picked":["Poisoned Stab","Infinite Blades"],"picked":"Tactician+1","floor":12.0},{"not_picked":["Well Laid Plans","Dagger Spray"],"picked":"Footwork","floor":13.0},{"not_picked":["Dagger Spray","Poisoned Stab","Flechettes"],"picked":"SKIP","floor":14.0},{"not_picked":["Storm of Steel+1","Wraith Form v2"],"picked":"After Image","floor":16.0},{"not_picked":["Deadly Poison+1","Sucker Punch+1","Cloak And Dagger+1"],"picked":"SKIP","floor":18.0},{"not_picked":["Flying Knee","Slice","Poisoned Stab"],"picked":"SKIP","floor":21.0},{"not_picked":["Cloak And Dagger+1","Masterful Stab"],"picked":"Backflip+1","floor":22.0},{"not_picked":["Leg Sweep+1","Bouncing Flask+1"],"picked":"Dagger Throw","floor":23.0},{"not_picked":["Skewer+1","Tactician+1"],"picked":"Calculated Gamble+1","floor":24.0},{"not_picked":["Wraith Form v2","Cloak And Dagger+1","Deflect+1"],"picked":"SKIP","floor":25},{"not_picked":["Deflect+1","Bane+1"],"picked":"Dodge and Roll+1","floor":28},{"not_picked":["Leg Sweep+1","Cloak And Dagger+1","Calculated Gamble+1"],"picked":"SKIP","floor":30},{"not_picked":["Bane+1","Dagger Throw+1"],"picked":"Acrobatics+1","floor":31},{"not_picked":["Poisoned Stab+1","Catalyst+1"],"picked":"Footwork","floor":35},{"not_picked":["Quick Slash+1","Poisoned Stab+1","All Out Attack+1"],"picked":"SKIP","floor":36},{"not_picked":["Deadly Poison+1","Outmaneuver+1"],"picked":"Acrobatics+1","floor":38},{"not_picked":["Deadly Poison+1","Sucker Punch+1"],"picked":"Dodge and Roll+1","floor":39},{"not_picked":["Poisoned Stab+1","All Out Attack+1"],"picked":"Prepared+1","floor":40},{"not_picked":["Endless Agony+1","Slice+1"],"picked":"Acrobatics+1","floor":41},{"not_picked":["Bane+1","Acrobatics+1"],"picked":"Underhanded Strike+1","floor":42},{"not_picked":["Unload+1","Reflex+1","Blade Dance+1"],"picked":"SKIP","floor":44},{"not_picked":["Cloak And Dagger+1","Deadly Poison+1"],"picked":"Underhanded Strike+1","floor":47},{"not_picked":["Heel Hook+1","Sucker Punch+1"],"picked":"After Image","floor":48},{"not_picked":["Flying Knee+1","Masterful Stab+1"],"picked":"Tactician+1","floor":54}],"player_experience":270323,"relics_obtained":[{"floor":9.0,"key":"Toxic Egg 2"},{"floor":12.0,"key":"Calipers"},{"floor":14.0,"key":"Ninja Scroll"},{"floor":23.0,"key":"Shuriken"},{"floor":25,"key":"Gremlin Horn"},{"floor":26,"key":"Mummified Hand"},{"floor":40,"key":"Tiny Chest"},{"floor":42,"key":"Pantograph"},{"floor":43,"key":"Orichalcum"},{"floor":44,"key":"Tough Bandages"},{"floor":54,"key":"Lantern"}],"event_choices":[{"damage_healed":0.0,"max_hp_gain":0.0,"max_hp_loss":0.0,"gold_gain":0.0,"event_name":"Scrap Ooze","player_choice":"Success","floor":3.0,"gold_loss":0.0,"damage_taken":12.0,"relics_obtained":["Tingsha"]},{"damage_healed":0.0,"max_hp_gain":0.0,"max_hp_loss":0.0,"gold_gain":0.0,"event_name":"WeMeetAgain","player_choice":"Gave Potion","floor":4.0,"gold_loss":0.0,"damage_taken":0.0,"relics_obtained":["Blue Candle"]},{"cards_removed":["Strike_G"],"damage_healed":0.0,"max_hp_gain":0.0,"max_hp_loss":0.0,"gold_gain":0.0,"event_name":"The Cleric","player_choice":"Card Removal","floor":10.0,"gold_loss":50.0,"damage_taken":0.0},{"damage_healed":0.0,"max_hp_gain":0.0,"max_hp_loss":0.0,"gold_gain":0.0,"event_name":"Back to Basics","player_choice":"Simplicity","floor":19.0,"gold_loss":0.0,"damage_taken":0.0,"cards_upgraded":["Defend_G","Defend_G","Defend_G","Defend_G","Defend_G","Strike_G","Strike_G","Strike_G","Strike_G"]},{"damage_healed":0,"gold_gain":0,"player_choice":"Obtained Relic","damage_taken":0,"relics_obtained":["Molten Egg 2"],"max_hp_gain":0,"max_hp_loss":0,"event_name":"Addict","floor":29,"gold_loss":85},{"damage_healed":0,"gold_gain":0,"player_choice":"Forge","damage_taken":0,"max_hp_gain":0,"max_hp_loss":0,"event_name":"Accursed Blacksmith","floor":37,"gold_loss":0,"cards_upgraded":["After Image"]}],"is_beta":false,"boss_relics":[{"not_picked":["Astrolabe","White Beast Statue"],"picked":"Sozu"},{"not_picked":["Snecko Eye","Runic Dome"],"picked":"Philosopher\u0027s Stone"}],"items_purged_floors":[27,45],"is_endless":false,"potions_floor_spawned":[1,8,11,16,21,23,28,30,35,38,42,47,48],"ascension_level":5}