{"gold_per_floor":[111,286,309,37,53,53,65,65,65,65,11,11,29,42,42,142,142,162,182,272,283,293,293,293],"floor_reached":24,"playtime":815,"items_purged":["Doubt"],"score":263,"play_id":"5c1f39de-d36d-49fe-b831-07f85a5e0555","local_time":"20190216131941","is_ascension_mode":true,"campfire_choices":[{"data":"Searing Blow","floor":6,"key":"SMITH"},{"data":"Searing Blow+1","floor":8,"key":"SMITH"},{"data":"Searing Blow+2","floor":10,"key":"SMITH"},{"data":"Searing Blow+3","floor":15,"key":"SMITH"},{"floor":23,"key":"REST"}],"neow_cost":"NONE","seed_source_timestamp":152174005004643,"circlet_count":0,"master_deck":["Strike_R","Strike_R","Strike_R","Strike_R","Defend_R","Defend_R","Defend_R","Defend_R","Bash","Searing Blow+4","Warcry","Warcry","Shrug It Off","Decay","Disarm","Headbutt","Immolate","Thunderclap"],"relics":["Black Blood","Happy Flower","Medical Kit","Shuriken"],"potions_floor_usage":[21,22,24,24],"damage_taken":[{"damage":7,"enemies":"Small Slimes","floor":1,"turns":5},{"damage":6,"enemies":"Jaw Worm","floor":5,"turns":5},{"damage":1,"enemies":"Cultist","floor":7,"turns":3},{"damage":3,"enemies":"Red Slaver","floor":13,"turns":2},{"damage":7,"enemies":"2 Fungi Beasts","floor":14,"turns":3},{"damage":51,"enemies":"Hexaghost","floor":16,"turns":10},{"damage":4,"enemies":"Chosen","floor":18,"turns":4},{"damage":3,"enemies":"Spheric Guardian","floor":19,"turns":3},{"damage":15,"enemies":"Chosen and Byrds","floor":21,"turns":6},{"damage":38,"enemies":"3 Cultists","floor":22,"turns":6},{"damage":55,"enemies":"Book of Stabbing","floor":24,"turns":4}],"seed_played":"-3310299398022230568","potions_obtained":[{"floor":7,"key":"PowerPotion"},{"floor":13,"key":"SkillPotion"},{"floor":16,"key":"LiquidBronze"},{"floor":21,"key":"PowerPotion"}],"is_trial":false,"path_per_floor":["M","?","T","$","M","R","M","R","T","R","$","?","M","M","R","B",null,"M","M","?","M","M","R","E"],"character_chosen":"IRONCLAD","items_purchased":["Medical Kit","Shrug It Off"],"campfire_rested":1,"item_purchase_floors":[4,11],"current_hp_per_floor":[71,71,71,71,71,71,76,76,76,76,76,76,79,78,78,33,68,74,80,64,59,31,55,0],"gold":293,"neow_bonus":"TRANSFORM_CARD","is_prod":false,"is_daily":false,"chose_seed":false,"campfire_upgraded":4,"win_rate":0,"timestamp":1550341181,"path_taken":["M","?","?","$","?","R","M","R","T","R","?","?","M","M","R","BOSS","M","M","?","?","M","R","E"],"build_version":"2019-01-23","purchased_purges":1,"victory":false,"max_hp_per_floor":[80,80,80,80,80,80,80,80,80,80,80,80,80,80,80,80,80,80,80,80,80,80,80,80],"card_choices":[{"not_picked":["Havoc","Bloodletting"],"picked":"Warcry","floor":1},{"not_picked":["Body Slam","Twin Strike","Evolve"],"picked":"SKIP","floor":5},{"not_picked":["Perfected Strike","Anger"],"picked":"Warcry","floor":7},{"not_picked":["Blood for Blood","Pommel Strike"],"picked":"Disarm","floor":13},{"not_picked":["Wild Strike","Reckless Charge"],"picked":"Headbutt","floor":14},{"not_picked":["Dark Embrace","Berserk"],"picked":"Immolate","floor":16},{"not_picked":["Clash","Havoc"],"picked":"Thunderclap","floor":18},{"not_picked":["Hemokinesis+1","Havoc+1","Thunderclap"],"picked":"SKIP","floor":19},{"not_picked":["Pommel Strike","Inflame","Clash"],"picked":"SKIP","floor":21},{"not_picked":["Twin Strike+1","Fiend Fire","Entrench"],"picked":"SKIP","floor":22}],"player_experience":191242,"relics_obtained":[{"floor":3,"key":"Happy Flower"},{"floor":9,"key":"Shuriken"}],"event_choices":[{"damage_healed":0,"gold_gain":175,"player_choice":"AGREE","damage_taken":0,"max_hp_gain":0,"max_hp_loss":0,"event_name":"Liars Game","floor":2,"gold_loss":0,"cards_obtained":["Doubt"]},{"damage_healed":0,"gold_gain":0,"player_choice":"Cursed","damage_taken":0,"max_hp_gain":0,"max_hp_loss":0,"event_name":"Wheel of Change","floor":12,"gold_loss":0,"cards_obtained":["Decay"]},{"damage_healed":0,"gold_gain":90,"player_choice":"GOLD ","damage_taken":16,"max_hp_gain":0,"max_hp_loss":0,"event_name":"Knowing Skull","floor":20,"potions_obtained":[],"gold_loss":0,"cards_obtained":[]}],"is_beta":false,"boss_relics":[{"not_picked":["Lizard Tail","Sozu"],"picked":"Black Blood"}],"items_purged_floors":[4],"is_endless":false,"potions_floor_spawned":[7,13,16,19,21],"killed_by":"Book of Stabbing","ascension_level":8}