{"gold_per_floor":[114,114,114,133,133,168,198,245,257,269,320,15,40,64,64,64],"floor_reached":16,"playtime":403,"items_purged":["Defend_B"],"score":261,"play_id":"0d6d2d3a-23e5-4d84-9fe0-1f2f11469d83","local_time":"20190219212702","is_ascension_mode":true,"campfire_choices":[{"floor":10.0,"key":"REST"},{"data":"Defragment","floor":15.0,"key":"SMITH"}],"neow_cost":"NONE","seed_source_timestamp":168961172844595,"circlet_count":0,"master_deck":["AscendersBane","Strike_B","Strike_B","Strike_B","Strike_B","Defend_B","Defend_B","Defend_B","Zap","Dualcast","Gash","Ball Lightning","Streamline","Defragment+1","Genetic Algorithm","Auto Shields","Genetic Algorithm","Conserve Battery","Machine Learning","Ball Lightning"],"special_seed":0,"relics":["Cracked Core","NeowsBlessing","Golden Idol","MawBank","Shuriken","Dream Catcher","Centennial Puzzle","Runic Capacitor"],"potions_floor_usage":[16],"damage_taken":[{"damage":0.0,"enemies":"Small Slimes","floor":1.0,"turns":1.0},{"damage":0.0,"enemies":"Jaw Worm","floor":4.0,"turns":1.0},{"damage":0.0,"enemies":"Lagavulin","floor":6.0,"turns":1.0},{"damage":0.0,"enemies":"Cultist","floor":7.0,"turns":3.0},{"damage":26.0,"enemies":"Gremlin Nob","floor":8.0,"turns":4.0},{"damage":23.0,"enemies":"3 Sentries","floor":11.0,"turns":8.0},{"damage":4.0,"enemies":"Red Slaver","floor":13.0,"turns":4.0},{"damage":0.0,"enemies":"3 Louse","floor":14.0,"turns":1.0},{"damage":22,"enemies":"Slime Boss","floor":16,"turns":4}],"seed_played":"-8231951921675728594","potions_obtained":[{"floor":4.0,"key":"Poison Potion"},{"floor":5.0,"key":"Explosive Potion"},{"floor":14.0,"key":"Explosive Potion"}],"is_trial":false,"path_per_floor":["M","?","?","M","?","E","M","E","T","R","E","$","M","M","R","B"],"character_chosen":"DEFECT","items_purchased":["Runic Capacitor","Conserve Battery"],"campfire_rested":1,"item_purchase_floors":[12,12],"current_hp_per_floor":[64,40,45,45,45,45,45,19,19,41,18,18,14,14,14,0],"gold":64,"neow_bonus":"THREE_ENEMY_KILL","is_prod":false,"is_daily":false,"chose_seed":false,"campfire_upgraded":1,"win_rate":0,"timestamp":1550629622,"path_taken":["M","?","?","M","?","E","?","E","T","R","E","?","M","M","R","BOSS"],"build_version":"2019-01-23","purchased_purges":1,"victory":false,"max_hp_per_floor":[71,71,76,76,76,76,76,76,76,76,76,76,76,76,76,76],"card_choices":[{"not_picked":["Steam","Beam Cell"],"picked":"Gash","floor":1.0},{"not_picked":["Conserve Battery","Gash"],"picked":"Ball Lightning","floor":4.0},{"not_picked":["Steam","Beam Cell"],"picked":"Streamline","floor":6.0},{"not_picked":["Rebound","Steam"],"picked":"Defragment","floor":7.0},{"not_picked":["BootSequence","Ball Lightning"],"picked":"Genetic Algorithm","floor":8.0},{"not_picked":["Doom and Gloom","Ball Lightning"],"picked":"Auto Shields","floor":10.0},{"not_picked":["Redo","Recycle"],"picked":"Genetic Algorithm","floor":11.0},{"not_picked":["Leap","Barrage"],"picked":"Machine Learning","floor":13.0},{"not_picked":["Steam","Coolheaded"],"picked":"Ball Lightning","floor":14.0}],"player_experience":514058,"relics_obtained":[{"floor":6.0,"key":"MawBank"},{"floor":8.0,"key":"Shuriken"},{"floor":9.0,"key":"Dream Catcher"},{"floor":11.0,"key":"Centennial Puzzle"}],"event_choices":[{"damage_healed":0.0,"max_hp_gain":0.0,"max_hp_loss":0.0,"gold_gain":0.0,"event_name":"Golden Idol","player_choice":"Take Damage","floor":2.0,"gold_loss":0.0,"damage_taken":24.0,"relics_obtained":["Golden Idol"]},{"damage_healed":0.0,"max_hp_gain":5.0,"max_hp_loss":0.0,"gold_gain":0.0,"event_name":"Big Fish","player_choice":"Donut","floor":3.0,"gold_loss":0.0,"damage_taken":0.0},{"damage_healed":0.0,"max_hp_gain":0.0,"max_hp_loss":0.0,"gold_gain":0.0,"event_name":"Lab","player_choice":"Got Potions","floor":5.0,"gold_loss":0.0,"damage_taken":0.0}],"is_beta":false,"boss_relics":[],"items_purged_floors":[12],"is_endless":false,"potions_floor_spawned":[4,7,14],"killed_by":"Slime Boss","ascension_level":16}