{"gold_per_floor":[112,112,125,143,163,163,178,178,205,205,217,37,49,68,68,166,166,179,194,194,194],"floor_reached":21,"playtime":1540,"items_purged":[],"score":177,"play_id":"474e280b-586e-4193-a74e-02fc00893b82","local_time":"20190308143237","is_ascension_mode":false,"campfire_choices":[{"floor":6,"key":"REST"},{"data":"Chaos","floor":8,"key":"SMITH"},{"floor":15,"key":"REST"}],"neow_cost":"NONE","seed_source_timestamp":181541327863335,"circlet_count":0,"master_deck":["Strike_B","Strike_B+1","Strike_B","Strike_B","Defend_B","Defend_B","Defend_B","Defend_B","Zap","Dualcast","Leap","Chaos+1","White Noise","Compile Driver+1","Redo","Self Repair","All For One","Hyperbeam","Self Repair","Creative AI","Compile Driver","Consume"],"relics":["Cracked Core","Whetstone","Inserter"],"potions_floor_usage":[16,20,20],"damage_taken":[{"damage":6,"enemies":"Cultist","floor":1,"turns":3},{"damage":8,"enemies":"Small Slimes","floor":3,"turns":3},{"damage":7,"enemies":"2 Louse","floor":4,"turns":2},{"damage":15,"enemies":"Gremlin Gang","floor":5,"turns":5},{"damage":11,"enemies":"3 Louse","floor":7,"turns":4},{"damage":7,"enemies":"Large Slime","floor":11,"turns":4},{"damage":0,"enemies":"2 Fungi Beasts","floor":13,"turns":2},{"damage":2,"enemies":"3 Louse","floor":14,"turns":2},{"damage":46,"enemies":"Hexaghost","floor":16,"turns":10},{"damage":48,"enemies":"Spheric Guardian","floor":18,"turns":6},{"damage":20,"enemies":"Chosen","floor":19,"turns":5},{"damage":35,"enemies":"Snake Plant","floor":20,"turns":5},{"damage":20,"enemies":"Chosen and Byrds","floor":21,"turns":2}],"seed_played":"8238439272222097512","potions_obtained":[{"floor":0,"key":"Strength Potion"},{"floor":0,"key":"GamblersBrew"},{"floor":0,"key":"Strength Potion"},{"floor":7,"key":"Regen Potion"},{"floor":11,"key":"SmokeBomb"},{"floor":16,"key":"Ancient Potion"}],"is_trial":false,"path_per_floor":["?","?"],"character_chosen":"DEFECT","items_purchased":["Self Repair","All For One"],"campfire_rested":2,"item_purchase_floors":[12,12],"current_hp_per_floor":[69,69,61,54,39,61,50,50,50,55,48,48,48,46,70,38,80,46,40,19,0],"gold":194,"neow_bonus":"THREE_SMALL_POTIONS","is_prod":false,"is_daily":false,"chose_seed":false,"campfire_upgraded":1,"win_rate":0.0,"timestamp":1552051957,"path_taken":["M","?","M","M","M","R","M","R","T","?","M","$","M","M","R","BOSS","M","M","M","M"],"build_version":"2019-01-23","purchased_purges":0,"victory":false,"max_hp_per_floor":[75,75,75,75,75,75,75,75,75,80,80,80,80,80,80,80,80,80,80,80,80],"card_choices":[{"not_picked":["Sunder","Conserve Battery"],"picked":"Leap","floor":1},{"not_picked":["Static Discharge","Conserve Battery"],"picked":"Chaos","floor":3},{"not_picked":["Reinforced Body","Steam"],"picked":"White Noise","floor":4},{"not_picked":["Cold Snap","Rebound","Static Discharge"],"picked":"SKIP","floor":5},{"not_picked":["Coolheaded","Redo"],"picked":"Compile Driver","floor":7},{"not_picked":["Hello World","Conserve Battery"],"picked":"Redo","floor":11},{"not_picked":["Hello World","Coolheaded"],"picked":"Hyperbeam","floor":13},{"not_picked":["Auto Shields","Sweeping Beam"],"picked":"Self Repair","floor":14},{"not_picked":["Meteor Strike","Hyperbeam"],"picked":"Creative AI","floor":16},{"not_picked":["Rip and Tear","Capacitor"],"picked":"Compile Driver","floor":18},{"not_picked":["FTL","Static Discharge"],"picked":"Consume","floor":19}],"player_experience":69033,"relics_obtained":[{"floor":9,"key":"Whetstone"}],"event_choices":[{"damage_healed":0,"gold_gain":0,"player_choice":"Ignored","damage_taken":0,"max_hp_gain":0,"max_hp_loss":0,"event_name":"Golden Idol","floor":2,"gold_loss":0},{"damage_healed":0,"gold_gain":0,"player_choice":"Donut","damage_taken":0,"max_hp_gain":5,"max_hp_loss":0,"event_name":"Big Fish","floor":10,"gold_loss":0}],"is_beta":false,"boss_relics":[{"not_picked":["Black Star","Sozu"],"picked":"Inserter"}],"items_purged_floors":[],"is_endless":false,"potions_floor_spawned":[3,7,11,14,16,19,20],"killed_by":"Chosen and Byrds","ascension_level":0}