{"gold_per_floor":[109,109,119,119,140,140,165,165,165,203,378,378,399,399,399,519,519,534,382,382,132,57,57,19,19,19,42,222,247,247,72,72,72],"floor_reached":33,"playtime":2300,"items_purged":["Regret","Doubt","Storm of Steel"],"score":289,"play_id":"16e4b42c-116a-46cd-a1f9-f39b239c1c33","local_time":"20190304060007","is_ascension_mode":true,"campfire_choices":[{"data":"Glass Knife","floor":6,"key":"SMITH"},{"floor":8,"key":"REST"},{"data":"Glass Knife","floor":12,"key":"SMITH"},{"floor":15,"key":"REST"},{"data":"Footwork","floor":23,"key":"SMITH"},{"data":"Footwork","floor":25,"key":"SMITH"},{"data":"Tactician","floor":30,"key":"SMITH"},{"data":"Leg Sweep","floor":32,"key":"SMITH"}],"neow_cost":"NONE","seed_source_timestamp":105083503738054,"circlet_count":0,"master_deck":["Defend_G","Defend_G","Defend_G","Defend_G","Strike_G","Strike_G","Strike_G","Strike_G","Survivor","Neutralize","Glass Knife+1","Dagger Throw","Underhanded Strike","Backflip","Glass Knife+1","Leg Sweep+1","Footwork+1","Footwork+1","Tactician+1"],"relics":["Ring of the Snake","Golden Idol","Blue Candle","Tough Bandages","Letter Opener","Runic Pyramid","Happy Flower","Girya"],"potions_floor_usage":[16,33,33,33],"damage_taken":[{"damage":0,"enemies":"Small Slimes","floor":1,"turns":4},{"damage":0,"enemies":"2 Louse","floor":3,"turns":3},{"damage":2,"enemies":"Jaw Worm","floor":5,"turns":2},{"damage":0,"enemies":"Exordium Wildlife","floor":7,"turns":2},{"damage":35,"enemies":"Lagavulin","floor":10,"turns":7},{"damage":1,"enemies":"2 Fungi Beasts","floor":13,"turns":3},{"damage":11,"enemies":"Slime Boss","floor":16,"turns":12},{"damage":1,"enemies":"3 Byrds","floor":18,"turns":5},{"damage":0,"enemies":"Spheric Guardian","floor":27,"turns":3},{"damage":4,"enemies":"Snake Plant","floor":29,"turns":5},{"damage":61,"enemies":"Champ","floor":33,"turns":25}],"seed_played":"7307968063033152803","potions_obtained":[{"floor":3,"key":"Regen Potion"},{"floor":10,"key":"Dexterity Potion"},{"floor":29,"key":"SpeedPotion"}],"is_trial":false,"path_per_floor":["M","?","M","?","M","R","M","R","T","E","?","R","M","?","R","B",null,"M","$","?","$","?","R","$","R","T","M","?","M","R","$","R","B"],"character_chosen":"THE_SILENT","items_purchased":["Footwork","Happy Flower","Footwork","Dexterity Potion"],"campfire_rested":2,"item_purchase_floors":[19,21,24,31],"current_hp_per_floor":[70,63,63,46,44,44,44,65,65,30,30,30,29,29,50,54,70,69,69,69,69,69,69,69,69,69,69,48,44,44,44,44,0],"gold":72,"neow_bonus":"ONE_RANDOM_RARE_CARD","is_prod":false,"is_daily":false,"chose_seed":false,"campfire_upgraded":6,"win_rate":0,"timestamp":1551700807,"path_taken":["M","?","M","?","M","R","M","R","T","E","?","R","M","?","R","BOSS","M","$","?","$","?","R","?","R","T","M","?","?","R","$","R","BOSS"],"build_version":"2019-01-23","purchased_purges":3,"victory":false,"max_hp_per_floor":[70,70,70,70,70,70,70,70,70,70,70,70,70,70,70,70,70,70,70,70,70,70,70,70,70,70,70,70,70,70,70,70,70],"card_choices":[{"not_picked":["Outmaneuver","Riddle With Holes"],"picked":"Dagger Throw","floor":1},{"not_picked":["Sucker Punch","PiercingWail","Slice"],"picked":"SKIP","floor":3},{"not_picked":["Slice","Acrobatics"],"picked":"Underhanded Strike","floor":5},{"not_picked":["Skewer","Deadly Poison"],"picked":"Backflip","floor":7},{"not_picked":["Deflect","Poisoned Stab"],"picked":"Glass Knife","floor":10},{"not_picked":["Sucker Punch","Deadly Poison"],"picked":"Leg Sweep","floor":13},{"not_picked":["Burst","Glass Knife"],"picked":"Storm of Steel","floor":16},{"not_picked":["Cloak And Dagger","Underhanded Strike+1","Backflip"],"picked":"SKIP","floor":18},{"not_picked":["Deflect","Flying Knee"],"picked":"Tactician","floor":27},{"not_picked":["Slice","Catalyst","Tactician"],"picked":"SKIP","floor":29}],"player_experience":129370,"relics_obtained":[{"floor":9,"key":"Blue Candle"},{"floor":10,"key":"Tough Bandages"},{"floor":26,"key":"Girya"}],"event_choices":[{"cards_removed":["Strike_G"],"damage_healed":0,"gold_gain":0,"player_choice":"Card Removal","damage_taken":7,"max_hp_gain":0,"max_hp_loss":0,"event_name":"Golden Wing","floor":2,"gold_loss":0},{"damage_healed":0,"gold_gain":0,"player_choice":"Take Damage","damage_taken":17,"relics_obtained":["Golden Idol"],"max_hp_gain":0,"max_hp_loss":0,"event_name":"Golden Idol","floor":4,"gold_loss":0},{"damage_healed":0,"gold_gain":175,"player_choice":"AGREE","damage_taken":0,"max_hp_gain":0,"max_hp_loss":0,"event_name":"Liars Game","floor":11,"gold_loss":0,"cards_obtained":["Doubt"]},{"damage_healed":0,"gold_gain":0,"player_choice":"Box","damage_taken":0,"relics_obtained":["Letter Opener"],"max_hp_gain":0,"max_hp_loss":0,"event_name":"Big Fish","floor":14,"gold_loss":0,"cards_obtained":["Regret"]},{"damage_healed":0,"gold_gain":0,"player_choice":"Ignored","damage_taken":0,"max_hp_gain":0,"max_hp_loss":0,"event_name":"Vampires","floor":20,"gold_loss":0},{"cards_removed":["Defend_G"],"damage_healed":0,"gold_gain":0,"player_choice":"Gave Gold","damage_taken":0,"max_hp_gain":0,"max_hp_loss":0,"event_name":"Beggar","floor":22,"gold_loss":75},{"damage_healed":0,"gold_gain":180,"player_choice":"GOLD GOLD ","damage_taken":21,"max_hp_gain":0,"max_hp_loss":0,"event_name":"Knowing Skull","floor":28,"potions_obtained":[],"gold_loss":0,"cards_obtained":[]}],"is_beta":false,"boss_relics":[{"not_picked":["Lizard Tail","Snecko Eye"],"picked":"Runic Pyramid"}],"items_purged_floors":[19,21,31],"is_endless":false,"potions_floor_spawned":[3,10,18,29],"killed_by":"Champ","ascension_level":4}