{"gold_per_floor":[111,111,121,121,139,139,139,139,139,29,49,324,343,361,361,466,516,530,278,263,278,297,297,312,327,327,287,121,121,121,131,131,228,228,248,248,248,248,248,213,240,254,307,320,354,26,37,52,52,52],"floor_reached":51,"playtime":1693,"items_purged":["Strike_B","Regret"],"score":701,"play_id":"6cb067ce-59f1-4703-a72b-ebb2c84e8a0b","local_time":"20190301025743","is_ascension_mode":false,"campfire_choices":[{"data":"Zap","floor":6,"key":"SMITH"},{"data":"Creative AI","floor":8,"key":"SMITH"},{"floor":15,"key":"REST"},{"floor":23,"key":"REST"},{"floor":29,"key":"REST"},{"floor":32,"key":"REST"},{"data":"Heatsinks","floor":49,"key":"SMITH"}],"neow_cost":"PERCENT_DAMAGE","seed_source_timestamp":16553147241438,"circlet_count":0,"master_deck":["Strike_B+1","Defend_B+1","Defend_B+1","Defend_B+1","Defend_B+1","Zap+1","Dualcast+1","Creative AI+1","Leap","Ball Lightning","Hologram+1","Defragment+1","Heatsinks+1","Leap+1","Biased Cognition","Reinforced Body","Capacitor","Echo Form","Turbo+1","Defragment+1","Ball Lightning","Coolheaded","Conserve Battery","Machine Learning+1","Storm+1","Capacitor+1","Loop+1","Ball Lightning"],"relics":["Cracked Core","Whetstone","Tiny House","Juzu Bracelet","Frozen Egg 2","Busted Crown","Bird Faced Urn","PreservedInsect","Art of War","War Paint","Chemical X"],"potions_floor_usage":[11,16,16,18,20,22,25,25,31,42,50,50,50],"damage_taken":[{"damage":0,"enemies":"Small Slimes","floor":1,"turns":3},{"damage":1,"enemies":"Cultist","floor":3,"turns":3},{"damage":0,"enemies":"2 Louse","floor":5,"turns":3},{"damage":9,"enemies":"Exordium Thugs","floor":11,"turns":6},{"damage":25,"enemies":"Lots of Slimes","floor":13,"turns":5},{"damage":22,"enemies":"Exordium Wildlife","floor":14,"turns":5},{"damage":16,"enemies":"The Guardian","floor":16,"turns":7},{"damage":3,"enemies":"3 Byrds","floor":18,"turns":4},{"damage":27,"enemies":"2 Thieves","floor":20,"turns":4},{"damage":31,"enemies":"Sentry and Sphere","floor":21,"turns":6},{"damage":15,"enemies":"Centurion and Healer","floor":22,"turns":7},{"damage":17,"enemies":"Snecko","floor":24,"turns":5},{"damage":0,"enemies":"Snake Plant","floor":25,"turns":5},{"damage":0,"enemies":"Chosen and Byrds","floor":31,"turns":4},{"damage":77,"enemies":"Collector","floor":33,"turns":11},{"damage":10,"enemies":"3 Darklings","floor":35,"turns":6},{"damage":13,"enemies":"Giant Head","floor":41,"turns":6},{"damage":10,"enemies":"Orb Walker","floor":42,"turns":2},{"damage":10,"enemies":"Transient","floor":44,"turns":5},{"damage":45,"enemies":"Nemesis","floor":45,"turns":7},{"damage":9,"enemies":"Maw","floor":47,"turns":5},{"damage":6,"enemies":"Jaw Worm Horde","floor":48,"turns":4},{"damage":26,"enemies":"Donu and Deca","floor":50,"turns":5}],"seed_played":"6814753983070693479","potions_obtained":[{"floor":3,"key":"FocusPotion"},{"floor":5,"key":"FearPotion"},{"floor":7,"key":"FairyPotion"},{"floor":7,"key":"SkillPotion"},{"floor":11,"key":"FocusPotion"},{"floor":17,"key":"Fire Potion"},{"floor":18,"key":"SkillPotion"},{"floor":20,"key":"EntropicBrew"},{"floor":21,"key":"EssenceOfSteel"},{"floor":25,"key":"Fire Potion"},{"floor":41,"key":"PowerPotion"},{"floor":42,"key":"Dexterity Potion"},{"floor":44,"key":"Ancient Potion"}],"is_trial":false,"path_per_floor":["M","?","M","?","M","R","?","R","T","$","M","?","M","M","R","B",null,"M","$","M","M","M","R","M","M","T","?","$","R","?","M","R","B",null,"M","?","$","?","?","$","E","M","T","M","E","$","M","M","R","B",null],"character_chosen":"DEFECT","items_purchased":["Defragment","Juzu Bracelet","Defragment+1","Ball Lightning","Coolheaded","Storm+1","Chemical X","Dexterity Potion","Loop+1"],"campfire_rested":4,"item_purchase_floors":[10,19,28,28,28,40,46,46,46],"current_hp_per_floor":[54,59,58,58,58,58,58,58,58,58,49,49,24,2,26,10,85,82,82,55,24,9,34,17,17,17,17,17,42,42,42,67,8,85,75,75,75,75,75,75,81,73,73,81,51,51,64,76,76,75],"gold":52,"neow_bonus":"THREE_RARE_CARDS","is_prod":false,"is_daily":false,"chose_seed":false,"campfire_upgraded":3,"win_rate":0,"timestamp":1551430663,"path_taken":["M","?","M","?","?","R","?","R","T","?","?","?","M","M","R","BOSS","M","$","M","M","M","R","M","M","T","?","$","R","?","M","R","BOSS","M","?","$","?","?","$","E","M","T","M","E","$","M","M","R","BOSS"],"build_version":"2019-01-23","purchased_purges":2,"victory":true,"max_hp_per_floor":[75,80,80,80,80,80,80,80,80,80,80,80,80,80,80,80,85,85,85,85,85,85,85,85,85,85,85,85,85,85,85,85,85,85,85,85,85,81,81,81,81,81,81,81,81,81,81,81,81,81],"card_choices":[{"not_picked":["All For One","Buffer"],"picked":"Creative AI","floor":0},{"not_picked":["Cold Snap","Streamline"],"picked":"Leap","floor":1},{"not_picked":["Steam","Loop"],"picked":"Ball Lightning","floor":3},{"not_picked":["Force Field","Beam Cell"],"picked":"Hologram","floor":5},{"not_picked":["Beam Cell","Redo"],"picked":"Heatsinks","floor":11},{"not_picked":["Sweeping Beam","Coolheaded"],"picked":"Leap","floor":13},{"not_picked":["Aggregate","Loop","Gash"],"picked":"SKIP","floor":14},{"not_picked":["Core Surge","All For One"],"picked":"Biased Cognition","floor":16},{"not_picked":["Conserve Battery","Skim"],"picked":"Reinforced Body","floor":17},{"not_picked":["Streamline","Conserve Battery+1"],"picked":"Capacitor","floor":18},{"not_picked":["Glacier+1","Barrage"],"picked":"Echo Form","floor":20},{"not_picked":["Go for the Eyes","Blizzard"],"picked":"Turbo+1","floor":21},{"not_picked":["Darkness","Redo","Chill"],"picked":"SKIP","floor":22},{"not_picked":["Chill","Compile Driver+1","Beam Cell"],"picked":"SKIP","floor":24},{"not_picked":["Hologram","Streamline","Gash"],"picked":"SKIP","floor":25},{"not_picked":["Beam Cell","Stack+1"],"picked":"Conserve Battery","floor":31},{"not_picked":["Buffer+1","Reboot"],"picked":"Machine Learning+1","floor":33},{"not_picked":["Stack+1"],"picked":"SKIP","floor":35},{"not_picked":["Compile Driver+1"],"picked":"SKIP","floor":41},{"not_picked":["Melter"],"picked":"SKIP","floor":42},{"not_picked":["Fusion"],"picked":"SKIP","floor":44},{"not_picked":[],"picked":"Capacitor+1","floor":45},{"not_picked":[],"picked":"Ball Lightning","floor":47},{"not_picked":["Darkness"],"picked":"SKIP","floor":48}],"player_experience":962607,"relics_obtained":[{"floor":9,"key":"Whetstone"},{"floor":26,"key":"Frozen Egg 2"},{"floor":41,"key":"PreservedInsect"},{"floor":43,"key":"Art of War"},{"floor":45,"key":"War Paint"}],"event_choices":[{"damage_healed":0,"gold_gain":0,"player_choice":"Donut","damage_taken":0,"max_hp_gain":5,"max_hp_loss":0,"event_name":"Big Fish","floor":2,"gold_loss":0},{"cards_removed":["Strike_B"],"damage_healed":0,"gold_gain":0,"player_choice":"Offered Basic","damage_taken":0,"max_hp_gain":0,"max_hp_loss":0,"event_name":"Bonfire Elementals","floor":4,"gold_loss":0},{"damage_healed":0,"gold_gain":0,"player_choice":"Got Potions","damage_taken":0,"max_hp_gain":0,"max_hp_loss":0,"event_name":"Lab","floor":7,"gold_loss":0},{"damage_healed":0,"gold_gain":275,"player_choice":"Desecrate","damage_taken":0,"max_hp_gain":0,"max_hp_loss":0,"event_name":"Golden Shrine","floor":12,"gold_loss":0,"cards_obtained":["Regret"]},{"damage_healed":0,"gold_gain":0,"player_choice":"Upgrade","damage_taken":0,"max_hp_gain":0,"max_hp_loss":0,"event_name":"Designer","floor":27,"gold_loss":40,"cards_upgraded":["Hologram"]},{"damage_healed":0,"gold_gain":0,"player_choice":"Simplicity","damage_taken":0,"max_hp_gain":0,"max_hp_loss":0,"event_name":"Back to Basics","floor":30,"gold_loss":0,"cards_upgraded":["Defend_B","Defend_B","Defend_B","Defend_B"]},{"damage_healed":0,"gold_gain":0,"player_choice":"Gave Potion","damage_taken":0,"relics_obtained":["Bird Faced Urn"],"max_hp_gain":0,"max_hp_loss":0,"event_name":"WeMeetAgain","floor":36,"gold_loss":0},{"damage_healed":0,"gold_gain":0,"player_choice":"Max HP","damage_taken":0,"max_hp_gain":0,"max_hp_loss":4,"event_name":"Winding Halls","floor":38,"gold_loss":0},{"cards_removed":["Strike_B"],"damage_healed":0,"gold_gain":0,"player_choice":"Removed Attack","damage_taken":0,"max_hp_gain":0,"max_hp_loss":0,"event_name":"Falling","floor":39,"gold_loss":0}],"is_beta":false,"boss_relics":[{"not_picked":["Lizard Tail","White Beast Statue"],"picked":"Tiny House"},{"not_picked":["Cursed Key","Philosopher\u0027s Stone"],"picked":"Busted Crown"}],"items_purged_floors":[10,19],"is_endless":false,"potions_floor_spawned":[3,5,11,18,20,21,25,41,42,44],"ascension_level":0}