{"gold_per_floor":[115,129,54,54,64,64,74,74,101,160,170,170,202,216,216,314,314,334,334,352,370,370,370,381,381],"floor_reached":25,"playtime":1558,"items_purged":[],"score":215,"play_id":"5b1441eb-3134-494e-8380-39aebe047d3c","local_time":"20180921001831","is_ascension_mode":true,"campfire_choices":[{"data":"Static Discharge","floor":6,"key":"SMITH"},{"data":"Static Discharge","floor":8,"key":"SMITH"},{"data":"Lockon","floor":12,"key":"SMITH"},{"floor":15,"key":"REST"},{"data":"Defragment","floor":23,"key":"SMITH"}],"neow_cost":"NONE","seed_source_timestamp":157411328895268,"circlet_count":0,"master_deck":["Strike_B","Strike_B+1","Strike_B","Strike_B","Defend_B","Defend_B","Defend_B","Defend_B","Zap","Dualcast","Amplify+1","Auto Shields","Aggregate","Static Discharge+1","Static Discharge+1","Ball Lightning","Chaos","Lockon+1","Defragment+1","Defragment","Creative AI","Static Discharge","Writhe","Double Energy","FTL"],"relics":["Cracked Core","Smiling Mask","Orichalcum","Calipers","Coffee Dripper","Happy Flower"],"potions_floor_usage":[25,25],"damage_taken":[{"damage":3,"enemies":"2 Louse","floor":1,"turns":3},{"damage":3,"enemies":"Jaw Worm","floor":2,"turns":4},{"damage":3,"enemies":"Small Slimes","floor":5,"turns":3},{"damage":5,"enemies":"Looter","floor":7,"turns":3},{"damage":18,"enemies":"3 Sentries","floor":10,"turns":3},{"damage":13,"enemies":"Lots of Slimes","floor":11,"turns":3},{"damage":7,"enemies":"Gremlin Nob","floor":13,"turns":3},{"damage":0,"enemies":"3 Louse","floor":14,"turns":3},{"damage":8,"enemies":"Slime Boss","floor":16,"turns":7},{"damage":4,"enemies":"3 Byrds","floor":18,"turns":3},{"damage":6,"enemies":"Shell Parasite","floor":20,"turns":3},{"damage":19,"enemies":"3 Cultists","floor":21,"turns":4},{"damage":10,"enemies":"Chosen and Byrds","floor":24,"turns":5},{"damage":40,"enemies":"Slavers","floor":25,"turns":3}],"seed_played":"7817849393419914031","potions_obtained":[{"floor":1,"key":"Block Potion"},{"floor":11,"key":"Weak Potion"},{"floor":13,"key":"Fire Potion"},{"floor":16,"key":"Regen Potion"}],"is_trial":false,"path_per_floor":["M","M","$","?","M","R","M","R","T","?","M","R","E","M","R","B",null,"M","?","M","M","?","R","M"],"character_chosen":"DEFECT","items_purchased":["Static Discharge"],"campfire_rested":1,"item_purchase_floors":[3],"current_hp_per_floor":[72,69,69,54,51,51,46,46,46,28,15,15,8,8,30,22,75,71,71,65,46,32,32,22,0],"gold":381,"neow_bonus":"ONE_RANDOM_RARE_CARD","is_prod":false,"is_daily":false,"chose_seed":false,"campfire_upgraded":4,"win_rate":0,"timestamp":1537514311,"path_taken":["M","M","$","?","M","R","M","R","T","?","?","R","E","M","R","BOSS","M","?","M","M","?","R","M","E"],"build_version":"2018-09-20","purchased_purges":0,"victory":false,"max_hp_per_floor":[75,75,75,75,75,75,75,75,75,75,75,75,75,75,75,75,75,75,75,75,75,80,80,80,80],"card_choices":[{"not_picked":["Force Field","Reprogram"],"picked":"Auto Shields","floor":1},{"not_picked":["Stack","Recycle"],"picked":"Aggregate","floor":2},{"not_picked":["Beam Cell","Self Repair"],"picked":"Static Discharge","floor":5},{"not_picked":["Beam Cell","Scrape"],"picked":"Ball Lightning","floor":7},{"not_picked":["Rainbow","Ball Lightning"],"picked":"Chaos","floor":10},{"not_picked":["Rip and Tear","Cold Snap"],"picked":"Lockon","floor":11},{"not_picked":["Gash","Hologram"],"picked":"Defragment","floor":13},{"not_picked":["Coolheaded","Redo"],"picked":"Defragment","floor":14},{"not_picked":["Echo Form","Seek"],"picked":"Creative AI","floor":16},{"not_picked":["Steam","Hologram+1"],"picked":"Static Discharge","floor":18},{"not_picked":["Ball Lightning+1","Hologram"],"picked":"Double Energy","floor":20},{"not_picked":["Compile Driver","Consume","Coolheaded"],"picked":"SKIP","floor":21},{"not_picked":["Skim","Leap"],"picked":"FTL","floor":24}],"player_experience":141302,"relics_obtained":[{"floor":9,"key":"Smiling Mask"},{"floor":10,"key":"Orichalcum"},{"floor":13,"key":"Calipers"}],"event_choices":[{"event_name":"Shining Light","player_choice":"Entered Light","floor":4,"damage_taken":0},{"event_name":"Dead Adventurer","player_choice":"Searched \u00272\u0027 times","floor":10,"damage_taken":0},{"event_name":"The Mausoleum","player_choice":"Yes","floor":19,"damage_taken":0},{"event_name":"Forgotten Altar","player_choice":"Shed Blood","floor":22,"damage_taken":0}],"is_beta":false,"boss_relics":[{"not_picked":["Calling Bell","Fusion Hammer"],"picked":"Coffee Dripper"}],"items_purged_floors":[],"is_endless":false,"potions_floor_spawned":[1,11,13,16,20],"killed_by":"Slavers","ascension_level":1}