{"path_per_floor":["M","M","M","?","$","E","R","M","T","E","?","R","M","$","R","B",null,"M","M","?","$","M","R","E","R","T","R","M","E","M"],"character_chosen":"THE_SILENT","items_purchased":["Predator","Bronze Scales","Slice","Noxious Fumes"],"gold_per_floor":[119,129,144,144,77,110,110,125,125,155,155,155,175,27,27,102,102,112,129,129,10,25,25,56,56,56,56,73,105,117,117],"floor_reached":31,"campfire_rested":3,"playtime":1945,"current_hp_per_floor":[59,59,59,59,59,32,32,31,31,11,11,30,24,24,24,17,54,45,45,45,45,16,35,12,12,12,31,27,12,5,0],"items_purged":[],"gold":117,"score":499,"play_id":"114850ac-7e3b-41b5-b400-978887d16db9","local_time":"20180426081424","is_prod":false,"is_daily":false,"chose_seed":false,"is_ascension_mode":true,"campfire_upgraded":1,"timestamp":1524723264,"path_taken":["M","M","?","?","?","E","R","M","T","E","?","R","?","$","R","BOSS","M","M","?","$","M","R","E","R","T","R","?","E","M","M"],"build_version":"2018-04-19","seed_source_timestamp":258684213772593,"purchased_purges":0,"victory":false,"master_deck":["Defend_G","Defend_G","Defend_G","Defend_G","Defend_G","Strike_G","Strike_G","Strike_G","Strike_G","Survivor","Neutralize+1","AscendersBane","Dagger Spray","Blur","Infinite Blades","Predator","Tools of the Trade","PiercingWail","Tactician","Riddle With Holes","Backflip","After Image","Finisher","Blade Dance","Slice","Noxious Fumes","Sucker Punch","Cloak And Dagger","Blade Dance+1","Footwork"],"max_hp_per_floor":[66,66,66,66,66,66,66,66,66,66,66,66,66,66,66,66,66,66,66,66,66,66,66,66,66,66,66,66,66,66,66],"relics":["Ring of the Snake","The Specimen","Ice Cream","Girya","Bronze Scales","Cursed Key","Ornamental Fan","Shuriken"],"card_choices":[{"not_picked":["Deflect","Deadly Poison"],"picked":"Dagger Spray","floor":1},{"not_picked":["Prepared","Acrobatics"],"picked":"Blur","floor":2},{"not_picked":["Catalyst","Deflect"],"picked":"Infinite Blades","floor":3},{"not_picked":["Flying Knee","Bane"],"picked":"Tools of the Trade","floor":6},{"not_picked":["Dagger Throw","Eviscerate"],"picked":"PiercingWail","floor":8},{"not_picked":["PiercingWail","Noxious Fumes"],"picked":"Tactician","floor":10},{"not_picked":["Heel Hook","Deflect"],"picked":"Backflip","floor":13},{"not_picked":["Unload","Corpse Explosion"],"picked":"After Image","floor":16},{"not_picked":["Bane","Acrobatics"],"picked":"Finisher","floor":18},{"not_picked":["Quick Slash","Setup"],"picked":"Blade Dance","floor":19},{"not_picked":["Bane","Acrobatics"],"picked":"Sucker Punch","floor":22},{"not_picked":["Riddle With Holes","Dagger Throw"],"picked":"Cloak And Dagger","floor":24},{"not_picked":["Quick Slash","Underhanded Strike"],"picked":"Blade Dance","floor":29},{"not_picked":["Backflip","Sucker Punch"],"picked":"Footwork","floor":30}],"player_experience":448506,"potions_floor_usage":[6,16,16,29,29,29],"damage_taken":[{"damage":0,"enemies":"Cultist","floor":1,"turns":4},{"damage":0,"enemies":"2 Louse","floor":2,"turns":4},{"damage":0,"enemies":"Small Slimes","floor":3,"turns":4},{"damage":27,"enemies":"Lagavulin","floor":6,"turns":8},{"damage":1,"enemies":"2 Fungi Beasts","floor":8,"turns":3},{"damage":20,"enemies":"3 Sentries","floor":10,"turns":8},{"damage":6,"enemies":"Exordium Thugs","floor":13,"turns":4},{"damage":19,"enemies":"The Guardian","floor":16,"turns":11},{"damage":9,"enemies":"Spheric Guardian","floor":18,"turns":5},{"damage":0,"enemies":"3 Byrds","floor":19,"turns":4},{"damage":29,"enemies":"Snake Plant","floor":22,"turns":4},{"damage":23,"enemies":"Book of Stabbing","floor":24,"turns":6},{"damage":4,"enemies":"Centurion and Healer","floor":28,"turns":6},{"damage":15,"enemies":"Gremlin Leader","floor":29,"turns":6},{"damage":7,"enemies":"Sentry and Sphere","floor":30,"turns":4},{"damage":5,"enemies":"Snake Plant","floor":31,"turns":4}],"event_choices":[{"event_name":"Liars Game","player_choice":"disagreed","floor":4,"damage_taken":0},{"event_name":"Transmorgrifier","player_choice":"Transform","floor":11,"damage_taken":0},{"event_name":"Beggar","player_choice":"Ignored","floor":20,"damage_taken":0}],"boss_relics":[{"not_picked":["Tiny House","Runic Dome"],"picked":"Cursed Key"}],"potions_floor_spawned":[2,10,13,16,18,24,28],"seed_played":"8677933421047971174","killed_by":"Snake Plant","ascension_level":15,"is_trial":false}