{"gold_per_floor":[112,212,225,241,241,241,258,277,277,324,348,391,403,53,53,127,127,142,161,49,65,115,115,172,172,172,172,189,204,221,38,38,117,117,134,134,134,0,0,0,82,114,141,151,151,163,163,175,175,175],"floor_reached":50,"playtime":2068,"items_purged":["Strike_B","Strike_B"],"score":1191,"play_id":"627d8c36-c780-4151-8840-ffd9c620249e","local_time":"20190128025742","is_ascension_mode":true,"campfire_choices":[{"data":"Genetic Algorithm","floor":6,"key":"SMITH"},{"data":"Zap","floor":13,"key":"SMITH"},{"data":"Dualcast","floor":15,"key":"SMITH"},{"data":"Hologram","floor":23,"key":"SMITH"},{"data":"Coolheaded","floor":25,"key":"SMITH"},{"data":"Electrodynamics","floor":27,"key":"SMITH"},{"data":"Defragment","floor":32,"key":"SMITH"},{"floor":40,"key":"RECALL"},{"data":"Streamline","floor":45,"key":"SMITH"},{"floor":49,"key":"REST"}],"neow_cost":"NONE","seed_source_timestamp":1505517970731400,"circlet_count":0,"master_deck":["AscendersBane","Strike_B","Defend_B","Defend_B+1","Defend_B+1","Defend_B","Zap+1","Dualcast+1","Genetic Algorithm+1","Hologram+1","Coolheaded+1","Electrodynamics+1","Hologram+1","All For One","Darkness+1","Reboot+1","Gash","Gash","Skim+1","Recycle+1","Reboot+1","Streamline+1","Redo+1","Steam+1","Defragment+1","Seek+1","Go for the Eyes","Madness+1","Madness+1","Flash of Steel","Capacitor+1","Turbo+1","FTL"],"relics":["Cracked Core","NeowsBlessing","Happy Flower","MawBank","Toxic Egg 2","Letter Opener","Meat on the Bone","Philosopher\u0027s Stone","Tiny Chest","Inserter","Ornamental Fan","Red Mask","Sundial","War Paint","Blood Vial"],"potions_floor_usage":[10,12,21,21,28,33,50,50],"damage_taken":[{"damage":0,"enemies":"Cultist","floor":1,"turns":1},{"damage":0,"enemies":"Jaw Worm","floor":3,"turns":1},{"damage":0,"enemies":"Small Slimes","floor":4,"turns":1},{"damage":10,"enemies":"Red Slaver","floor":7,"turns":6},{"damage":9,"enemies":"3 Louse","floor":8,"turns":2},{"damage":2,"enemies":"3 Sentries","floor":10,"turns":3},{"damage":2,"enemies":"Looter","floor":11,"turns":4},{"damage":23,"enemies":"Lagavulin","floor":12,"turns":8},{"damage":0,"enemies":"Hexaghost","floor":16,"turns":8},{"damage":9,"enemies":"Shell Parasite","floor":18,"turns":3},{"damage":0,"enemies":"Spheric Guardian","floor":19,"turns":2},{"damage":5,"enemies":"Snake Plant","floor":21,"turns":2},{"damage":0,"enemies":"Gremlin Leader","floor":24,"turns":3},{"damage":10,"enemies":"Centurion and Healer","floor":28,"turns":2},{"damage":4,"enemies":"Snecko","floor":29,"turns":3},{"damage":0,"enemies":"3 Cultists","floor":30,"turns":2},{"damage":34,"enemies":"Automaton","floor":33,"turns":9},{"damage":0,"enemies":"3 Darklings","floor":35,"turns":2},{"damage":0,"enemies":"Reptomancer","floor":42,"turns":1},{"damage":0,"enemies":"Orb Walker","floor":44,"turns":2},{"damage":4,"enemies":"Sphere and 2 Shapes","floor":46,"turns":4},{"damage":0,"enemies":"4 Shapes","floor":48,"turns":2},{"damage":85,"enemies":"Time Eater","floor":50,"turns":4}],"seed_played":"6007804054784691245","potions_obtained":[{"floor":4,"key":"Energy Potion"},{"floor":7,"key":"Dexterity Potion"},{"floor":8,"key":"PowerPotion"},{"floor":12,"key":"Swift Potion"},{"floor":18,"key":"Swift Potion"},{"floor":24,"key":"Regen Potion"},{"floor":28,"key":"Regen Potion"},{"floor":35,"key":"GamblersBrew"},{"floor":46,"key":"SpeedPotion"}],"is_trial":false,"path_per_floor":["M","?","M","M","?","R","M","M","T","E","M","E","R","$","R","B",null,"M","M","$","M","?","R","E","R","T","R","M","M","M","$","R","B",null,"M","T","?","?","?","R","T","E","T","M","R","M","?","M","R","B"],"character_chosen":"DEFECT","items_purchased":["Meat on the Bone","Darkness+1","Skim+1","Defragment"],"campfire_rested":1,"item_purchase_floors":[14,14,20,31],"current_hp_per_floor":[64,64,64,64,64,64,54,45,45,43,41,18,18,18,18,30,61,52,52,52,47,47,47,47,47,47,47,42,38,38,38,38,31,61,61,61,48,48,48,48,48,48,48,50,50,48,48,50,71,0],"gold":175,"neow_bonus":"THREE_ENEMY_KILL","is_prod":false,"is_daily":false,"chose_seed":false,"campfire_upgraded":8,"win_rate":0,"timestamp":1548673062,"path_taken":["M","?","?","M","?","R","?","M","T","E","M","E","R","$","R","BOSS","M","M","$","M","?","R","E","R","T","R","M","M","M","$","R","BOSS","M","?","?","?","?","R","?","E","T","M","R","?","?","M","R","BOSS"],"build_version":"2019-01-23","purchased_purges":2,"victory":false,"max_hp_per_floor":[71,71,71,71,71,71,71,71,71,71,71,71,71,71,71,71,71,71,71,71,71,71,71,71,71,71,71,71,71,71,71,71,71,71,71,71,71,71,71,71,71,71,71,71,71,71,71,71,71,71],"card_choices":[{"not_picked":["Barrage","Rebound"],"picked":"Genetic Algorithm","floor":1},{"not_picked":["Rebound","Aggregate"],"picked":"Hologram","floor":3},{"not_picked":["Rebound","Go for the Eyes"],"picked":"Coolheaded","floor":4},{"not_picked":["Hologram","Coolheaded"],"picked":"Electrodynamics","floor":7},{"not_picked":["Compile Driver","Cold Snap","Beam Cell"],"picked":"SKIP","floor":8},{"not_picked":["Compile Driver","Rebound","Gash"],"picked":"SKIP","floor":10},{"not_picked":["Compile Driver","Rebound"],"picked":"Hologram+1","floor":11},{"not_picked":["Barrage","Streamline"],"picked":"All For One","floor":12},{"not_picked":["Thunder Strike","Meteor Strike"],"picked":"Reboot+1","floor":16},{"not_picked":["Ball Lightning","Force Field+1"],"picked":"Gash","floor":18},{"not_picked":["Rebound","Ball Lightning"],"picked":"Gash","floor":19},{"not_picked":["Steam+1","Conserve Battery+1"],"picked":"Recycle+1","floor":21},{"not_picked":["Cold Snap","Sunder"],"picked":"Reboot+1","floor":24},{"not_picked":["Conserve Battery+1","Sweeping Beam"],"picked":"Streamline","floor":28},{"not_picked":["Ball Lightning","Coolheaded+1"],"picked":"Redo+1","floor":29},{"not_picked":["Chill+1","Hello World"],"picked":"Steam+1","floor":30},{"not_picked":["Meteor Strike","Multi-Cast+1"],"picked":"Seek+1","floor":33},{"not_picked":["Leap+1","Lockon"],"picked":"Go for the Eyes","floor":35},{"not_picked":["Secret Technique+1","Transmutation+1"],"picked":"Flash of Steel","floor":39},{"not_picked":["Coolheaded+1","Cold Snap+1"],"picked":"Capacitor+1","floor":42},{"not_picked":["Cold Snap+1","Barrage"],"picked":"Turbo+1","floor":44},{"not_picked":["Conserve Battery+1","Heatsinks"],"picked":"FTL","floor":46},{"not_picked":["Hyperbeam","Coolheaded+1","Streamline"],"picked":"SKIP","floor":48}],"player_experience":601728,"relics_obtained":[{"floor":9,"key":"MawBank"},{"floor":10,"key":"Toxic Egg 2"},{"floor":12,"key":"Letter Opener"},{"floor":24,"key":"Tiny Chest"},{"floor":36,"key":"Ornamental Fan"},{"floor":41,"key":"Sundial"},{"floor":42,"key":"War Paint"},{"floor":43,"key":"Blood Vial"}],"event_choices":[{"damage_healed":0,"gold_gain":100,"player_choice":"Gold","damage_taken":0,"max_hp_gain":0,"max_hp_loss":0,"event_name":"Wheel of Change","floor":2,"gold_loss":0},{"damage_healed":0,"gold_gain":0,"player_choice":"Gave Potion","damage_taken":0,"relics_obtained":["Happy Flower"],"max_hp_gain":0,"max_hp_loss":0,"event_name":"WeMeetAgain","floor":5,"gold_loss":0},{"damage_healed":0,"gold_gain":50,"player_choice":"Pray","damage_taken":0,"max_hp_gain":0,"max_hp_loss":0,"event_name":"Golden Shrine","floor":22,"gold_loss":0},{"damage_healed":0,"gold_gain":0,"player_choice":"Embrace Madness","damage_taken":13,"max_hp_gain":0,"max_hp_loss":0,"event_name":"Winding Halls","floor":37,"gold_loss":0,"cards_obtained":["Madness","Madness"]},{"damage_healed":0,"gold_gain":0,"player_choice":"Paid","damage_taken":0,"relics_obtained":["Red Mask"],"max_hp_gain":0,"max_hp_loss":0,"event_name":"Tomb of Lord Red Mask","floor":38,"gold_loss":134},{"damage_healed":0,"gold_gain":0,"player_choice":"Memory 1","damage_taken":0,"max_hp_gain":0,"max_hp_loss":0,"event_name":"SensoryStone","floor":39,"gold_loss":0},{"cards_removed":["Strike_B"],"damage_healed":0,"gold_gain":0,"player_choice":"Removed Attack","damage_taken":0,"max_hp_gain":0,"max_hp_loss":0,"event_name":"Falling","floor":47,"gold_loss":0}],"is_beta":false,"boss_relics":[{"not_picked":["Lizard Tail","Empty Cage"],"picked":"Philosopher\u0027s Stone"},{"not_picked":["Eternal Feather","White Beast Statue"],"picked":"Inserter"}],"items_purged_floors":[20,31],"is_endless":false,"potions_floor_spawned":[4,7,8,12,18,24,28,35,46,48],"killed_by":"Time Eater","ascension_level":18}