{"gold_per_floor":[114,114,130,142,38,38,48,82,158,175,175,202,202,215,215,293,293,310,310,324,23,23,23,50,68,68,87,87],"floor_reached":28,"playtime":1016,"items_purged":[],"score":525,"play_id":"91078e3c-77cf-4991-a241-64d35c1d2c76","local_time":"20180812172916","is_ascension_mode":true,"campfire_choices":[{"floor":6,"key":"REST"},{"data":"Zap","floor":11,"key":"SMITH"},{"floor":13,"key":"REST"},{"data":"Defragment","floor":15,"key":"SMITH"},{"floor":23,"key":"REST"}],"neow_cost":"TEN_PERCENT_HP_LOSS","seed_source_timestamp":2761560543056192,"circlet_count":0,"master_deck":["Strike_B","Strike_B","Strike_B+1","Strike_B","Defend_B","Defend_B","Defend_B","Defend_B","Zap+1","Dualcast+1","AscendersBane","Leap","Streamline","Rebound","Defragment+1","Compile Driver","Go for the Eyes","Cold Snap","Ball Lightning","Electrodynamics","Hologram","Fission","Defragment","RitualDagger","Leap","Conserve Battery","Machine Learning","Stack","Steam Power"],"relics":["Cracked Core","Du-Vu Doll","Torii","Bottled Lightning","Dream Catcher","Fusion Hammer","Kunai","Regal Pillow","Pantograph"],"potions_floor_usage":[24,27,28],"damage_taken":[{"damage":0,"enemies":"2 Louse","floor":1,"turns":3},{"damage":7,"enemies":"Jaw Worm","floor":3,"turns":3},{"damage":5,"enemies":"Small Slimes","floor":4,"turns":3},{"damage":5,"enemies":"2 Fungi Beasts","floor":7,"turns":3},{"damage":25,"enemies":"Gremlin Nob","floor":8,"turns":4},{"damage":0,"enemies":"Large Slime","floor":10,"turns":5},{"damage":15,"enemies":"Lagavulin","floor":12,"turns":5},{"damage":9,"enemies":"3 Louse","floor":14,"turns":3},{"damage":0,"enemies":"Slime Boss","floor":16,"turns":6},{"damage":12,"enemies":"Chosen","floor":18,"turns":3},{"damage":1,"enemies":"3 Byrds","floor":20,"turns":2},{"damage":33,"enemies":"Book of Stabbing","floor":24,"turns":7},{"damage":0,"enemies":"3 Cultists","floor":25,"turns":3},{"damage":17,"enemies":"Snake Plant","floor":27,"turns":4},{"damage":11,"enemies":"Snecko","floor":28,"turns":4}],"seed_played":"-5989123652692976859","potions_obtained":[{"floor":8,"key":"FearPotion"},{"floor":12,"key":"Ancient Potion"},{"floor":18,"key":"Block Potion"},{"floor":25,"key":"FearPotion"},{"floor":27,"key":"Ancient Potion"}],"is_trial":false,"path_per_floor":["M","?","M","M","$","R","M","E","T","M","R","E","R","M","R","B",null,"M","?","M","$","?","R","E","M","T","M"],"character_chosen":"DEFECT","items_purchased":["Defragment","Compile Driver","Kunai","Leap"],"campfire_rested":3,"item_purchase_floors":[5,5,21,21],"current_hp_per_floor":[64,45,38,33,33,52,47,22,22,22,22,7,26,17,17,17,52,40,34,33,33,33,52,19,19,19,2,0],"gold":87,"neow_bonus":"ONE_RARE_RELIC","is_prod":false,"is_daily":false,"chose_seed":false,"campfire_upgraded":2,"win_rate":0,"timestamp":1534087756,"path_taken":["M","?","?","M","$","R","M","E","T","M","R","E","R","M","R","BOSS","M","?","M","$","?","R","E","M","T","M","M"],"build_version":"2018-08-09","purchased_purges":0,"victory":false,"max_hp_per_floor":[64,64,64,64,64,64,64,64,64,64,64,64,64,64,64,64,64,64,64,64,64,64,64,64,64,64,64,64],"card_choices":[{"not_picked":["Beam Cell","Coolheaded"],"picked":"Leap","floor":1},{"not_picked":["Sweeping Beam","Gash"],"picked":"Streamline","floor":3},{"not_picked":["Chill","Turbo"],"picked":"Rebound","floor":4},{"not_picked":["Steam","Rebound"],"picked":"Go for the Eyes","floor":7},{"not_picked":["Loop","Steam Power"],"picked":"Cold Snap","floor":8},{"not_picked":["Steam","Compile Driver"],"picked":"Ball Lightning","floor":10},{"not_picked":["Cold Snap","Steam"],"picked":"Electrodynamics","floor":12},{"not_picked":["Undo","Sunder"],"picked":"Hologram","floor":14},{"not_picked":["Biased Cognition","Seek"],"picked":"Fission","floor":16},{"not_picked":["Gash","Darkness"],"picked":"Defragment","floor":18},{"not_picked":["Turbo","Gash+1","Tempest"],"picked":"SKIP","floor":20},{"not_picked":["Barrage","Hello World"],"picked":"Conserve Battery","floor":23},{"not_picked":["Rip and Tear","Chaos"],"picked":"Machine Learning","floor":24},{"not_picked":["Steam","Hologram"],"picked":"Stack","floor":25},{"not_picked":["Leap","Rainbow"],"picked":"Steam Power","floor":27}],"player_experience":954643,"relics_obtained":[{"floor":8,"key":"Torii"},{"floor":9,"key":"Bottled Lightning"},{"floor":12,"key":"Dream Catcher"},{"floor":24,"key":"Regal Pillow"},{"floor":26,"key":"Pantograph"}],"event_choices":[{"event_name":"Shining Light","player_choice":"Entered Light","floor":2,"damage_taken":0},{"event_name":"Nest","player_choice":"Joined the Cult","floor":19,"damage_taken":0},{"event_name":"Beggar","player_choice":"Ignored","floor":22,"damage_taken":0}],"is_beta":false,"boss_relics":[{"not_picked":["Philosopher\u0027s Stone","Inserter"],"picked":"Fusion Hammer"}],"items_purged_floors":[],"is_endless":false,"potions_floor_spawned":[8,12,18,25,27],"killed_by":"Snecko","ascension_level":15}