{"gold_per_floor":[114,114,114,114,114,114,129,129,129,129,155,155,155,183,183,279,279,295,314,314,333,353,353,383,383,383,383,217,230,25,25,25,127,127,144,160,160,160,176,176,190,202,202,212,224,224,224],"floor_reached":47,"playtime":2546,"items_purged":[],"score":705,"play_id":"d87c2b96-5fa3-4c29-9080-ef44a3f474d1","local_time":"20190305154724","is_ascension_mode":true,"campfire_choices":[{"floor":6,"key":"REST"},{"data":"Double Tap","floor":8,"key":"SMITH"},{"data":"Bash","floor":10,"key":"SMITH"},{"floor":12,"key":"REST"},{"floor":15,"key":"REST"},{"floor":23,"key":"REST"},{"data":"Twin Strike","floor":25,"key":"SMITH"},{"data":"Intimidate","floor":27,"key":"SMITH"},{"floor":32,"key":"REST"},{"data":"Feed","floor":40,"key":"SMITH"}],"neow_cost":"NONE","seed_source_timestamp":102362498585230,"circlet_count":0,"master_deck":["AscendersBane","Strike_R+1","Strike_R+1","Strike_R","Strike_R","Defend_R","Defend_R","Defend_R","Bash+1","Double Tap+1","Iron Wave+1","Intimidate+1","Twin Strike+1","Feed+1","Barricade","Inflame","Shrug It Off","Double Tap+1","Disarm+1","Pain"],"relics":["Black Blood","Matryoshka","PreservedInsect","Shuriken","Charon\u0027s Ashes","Vajra","Busted Crown","Boot","Regal Pillow","Mercury Hourglass","Toy Ornithopter","Meat on the Bone","WarpedTongs"],"potions_floor_usage":[14,24,24,33,33,33,42,42,42,44],"damage_taken":[{"damage":5,"enemies":"2 Louse","floor":1,"turns":5},{"damage":0,"enemies":"Small Slimes","floor":7,"turns":3},{"damage":18,"enemies":"Gremlin Nob","floor":11,"turns":3},{"damage":18,"enemies":"Lagavulin","floor":14,"turns":4},{"damage":35,"enemies":"The Guardian","floor":16,"turns":7},{"damage":14,"enemies":"Chosen","floor":18,"turns":5},{"damage":26,"enemies":"Spheric Guardian","floor":19,"turns":4},{"damage":14,"enemies":"Snake Plant","floor":21,"turns":4},{"damage":19,"enemies":"Snecko","floor":22,"turns":5},{"damage":1,"enemies":"Slavers","floor":24,"turns":3},{"damage":19,"enemies":"Sentry and Sphere","floor":29,"turns":4},{"damage":73,"enemies":"Automaton","floor":33,"turns":8},{"damage":4,"enemies":"3 Shapes","floor":35,"turns":7},{"damage":11,"enemies":"Orb Walker","floor":36,"turns":2},{"damage":35,"enemies":"Maw","floor":39,"turns":6},{"damage":36,"enemies":"Spire Growth","floor":41,"turns":4},{"damage":11,"enemies":"3 Darklings","floor":42,"turns":7},{"damage":46,"enemies":"Maw","floor":44,"turns":7},{"damage":22,"enemies":"Sphere and 2 Shapes","floor":45,"turns":3},{"damage":59,"enemies":"Writhing Mass","floor":47,"turns":2}],"seed_played":"-1586174616578734284","potions_obtained":[{"floor":7,"key":"SpeedPotion"},{"floor":11,"key":"Block Potion"},{"floor":16,"key":"PowerPotion"},{"floor":22,"key":"SteroidPotion"},{"floor":29,"key":"Poison Potion"},{"floor":33,"key":"SkillPotion"},{"floor":39,"key":"Swift Potion"},{"floor":41,"key":"Poison Potion"},{"floor":42,"key":"SkillPotion"}],"is_trial":false,"path_per_floor":["M","?","?","?","?","R","M","R","T","R","E","R","?","E","R","B",null,"M","M","?","M","M","R","E","R","T","R","$","M","$","$","R","B",null,"M","M","?","?","M","R","M","M","T","M","M","?","M"],"character_chosen":"IRONCLAD","items_purchased":["Inflame","Shrug It Off","EssenceOfSteel","Toy Ornithopter"],"campfire_rested":5,"item_purchase_floors":[28,28,28,30],"current_hp_per_floor":[73,73,66,50,25,49,55,55,55,55,43,67,67,55,79,50,73,68,48,48,43,30,55,63,63,63,63,63,53,53,53,92,40,79,88,90,90,90,65,65,39,53,53,34,38,38,0],"gold":224,"neow_bonus":"ONE_RANDOM_RARE_CARD","is_prod":false,"is_daily":false,"chose_seed":false,"campfire_upgraded":5,"win_rate":0,"timestamp":1551822444,"path_taken":["M","?","?","?","?","R","M","R","T","R","E","R","?","E","R","BOSS","M","M","?","M","M","R","E","R","T","R","$","M","?","$","R","BOSS","M","M","?","?","?","R","M","M","T","M","M","?","?"],"build_version":"2019-01-23","purchased_purges":0,"victory":false,"max_hp_per_floor":[80,80,80,80,80,80,80,80,80,80,80,80,80,80,80,80,80,83,83,83,86,86,86,89,89,89,89,89,92,92,92,92,92,92,95,98,98,98,98,98,98,98,98,98,102,102,102],"card_choices":[{"not_picked":["Clash","Dual Wield","Burning Pact"],"picked":"SKIP","floor":1},{"not_picked":["Thunderclap","Clash"],"picked":"Iron Wave","floor":7},{"not_picked":["Body Slam","Wild Strike"],"picked":"Intimidate","floor":11},{"not_picked":["Carnage","Infernal Blade"],"picked":"Twin Strike","floor":14},{"not_picked":["Fiend Fire","Brutality"],"picked":"Feed","floor":16},{"not_picked":["Dual Wield"],"picked":"SKIP","floor":18},{"not_picked":["Heavy Blade"],"picked":"SKIP","floor":19},{"not_picked":["Armaments"],"picked":"SKIP","floor":21},{"not_picked":["Blood for Blood"],"picked":"SKIP","floor":22},{"not_picked":["Perfected Strike"],"picked":"SKIP","floor":24},{"not_picked":["Brutality"],"picked":"SKIP","floor":29},{"not_picked":["Shockwave"],"picked":"SKIP","floor":35},{"not_picked":["Rupture+1"],"picked":"SKIP","floor":36},{"not_picked":["Body Slam"],"picked":"SKIP","floor":39},{"not_picked":[],"picked":"Disarm+1","floor":41},{"not_picked":["Power Through"],"picked":"SKIP","floor":42},{"not_picked":["Armaments+1"],"picked":"SKIP","floor":44},{"not_picked":["Armaments+1"],"picked":"SKIP","floor":45}],"player_experience":186450,"relics_obtained":[{"floor":9,"key":"PreservedInsect"},{"floor":9,"key":"Shuriken"},{"floor":11,"key":"Charon\u0027s Ashes"},{"floor":14,"key":"Vajra"},{"floor":24,"key":"Boot"},{"floor":26,"key":"Regal Pillow"},{"floor":26,"key":"Mercury Hourglass"},{"floor":43,"key":"Meat on the Bone"}],"event_choices":[{"damage_healed":0,"gold_gain":0,"player_choice":"Ignored","damage_taken":0,"max_hp_gain":0,"max_hp_loss":0,"event_name":"Liars Game","floor":2,"gold_loss":0},{"cards_removed":["Defend_R"],"damage_healed":0,"gold_gain":0,"player_choice":"Card Removal","damage_taken":7,"max_hp_gain":0,"max_hp_loss":0,"event_name":"Golden Wing","floor":3,"gold_loss":0},{"damage_healed":0,"gold_gain":0,"player_choice":"Entered Light","damage_taken":16,"max_hp_gain":0,"max_hp_loss":0,"event_name":"Shining Light","floor":4,"gold_loss":0,"cards_upgraded":["Strike_R","Strike_R"]},{"damage_healed":0,"gold_gain":0,"player_choice":"Success","damage_taken":25,"relics_obtained":["Matryoshka"],"max_hp_gain":0,"max_hp_loss":0,"event_name":"Scrap Ooze","floor":5,"gold_loss":0},{"damage_healed":0,"gold_gain":0,"player_choice":"Grow","damage_taken":0,"max_hp_gain":0,"max_hp_loss":0,"event_name":"Living Wall","floor":13,"gold_loss":0,"cards_upgraded":["Iron Wave"]},{"damage_healed":0,"gold_gain":0,"cards_transformed":["Strike_R"],"player_choice":"Transformed","damage_taken":0,"max_hp_gain":0,"max_hp_loss":0,"event_name":"Transmorgrifier","floor":20,"gold_loss":0,"cards_obtained":["Barricade"]},{"damage_healed":0,"gold_gain":0,"player_choice":"Ignored","damage_taken":0,"max_hp_gain":0,"max_hp_loss":0,"event_name":"Mysterious Sphere","floor":37,"gold_loss":0},{"damage_healed":0,"gold_gain":0,"player_choice":"Copied","damage_taken":0,"max_hp_gain":0,"max_hp_loss":0,"event_name":"Duplicator","floor":38,"gold_loss":0,"cards_obtained":["Double Tap"]},{"damage_healed":0,"gold_gain":0,"player_choice":"Rummage","damage_taken":0,"relics_obtained":["WarpedTongs"],"max_hp_gain":0,"max_hp_loss":0,"event_name":"Accursed Blacksmith","floor":46,"gold_loss":0,"cards_obtained":["Pain"]}],"is_beta":false,"boss_relics":[{"not_picked":["Runic Pyramid","Sozu"],"picked":"Busted Crown"},{"not_picked":["White Beast Statue","Runic Dome"],"picked":"Black Blood"}],"items_purged_floors":[],"is_endless":false,"potions_floor_spawned":[7,11,16,22,29,33,39,41,42],"killed_by":"Writhing Mass","ascension_level":10}