{"gold_per_floor":[111,37,0,19,69,69,103,114,114,141,141,198,198],"floor_reached":13,"playtime":734,"items_purged":[],"score":182,"play_id":"a521e62f-f17e-4dac-a70f-e16d97b38ea0","local_time":"20190203134725","is_ascension_mode":true,"campfire_choices":[{"data":"Zap","floor":6,"key":"SMITH"},{"floor":11,"key":"REST"}],"neow_cost":"NONE","seed_source_timestamp":254205780611141,"circlet_count":0,"master_deck":["AscendersBane","Strike_B","Strike_B","Strike_B","Strike_B","Defend_B","Defend_B","Defend_B","Defend_B","Zap+1","Dualcast","Steam","Go for the Eyes","Conserve Battery","Go for the Eyes","Cold Snap","Doom and Gloom","Seek","Loop"],"relics":["Cracked Core","Juzu Bracelet","Ice Cream","Turnip","Bottled Flame","PreservedInsect"],"potions_floor_usage":[12],"damage_taken":[{"damage":1,"enemies":"Cultist","floor":1,"turns":3},{"damage":0,"enemies":"2 Louse","floor":4,"turns":2},{"damage":41,"enemies":"3 Sentries","floor":7,"turns":12},{"damage":1,"enemies":"Jaw Worm","floor":8,"turns":4},{"damage":8,"enemies":"Lagavulin","floor":10,"turns":6},{"damage":19,"enemies":"Lagavulin Event","floor":12,"turns":4},{"damage":28,"enemies":"Gremlin Nob","floor":13,"turns":3}],"seed_played":"-8001323584426816220","potions_obtained":[{"floor":7,"key":"FocusPotion"},{"floor":8,"key":"Explosive Potion"}],"is_trial":false,"path_per_floor":["M","$","?","M","?","R","E","M","T","E","R","?","E"],"character_chosen":"DEFECT","items_purchased":["Go for the Eyes","Conserve Battery"],"campfire_rested":1,"item_purchase_floors":[2,2],"current_hp_per_floor":[63,63,63,63,63,63,22,21,21,13,34,15,0],"gold":198,"neow_bonus":"RANDOM_COMMON_RELIC","is_prod":false,"is_daily":false,"chose_seed":false,"campfire_upgraded":1,"win_rate":0,"timestamp":1549198045,"path_taken":["M","$","?","M","?","R","E","M","T","E","R","?","E"],"build_version":"2019-01-23","purchased_purges":0,"victory":false,"max_hp_per_floor":[71,71,71,71,71,71,71,71,71,71,71,71,71],"card_choices":[{"not_picked":["Stack","Redo"],"picked":"Steam","floor":1},{"not_picked":["Rebound","Reprogram"],"picked":"Go for the Eyes","floor":4},{"not_picked":["Glacier","Scrape"],"picked":"Cold Snap","floor":7},{"not_picked":["Scrape","Barrage"],"picked":"Doom and Gloom","floor":8},{"not_picked":["Machine Learning","Recycle"],"picked":"Seek","floor":10},{"not_picked":["Turbo","Conserve Battery"],"picked":"Loop","floor":12}],"player_experience":1044027,"relics_obtained":[{"floor":7,"key":"Ice Cream"},{"floor":9,"key":"Turnip"},{"floor":10,"key":"Bottled Flame"}],"event_choices":[{"damage_healed":0,"gold_gain":0,"player_choice":"Left Gold","damage_taken":0,"max_hp_gain":0,"max_hp_loss":0,"event_name":"World of Goop","floor":3,"gold_loss":37},{"damage_healed":0,"gold_gain":50,"player_choice":"Pray","damage_taken":0,"max_hp_gain":0,"max_hp_loss":0,"event_name":"Golden Shrine","floor":5,"gold_loss":0},{"damage_healed":0,"gold_gain":0,"player_choice":"Searched \u00272\u0027 times","damage_taken":0,"relics_obtained":["PreservedInsect"],"max_hp_gain":0,"max_hp_loss":0,"event_name":"Dead Adventurer","floor":12,"gold_loss":0}],"is_beta":true,"boss_relics":[],"items_purged_floors":[],"is_endless":false,"potions_floor_spawned":[7,8,10],"killed_by":"Gremlin Nob","ascension_level":20}