{"gold_per_floor":[114,114,114,186,202,202,226,257,307,307,321,336,352,367,367,367],"floor_reached":16,"playtime":626,"items_purged":[],"score":109,"play_id":"d760a4fd-0750-44b8-b263-56824eb88d4c","local_time":"20190303204145","is_ascension_mode":true,"campfire_choices":[{"data":"Forethought","floor":6,"key":"SMITH"},{"floor":15,"key":"DIG"}],"neow_cost":"NONE","seed_source_timestamp":8912812228063,"circlet_count":0,"master_deck":["Strike_R","Strike_R","Strike_R","Strike_R","Strike_R","Defend_R","Defend_R","Defend_R","Defend_R","Bash","Forethought+1","Sever Soul","Regret","Perfected Strike","Pommel Strike","Bloodletting","Armaments","Thunderclap","Pommel Strike","Rupture"],"relics":["Burning Blood","Omamori","Golden Idol","Shovel","Bronze Scales","Bag of Marbles","Regal Pillow"],"potions_floor_usage":[8,8,16,16],"damage_taken":[{"damage":0,"enemies":"2 Louse","floor":1,"turns":3},{"damage":14,"enemies":"Jaw Worm","floor":5,"turns":5},{"damage":19,"enemies":"Small Slimes","floor":7,"turns":5},{"damage":21,"enemies":"Lagavulin","floor":8,"turns":4},{"damage":10,"enemies":"Looter","floor":11,"turns":2},{"damage":8,"enemies":"Red Slaver","floor":12,"turns":2},{"damage":13,"enemies":"Lots of Slimes","floor":13,"turns":3},{"damage":13,"enemies":"Blue Slaver","floor":14,"turns":2},{"damage":36,"enemies":"Hexaghost","floor":16,"turns":5}],"seed_played":"-8988049251213988892","potions_obtained":[{"floor":1,"key":"AttackPotion"},{"floor":5,"key":"BloodPotion"},{"floor":11,"key":"PowerPotion"},{"floor":14,"key":"FearPotion"}],"is_trial":false,"path_per_floor":["M","?","?","?","M","R","M","E","T","T","M","M","M","M","R","B"],"character_chosen":"IRONCLAD","items_purchased":[],"campfire_rested":0,"item_purchase_floors":[],"current_hp_per_floor":[80,80,80,80,72,72,59,52,52,52,48,46,39,32,32,0],"gold":367,"neow_bonus":"RANDOM_COLORLESS","is_prod":false,"is_daily":false,"chose_seed":false,"campfire_upgraded":1,"win_rate":0,"timestamp":1551613305,"path_taken":["M","?","?","?","M","R","M","E","T","?","?","M","?","M","R","BOSS"],"build_version":"2019-01-23","purchased_purges":0,"victory":false,"max_hp_per_floor":[80,80,80,80,80,80,80,80,80,80,80,80,80,80,80,80],"card_choices":[{"not_picked":["Wild Strike","Evolve"],"picked":"Sever Soul","floor":1},{"not_picked":["Inflame","Clash"],"picked":"Perfected Strike","floor":5},{"not_picked":["Burning Pact","Wild Strike"],"picked":"Pommel Strike","floor":7},{"not_picked":["Disarm","Shrug It Off"],"picked":"Bloodletting","floor":8},{"not_picked":["Sword Boomerang","Iron Wave"],"picked":"Armaments","floor":11},{"not_picked":["Sever Soul","Infernal Blade"],"picked":"Thunderclap","floor":12},{"not_picked":["True Grit","Armaments"],"picked":"Pommel Strike","floor":13},{"not_picked":["Pummel","Impervious"],"picked":"Rupture","floor":14}],"player_experience":33722,"relics_obtained":[{"floor":8,"key":"Shovel"},{"floor":9,"key":"Bronze Scales"},{"floor":10,"key":"Bag of Marbles"},{"floor":15,"key":"Regal Pillow"}],"event_choices":[{"damage_healed":0,"gold_gain":0,"player_choice":"Box","damage_taken":0,"relics_obtained":["Omamori"],"max_hp_gain":0,"max_hp_loss":0,"event_name":"Big Fish","floor":2,"gold_loss":0,"cards_obtained":["Regret"]},{"damage_healed":0,"gold_gain":0,"player_choice":"Take Wound","damage_taken":0,"relics_obtained":["Golden Idol"],"max_hp_gain":0,"max_hp_loss":0,"event_name":"Golden Idol","floor":3,"gold_loss":0,"cards_obtained":["Injury"]},{"damage_healed":0,"gold_gain":72,"player_choice":"Gained Gold","damage_taken":0,"max_hp_gain":0,"max_hp_loss":0,"event_name":"Golden Wing","floor":4,"gold_loss":0}],"is_beta":false,"boss_relics":[],"items_purged_floors":[],"is_endless":false,"potions_floor_spawned":[1,5,11,14],"killed_by":"Hexaghost","ascension_level":1}