{"gold_per_floor":[118,118,133,151,151,151,171,171,171,171,188,199,199],"floor_reached":13,"playtime":328,"items_purged":[],"score":77,"play_id":"1b0135ac-25a3-4b3a-8537-b976e9df538d","local_time":"20180914192808","is_ascension_mode":false,"campfire_choices":[{"data":"Strike_R","floor":6,"key":"SMITH"},{"data":"Twin Strike","floor":8,"key":"SMITH"},{"data":"Strike_R","floor":10,"key":"SMITH"}],"neow_cost":"","seed_source_timestamp":141121458870767,"circlet_count":0,"master_deck":["Strike_R","Strike_R","Strike_R","Strike_R+1","Strike_R+1","Defend_R","Defend_R","Defend_R","Bash","Twin Strike+1","Wild Strike"],"relics":["Burning Blood","Letter Opener"],"potions_floor_usage":[7],"damage_taken":[{"damage":0,"enemies":"2 Louse","floor":1,"turns":3},{"damage":10,"enemies":"Small Slimes","floor":3,"turns":3},{"damage":11,"enemies":"Jaw Worm","floor":4,"turns":2},{"damage":12,"enemies":"2 Fungi Beasts","floor":7,"turns":2},{"damage":14,"enemies":"3 Louse","floor":11,"turns":3},{"damage":32,"enemies":"Exordium Thugs","floor":12,"turns":4},{"damage":0,"enemies":"Exordium Wildlife","floor":13,"turns":1}],"seed_played":"8487795668086954040","potions_obtained":[{"floor":4,"key":"Fire Potion"},{"floor":11,"key":"Block Potion"}],"is_trial":false,"path_per_floor":["M","?","M","M","?","R","M","R","T","R","M","M"],"character_chosen":"IRONCLAD","items_purchased":[],"campfire_rested":0,"item_purchase_floors":[],"current_hp_per_floor":[80,80,76,71,71,71,65,65,65,65,57,31,31],"gold":199,"neow_bonus":"","is_prod":false,"is_daily":false,"chose_seed":false,"campfire_upgraded":3,"win_rate":0,"timestamp":1536967688,"path_taken":["M","?","M","M","?","R","M","R","T","R","M","?","M"],"build_version":"2018-09-06","purchased_purges":0,"victory":false,"max_hp_per_floor":[80,80,80,80,80,80,80,80,80,80,80,80,80],"card_choices":[{"not_picked":["Shrug It Off","Feel No Pain","Armaments"],"picked":"SKIP","floor":1},{"not_picked":["Entrench","Flame Barrier","Inflame"],"picked":"SKIP","floor":3},{"not_picked":["Fire Breathing","Clothesline","Infernal Blade"],"picked":"SKIP","floor":4},{"not_picked":["Inflame","Dual Wield"],"picked":"Twin Strike","floor":7},{"not_picked":["Warcry","Iron Wave"],"picked":"Wild Strike","floor":11},{"not_picked":["Spot Weakness","Warcry","Ghostly Armor"],"picked":"SKIP","floor":12}],"player_experience":139750,"relics_obtained":[{"floor":9,"key":"Letter Opener"}],"event_choices":[{"event_name":"The Cleric","player_choice":"Leave","floor":2,"damage_taken":0},{"event_name":"Living Wall","player_choice":"Forget","floor":5,"damage_taken":0}],"is_beta":false,"boss_relics":[],"items_purged_floors":[],"is_endless":false,"potions_floor_spawned":[4,11],"killed_by":"Exordium Wildlife","ascension_level":0}