{"gold_per_floor":[114,128,140,60,74,74,137,172,172,172,172,172,199,219,219,319,319,331,246,259,36,48,76,76,36,36,36,135,149,180,190,190,285,285,295,51,68,68,68,95,95,113,139,139,159,170,170,190,190,190],"floor_reached":51,"playtime":3975,"items_purged":["Defend_B","Strike_B"],"score":704,"play_id":"c35856b6-3e7f-4f33-9d78-034cb317192f","local_time":"20180819183606","is_ascension_mode":false,"campfire_choices":[{"data":"Chaos","floor":6,"key":"SMITH"},{"floor":12,"key":"REST"},{"data":"Defragment","floor":15,"key":"SMITH"},{"data":"Skim","floor":24,"key":"SMITH"},{"data":"Undo","floor":27,"key":"SMITH"},{"floor":32,"key":"REST"},{"floor":41,"key":"REST"},{"data":"Apotheosis","floor":44,"key":"SMITH"},{"data":"Creative AI","floor":49,"key":"SMITH"}],"neow_cost":"","seed_source_timestamp":141113134872615,"circlet_count":0,"master_deck":["Strike_B","Defend_B","Defend_B","Defend_B","Zap","Dualcast","Self Repair","Undo+1","Defragment+1","Defragment","Chaos+1","Darkness","Loop","Rebound","Capacitor","Meteor Strike","Hologram","Conserve Battery","Self Repair","Fusion","Forethought","Reinforced Body","Heatsinks","Skim+1","White Noise","Fusion+1","Defragment","Creative AI+1","Compile Driver+1","Apotheosis+1","Madness","Madness","Tempest","Conserve Battery+1","Storm+1","Barrage+1","Hologram+1"],"relics":["Cracked Core","Mummified Hand","Dodecahedron","Kunai","Centennial Puzzle","Orrery","Smiling Mask","Bottled Tornado","Unceasing Top","Emotion Chip","Lizard Tail","Strawberry","Anchor","Du-Vu Doll"],"potions_floor_usage":[20,30,38,40,50],"damage_taken":[{"damage":3,"enemies":"Small Slimes","floor":1,"turns":3},{"damage":1,"enemies":"Cultist","floor":2,"turns":4},{"damage":0,"enemies":"2 Louse","floor":3,"turns":2},{"damage":27,"enemies":"Large Slime","floor":5,"turns":7},{"damage":32,"enemies":"Lagavulin Event","floor":7,"turns":7},{"damage":3,"enemies":"Lagavulin","floor":8,"turns":9},{"damage":13,"enemies":"3 Sentries","floor":13,"turns":5},{"damage":0,"enemies":"Exordium Wildlife","floor":14,"turns":2},{"damage":33,"enemies":"Slime Boss","floor":16,"turns":6},{"damage":10,"enemies":"Spheric Guardian","floor":18,"turns":3},{"damage":8,"enemies":"3 Byrds","floor":20,"turns":4},{"damage":19,"enemies":"Centurion and Healer","floor":22,"turns":6},{"damage":19,"enemies":"Book of Stabbing","floor":23,"turns":6},{"damage":0,"enemies":"Snecko","floor":29,"turns":4},{"damage":38,"enemies":"Gremlin Leader","floor":30,"turns":6},{"damage":20,"enemies":"Snake Plant","floor":31,"turns":4},{"damage":15,"enemies":"Automaton","floor":33,"turns":8},{"damage":15,"enemies":"Flame Bruiser 1 Orb","floor":35,"turns":5},{"damage":22,"enemies":"3 Shapes","floor":37,"turns":4},{"damage":11,"enemies":"Flame Bruiser 2 Orb","floor":38,"turns":2},{"damage":36,"enemies":"2 Orb Walkers","floor":40,"turns":4},{"damage":30,"enemies":"Maw","floor":42,"turns":6},{"damage":15,"enemies":"3 Darklings","floor":45,"turns":3},{"damage":0,"enemies":"Transient","floor":46,"turns":5},{"damage":7,"floor":47,"turns":4},{"damage":0,"enemies":"Sphere and 2 Shapes","floor":48,"turns":3},{"damage":69,"enemies":"Awakened One","floor":50,"turns":7}],"seed_played":"4886514727396719601","potions_obtained":[{"floor":1,"key":"Ancient Potion"},{"floor":2,"key":"Explosive Potion"},{"floor":7,"key":"Ancient Potion"},{"floor":20,"key":"GamblersBrew"},{"floor":29,"key":"PowerPotion"},{"floor":33,"key":"AttackPotion"},{"floor":37,"key":"SmokeBomb"},{"floor":45,"key":"FairyPotion"},{"floor":46,"key":"Swift Potion"},{"floor":48,"key":"GamblersBrew"}],"is_trial":false,"path_per_floor":["M","M","M","$","M","R","?","E","T","?","?","R","E","M","R","B",null,"M","?","M","$","M","E","R","$","T","R","?","M","E","M","R","B",null,"M","$","M","M","?","E","R","M","T","R","M","M","?","M","R","B"],"character_chosen":"DEFECT","items_purchased":["Defragment","Forethought","Reinforced Body","White Noise","Apotheosis"],"campfire_rested":3,"item_purchase_floors":[4,21,21,25,36],"current_hp_per_floor":[72,75,75,75,55,55,30,34,34,34,34,56,50,57,57,31,75,65,65,71,71,66,61,61,61,61,61,61,68,44,38,60,59,75,74,74,72,75,66,51,75,65,65,65,64,78,82,82,82,34],"gold":190,"neow_bonus":"","is_prod":false,"is_daily":false,"chose_seed":false,"campfire_upgraded":6,"win_rate":0,"timestamp":1534718166,"path_taken":["M","M","M","$","M","R","?","E","T","?","?","R","E","M","R","BOSS","M","?","?","$","M","E","R","?","T","R","?","M","E","M","R","BOSS","M","$","M","M","?","E","R","?","T","R","M","?","?","M","R","BOSS"],"build_version":"2018-08-16","purchased_purges":2,"victory":true,"max_hp_per_floor":[75,75,75,75,75,75,75,75,75,75,75,75,75,75,75,75,75,75,75,75,75,75,75,75,75,75,75,75,75,75,75,75,75,75,75,75,75,75,75,82,82,82,82,82,82,82,82,82,82,82],"card_choices":[{"not_picked":["Scrape","Steam"],"picked":"Self Repair","floor":1},{"not_picked":["Beam Cell","Go for the Eyes"],"picked":"Undo","floor":2},{"not_picked":["Leap","Rip and Tear"],"picked":"Defragment","floor":3},{"not_picked":["Cold Snap","Conserve Battery"],"picked":"Chaos","floor":5},{"not_picked":["Recycle","Doom and Gloom"],"picked":"Darkness","floor":7},{"not_picked":["Melter","Redo"],"picked":"Loop","floor":8},{"not_picked":["FTL","Beam Cell","Leap"],"picked":"SKIP","floor":13},{"not_picked":["Rebound","Redo"],"picked":"Capacitor","floor":14},{"not_picked":["Multi-Cast","Rainbow"],"picked":"Meteor Strike","floor":16},{"not_picked":["Steam Power","Steam"],"picked":"Hologram","floor":17},{"not_picked":["FTL","Redo"],"picked":"Conserve Battery","floor":17},{"not_picked":["Genetic Algorithm","Ball Lightning"],"picked":"Self Repair","floor":17},{"not_picked":["Rebound","Redo"],"picked":"Fusion","floor":17},{"not_picked":["Steam+1","Tempest","Barrage"],"picked":"SKIP","floor":18},{"not_picked":["Barrage","Steam Power","Doom and Gloom+1"],"picked":"SKIP","floor":20},{"not_picked":["Steam Power","Go for the Eyes+1"],"picked":"Heatsinks","floor":22},{"not_picked":["Ball Lightning","Compile Driver"],"picked":"Skim","floor":23},{"not_picked":["Leap","Steam+1"],"picked":"Fusion+1","floor":29},{"not_picked":["Leap","Stack"],"picked":"Defragment","floor":30},{"not_picked":["Gash","Steam","Darkness"],"picked":"SKIP","floor":31},{"not_picked":["Buffer","Rainbow"],"picked":"Creative AI","floor":33},{"not_picked":["Ball Lightning+1","Aggregate+1"],"picked":"Compile Driver+1","floor":35},{"not_picked":["Go for the Eyes","Ball Lightning+1","Gash+1"],"picked":"SKIP","floor":37},{"not_picked":["Beam Cell+1","Streamline+1"],"picked":"Tempest","floor":40},{"not_picked":["Steam+1","Leap+1"],"picked":"Conserve Battery+1","floor":42},{"not_picked":["Capacitor+1","White Noise"],"picked":"Storm+1","floor":45},{"not_picked":["Reprogram","Coolheaded+1"],"picked":"Barrage+1","floor":46},{"not_picked":["Conserve Battery+1","Hyperbeam"],"picked":"Hologram+1","floor":47},{"not_picked":["Stack+1","Auto Shields","Doom and Gloom"],"picked":"SKIP","floor":48}],"player_experience":111872,"relics_obtained":[{"floor":7,"key":"Mummified Hand"},{"floor":8,"key":"Dodecahedron"},{"floor":9,"key":"Kunai"},{"floor":13,"key":"Centennial Puzzle"},{"floor":23,"key":"Bottled Tornado"},{"floor":26,"key":"Unceasing Top"},{"floor":30,"key":"Emotion Chip"},{"floor":40,"key":"Strawberry"},{"floor":43,"key":"Anchor"},{"floor":47,"key":"Du-Vu Doll"}],"event_choices":[{"event_name":"Dead Adventurer","player_choice":"Searched \u00271\u0027 times","floor":7,"damage_taken":0},{"event_name":"Purifier","player_choice":"One Purge","floor":10,"damage_taken":0},{"event_name":"Transmorgrifier","player_choice":"Transform","floor":11,"damage_taken":0},{"event_name":"Addict","player_choice":"Obtained Relic","floor":19,"damage_taken":0},{"event_name":"Nest","player_choice":"Stole From Cult","floor":28,"damage_taken":0},{"event_name":"Winding Halls","player_choice":"Embrace Madness","floor":39,"damage_taken":0},{"event_name":"MindBloom","player_choice":"Fight","floor":47,"damage_taken":0}],"is_beta":false,"boss_relics":[{"not_picked":["Runic Dome","Busted Crown"],"picked":"Orrery"},{"not_picked":["Runic Pyramid","Velvet Choker"],"picked":"Lizard Tail"}],"items_purged_floors":[21,36],"is_endless":false,"potions_floor_spawned":[1,2,7,7,20,29,33,37,45,46,48],"ascension_level":0}