{"gold_per_floor":[119,130,140,157,157,185,185,485,511,511],"floor_reached":10,"playtime":364,"items_purged":[],"score":68,"play_id":"4421d3e1-3767-4de5-b91d-2007e531be38","local_time":"20190307005947","is_ascension_mode":false,"campfire_choices":[],"neow_cost":"TEN_PERCENT_HP_LOSS","seed_source_timestamp":2473605641546900,"circlet_count":0,"master_deck":["Defend_G","Defend_G","Defend_G","Defend_G","Defend_G","Strike_G","Strike_G","Strike_G","Survivor","Neutralize","Crippling Poison","Accuracy","Dash","PiercingWail","Regret","Bane"],"relics":["Ring of the Snake","Paper Crane","Ice Cream","Golden Idol","Old Coin","Blood Vial"],"potions_floor_usage":[6,10],"damage_taken":[{"damage":3,"enemies":"Jaw Worm","floor":1,"turns":5},{"damage":6,"enemies":"Cultist","floor":2,"turns":6},{"damage":3,"enemies":"Small Slimes","floor":3,"turns":4},{"damage":0,"enemies":"2 Fungi Beasts","floor":4,"turns":5},{"damage":50,"enemies":"Gremlin Nob","floor":6,"turns":8},{"damage":7,"enemies":"Large Slime","floor":10,"turns":4}],"seed_played":"2559962946143917326","potions_obtained":[{"floor":3,"key":"SpeedPotion"},{"floor":4,"key":"Swift Potion"},{"floor":6,"key":"AttackPotion"}],"is_trial":false,"path_per_floor":["M","M","M","M","?","E","?","T","T","M"],"character_chosen":"THE_SILENT","items_purchased":[],"campfire_rested":0,"item_purchase_floors":[],"current_hp_per_floor":[60,54,51,51,51,1,1,1,1,0],"gold":511,"neow_bonus":"REMOVE_TWO","is_prod":false,"is_daily":false,"chose_seed":false,"campfire_upgraded":0,"win_rate":0,"timestamp":1551949187,"path_taken":["M","M","M","M","?","E","?","?","T","M"],"build_version":"2019-01-23","purchased_purges":0,"victory":false,"max_hp_per_floor":[63,63,63,63,63,63,58,58,58,58],"card_choices":[{"not_picked":["Flying Knee","Poisoned Stab"],"picked":"Crippling Poison","floor":1},{"not_picked":["Heel Hook","Underhanded Strike"],"picked":"Accuracy","floor":2},{"not_picked":["Underhanded Strike","Concentrate"],"picked":"Dash","floor":3},{"not_picked":["Terror","Crippling Poison"],"picked":"PiercingWail","floor":4},{"not_picked":["Prepared","Acrobatics"],"picked":"Bane","floor":6}],"player_experience":806828,"relics_obtained":[{"floor":6,"key":"Ice Cream"},{"floor":8,"key":"Old Coin"},{"floor":9,"key":"Blood Vial"}],"event_choices":[{"damage_healed":0,"gold_gain":0,"player_choice":"Box","damage_taken":0,"relics_obtained":["Paper Crane"],"max_hp_gain":0,"max_hp_loss":0,"event_name":"Big Fish","floor":5,"gold_loss":0,"cards_obtained":["Regret"]},{"damage_healed":0,"gold_gain":0,"player_choice":"Lose Max HP","damage_taken":0,"relics_obtained":["Golden Idol"],"max_hp_gain":0,"max_hp_loss":5,"event_name":"Golden Idol","floor":7,"gold_loss":0}],"is_beta":false,"boss_relics":[],"items_purged_floors":[],"is_endless":false,"potions_floor_spawned":[3,4,6],"killed_by":"Large Slime","ascension_level":0}