{"gold_per_floor":[109,184,201,86,86,121,137,173,173,173,173,173,208,228,228,228],"floor_reached":16,"playtime":1080,"items_purged":["Bash"],"score":118,"play_id":"638e70f9-4331-4c3a-93e1-39faf6e3bd0b","local_time":"20180814162340","is_ascension_mode":false,"campfire_choices":[{"floor":10,"key":"REST"},{"floor":12,"key":"REST"},{"floor":15,"key":"REST"}],"neow_cost":"NONE","seed_source_timestamp":314648597361395,"circlet_count":0,"master_deck":["Strike_R","Strike_R","Strike_R","Strike_R","Strike_R","Defend_R+1","Defend_R","Defend_R","Defend_R","Inflame","Warcry","Inflame","Armaments","Cleave","Shrug It Off","Spot Weakness","Twin Strike","Inflame"],"relics":["Burning Blood","Golden Idol","Boot","Bottled Flame","Potion Belt","Gremlin Horn","Dream Catcher"],"potions_floor_usage":[8,16,16],"damage_taken":[{"damage":0,"enemies":"Small Slimes","floor":1,"turns":3},{"damage":0,"enemies":"2 Louse","floor":3,"turns":3},{"damage":26,"enemies":"Gremlin Nob","floor":6,"turns":5},{"damage":8,"enemies":"Jaw Worm","floor":7,"turns":5},{"damage":17,"enemies":"3 Sentries","floor":8,"turns":6},{"damage":25,"enemies":"Lagavulin","floor":13,"turns":8},{"damage":9,"enemies":"Looter","floor":14,"turns":4},{"damage":62,"enemies":"The Guardian","floor":16,"turns":9}],"seed_played":"341039220957120448","potions_obtained":[{"floor":3,"key":"Fire Potion"},{"floor":8,"key":"LiquidBronze"},{"floor":13,"key":"SteroidPotion"}],"is_trial":false,"path_per_floor":["M","?","M","$","?","E","M","E","T","R","?","R","E","M","R"],"character_chosen":"IRONCLAD","items_purchased":["Inflame"],"campfire_rested":3,"item_purchase_floors":[4],"current_hp_per_floor":[80,69,75,75,55,35,33,22,22,46,34,58,39,36,60,0],"gold":228,"neow_bonus":"UPGRADE_CARD","is_prod":false,"is_daily":false,"chose_seed":false,"campfire_upgraded":0,"win_rate":0.0,"timestamp":1534278220,"path_taken":["M","?","M","$","?","E","M","E","T","R","?","R","E","M","R","BOSS"],"build_version":"2018-08-09","purchased_purges":1,"victory":false,"max_hp_per_floor":[80,80,80,80,80,80,80,80,80,80,80,80,80,80,80,80],"card_choices":[{"not_picked":["Iron Wave","True Grit"],"picked":"Inflame","floor":1},{"not_picked":["Pommel Strike","Thunderclap"],"picked":"Warcry","floor":3},{"not_picked":["Rupture","Cleave"],"picked":"Armaments","floor":6},{"not_picked":["Hemokinesis","Twin Strike"],"picked":"Cleave","floor":7},{"not_picked":["Combust","Headbutt"],"picked":"Shrug It Off","floor":8},{"not_picked":["Seeing Red","Headbutt"],"picked":"Spot Weakness","floor":13},{"not_picked":["Combust","Armaments"],"picked":"Twin Strike","floor":14},{"not_picked":["Rampage","Hemokinesis"],"picked":"Inflame","floor":15}],"player_experience":8238,"relics_obtained":[{"floor":6,"key":"Boot"},{"floor":8,"key":"Bottled Flame"},{"floor":9,"key":"Potion Belt"},{"floor":13,"key":"Dream Catcher"}],"event_choices":[{"event_name":"World of Goop","player_choice":"Gather Gold","floor":2,"damage_taken":0},{"event_name":"Golden Idol","player_choice":"Take Damage","floor":5,"damage_taken":0},{"event_name":"Scrap Ooze","player_choice":"success","floor":11,"damage_taken":12}],"is_beta":false,"boss_relics":[],"items_purged_floors":[4],"is_endless":false,"potions_floor_spawned":[3,8,13],"killed_by":"The Guardian","ascension_level":0}