{"gold_per_floor":[117,67,67,80,3,3,23,50,50,69,79,79,32,48,48,149,149,165,165,165],"floor_reached":20,"playtime":752,"items_purged":[],"score":224,"play_id":"be8f8caa-4a4c-4172-9327-797e45d1643e","local_time":"20181230233228","is_ascension_mode":false,"campfire_choices":[{"data":"Catalyst","floor":6,"key":"SMITH"},{"floor":12,"key":"REST"},{"floor":15,"key":"REST"}],"neow_cost":"NONE","seed_source_timestamp":477122959813307,"circlet_count":0,"master_deck":["Defend_G","Defend_G","Defend_G","Defend_G","Defend_G","Strike_G","Strike_G","Survivor","Neutralize","Poisoned Stab","Catalyst+1","Deadly Poison","Noxious Fumes","Poisoned Stab","Choke","Cloak And Dagger","Poisoned Stab","Poisoned Stab","Deadly Poison","Burst","Quick Slash+1","Unload","Slice"],"special_seed":0,"relics":["Ring of the Snake","Bird Faced Urn","Question Card","Busted Crown"],"potions_floor_usage":[16],"damage_taken":[{"damage":0,"enemies":"Jaw Worm","floor":1,"turns":5},{"damage":0,"enemies":"Cultist","floor":4,"turns":3},{"damage":0,"enemies":"2 Louse","floor":7,"turns":2},{"damage":22,"enemies":"3 Sentries","floor":8,"turns":8},{"damage":13,"enemies":"2 Fungi Beasts","floor":10,"turns":3},{"damage":7,"enemies":"Looter","floor":11,"turns":4},{"damage":10,"enemies":"Exordium Wildlife","floor":14,"turns":3},{"damage":49,"enemies":"The Guardian","floor":16,"turns":7},{"damage":4,"enemies":"3 Byrds","floor":18,"turns":6},{"damage":0,"enemies":"Colosseum Slavers","floor":20,"turns":1}],"seed_played":"-7596375552113124486","potions_obtained":[{"floor":4,"key":"FairyPotion"},{"floor":8,"key":"Swift Potion"},{"floor":10,"key":"LiquidBronze"},{"floor":16,"key":"LiquidBronze"}],"is_trial":false,"path_per_floor":["M","$","?","M","$","R","M","E","T","M","M","R","$","M","R","B",null,"M","?","?"],"character_chosen":"THE_SILENT","items_purchased":["Deadly Poison","Noxious Fumes","Poisoned Stab"],"campfire_rested":2,"item_purchase_floors":[2,5,13],"current_hp_per_floor":[70,70,70,70,70,70,70,48,48,35,28,49,49,41,62,15,70,66,66,66],"gold":165,"neow_bonus":"TRANSFORM_CARD","is_prod":false,"is_daily":false,"chose_seed":false,"campfire_upgraded":1,"win_rate":0,"timestamp":1546230748,"path_taken":["M","$","?","M","?","R","M","E","T","M","M","R","$","M","R","BOSS","M","?","?"],"build_version":"2018-12-20","purchased_purges":0,"victory":false,"max_hp_per_floor":[70,70,70,70,70,70,70,70,70,70,70,70,70,70,70,70,70,70,70,70],"card_choices":[{"not_picked":["Outmaneuver","Caltrops"],"picked":"Catalyst","floor":1},{"not_picked":["Dodge and Roll","Finisher","Calculated Gamble"],"picked":"SKIP","floor":4},{"not_picked":["Riddle With Holes","Cloak And Dagger"],"picked":"Poisoned Stab","floor":7},{"not_picked":["Leg Sweep","Underhanded Strike"],"picked":"Choke","floor":8},{"not_picked":["Infinite Blades","Crippling Poison","Predator"],"picked":"Cloak And Dagger","floor":10},{"not_picked":["Prepared","Accuracy","Well Laid Plans"],"picked":"Poisoned Stab","floor":11},{"not_picked":["Masterful Stab","Choke","Caltrops"],"picked":"Deadly Poison","floor":14},{"not_picked":["Malaise","Adrenaline","Doppelganger"],"picked":"Burst","floor":16},{"not_picked":["Masterful Stab"],"picked":"Quick Slash+1","floor":18}],"player_experience":368820,"relics_obtained":[{"floor":8,"key":"Bird Faced Urn"},{"floor":9,"key":"Question Card"}],"event_choices":[{"damage_healed":0,"gold_gain":0,"player_choice":"Ignored","damage_taken":0,"max_hp_gain":0,"max_hp_loss":0,"event_name":"NoteForYourself","floor":3,"gold_loss":0},{"damage_healed":0,"gold_gain":0,"cards_transformed":["Strike_G","Strike_G"],"player_choice":"Became Test Subject","damage_taken":0,"max_hp_gain":0,"max_hp_loss":0,"event_name":"Drug Dealer","floor":19,"gold_loss":0,"cards_obtained":["Unload","Slice"]},{"damage_healed":0,"gold_gain":0,"player_choice":"Fight","damage_taken":0,"max_hp_gain":0,"max_hp_loss":0,"event_name":"Colosseum","floor":20,"gold_loss":0}],"is_beta":false,"boss_relics":[{"not_picked":["Astrolabe","Tiny House"],"picked":"Busted Crown"}],"items_purged_floors":[],"is_endless":false,"potions_floor_spawned":[4,8,10,14,16],"killed_by":"Colosseum Slavers","ascension_level":0}