{"gold_per_floor":[144,144,159,78,93,123,298,298,348,37,112,19,34,49,49,149,149,164,179,179,79,94,94,124,139,139,238,253,253,253,295,307,419,431,458,49,64,79,41,71,80,95,145,145,145,245,0,0,0,0],"floor_reached":51,"playtime":7472,"items_purged":["Doubt","Berserk","Shame"],"score":913,"play_id":"9bdb015f-b21d-404b-a736-7d705a1997b7","local_time":"20181030015919","daily_mods":["Shiny","Vintage","Careless"],"is_ascension_mode":false,"campfire_choices":[{"data":"Armaments","floor":15,"key":"SMITH"},{"data":"Havoc","floor":23,"key":"SMITH"},{"data":"Limit Break","floor":29,"key":"SMITH"},{"data":"Infernal Blade","floor":32,"key":"SMITH"},{"data":"Secret Technique","floor":44,"key":"SMITH"},{"data":"Enlightenment","floor":49,"key":"SMITH"}],"neow_cost":"","seed_source_timestamp":0,"circlet_count":0,"master_deck":["Double Tap+1","Demon Form+1","Bludgeon","Feed+1","Limit Break+1","Barricade","Fiend Fire+1","Dark Embrace","Impervious","Juggernaut","Brutality","Reaper+1","Exhume","Offering","Immolate","Havoc+1","Armaments+1","Shrug It Off","Feed+1","Flame Barrier+1","Enlightenment+1","Sentinel+1","Infernal Blade+1","Exhume","Inflame","Secret Technique+1","Flame Barrier","Inflame","Sentinel+1","Flex+1","Heavy Blade"],"special_seed":17803,"relics":["Burning Blood","Tiny Chest","Incense Burner","Kunai","Centennial Puzzle","Mango","Whetstone","DollysMirror","Oddly Smooth Stone","Paper Frog","Busted Crown","Bag of Preparation","Pantograph","MutagenicStrength","Boot","Meat on the Bone","Red Skull","Mummified Hand","Matryoshka","MawBank","Anchor","Snecko Eye","Singing Bowl","Bronze Scales","Question Card","Pocketwatch","FossilizedHelix","Vajra","War Paint","Bottled Tornado","Ice Cream","Red Mask"],"potions_floor_usage":[42,50],"damage_taken":[{"damage":7,"enemies":"Small Slimes","floor":1,"turns":2},{"damage":19,"enemies":"Cultist","floor":3,"turns":4},{"damage":17,"enemies":"Jaw Worm","floor":5,"turns":2},{"damage":38,"enemies":"3 Sentries","floor":6,"turns":5},{"damage":6,"enemies":"2 Fungi Beasts","floor":13,"turns":2},{"damage":3,"enemies":"Large Slime","floor":14,"turns":4},{"damage":47,"enemies":"Hexaghost","floor":16,"turns":5},{"damage":7,"enemies":"Spheric Guardian","floor":18,"turns":3},{"damage":7,"enemies":"3 Byrds","floor":19,"turns":3},{"damage":8,"enemies":"Cultist and Chosen","floor":22,"turns":4},{"damage":6,"enemies":"Book of Stabbing","floor":24,"turns":3},{"damage":6,"enemies":"Snake Plant","floor":25,"turns":3},{"damage":12,"enemies":"Centurion and Healer","floor":28,"turns":2},{"damage":23,"enemies":"Slavers","floor":31,"turns":4},{"damage":22,"enemies":"Champ","floor":33,"turns":4},{"damage":2,"enemies":"Orb Walker","floor":35,"turns":3},{"damage":7,"enemies":"3 Darklings","floor":37,"turns":4},{"damage":6,"enemies":"4 Shapes","floor":38,"turns":1},{"damage":3,"enemies":"Giant Head","floor":40,"turns":3},{"damage":7,"enemies":"2 Orb Walkers","floor":41,"turns":3},{"damage":1,"enemies":"Sphere and 2 Shapes","floor":42,"turns":2},{"damage":6,"enemies":"Mind Bloom Boss Battle","floor":46,"turns":2},{"damage":11,"enemies":"Awakened One","floor":50,"turns":5}],"seed_played":"5914657231768522492","potions_obtained":[{"floor":3,"key":"Fire Potion"},{"floor":5,"key":"Strength Potion"},{"floor":13,"key":"Explosive Potion"},{"floor":16,"key":"SpeedPotion"},{"floor":24,"key":"PowerPotion"},{"floor":38,"key":"GamblersBrew"},{"floor":42,"key":"Block Potion"}],"is_trial":false,"path_per_floor":["M","?","M","$","M","E","?","?","T","$","?","$","M","M","R","B",null,"M","M","?","$","M","R","E","M","T","?","M","R","?","E","R","B",null,"M","$","M","M","$","E","?","M","T","R","?","?","?","$","R","B"],"character_chosen":"IRONCLAD","items_purchased":["Havoc","Armaments","DollysMirror","Flame Barrier","Enlightenment","Inflame","Secret Technique","Flame Barrier","Inflame"],"campfire_rested":0,"item_purchase_floors":[4,4,10,10,12,36,36,36,39],"current_hp_per_floor":[79,79,73,73,66,85,85,92,92,92,81,81,85,106,106,78,114,118,126,126,126,124,124,124,130,130,130,134,134,134,130,130,127,142,142,142,141,150,150,150,154,158,158,158,158,162,162,162,162,165],"gold":0,"neow_bonus":"","is_prod":false,"is_daily":true,"chose_seed":false,"campfire_upgraded":6,"win_rate":0,"timestamp":1540861159,"path_taken":["M","?","M","$","M","E","?","?","T","$","?","$","M","?","R","BOSS","M","M","?","$","?","R","E","M","T","?","M","R","?","E","R","BOSS","M","$","M","M","$","E","?","M","T","R","?","?","?","?","R","BOSS"],"build_version":"2018-10-25v2","purchased_purges":3,"victory":true,"max_hp_per_floor":[80,80,80,80,84,88,88,102,102,102,102,102,106,114,114,114,114,118,126,126,126,126,126,126,130,130,130,134,134,134,142,142,142,142,142,142,142,150,150,150,154,158,158,158,158,162,162,162,162,170],"card_choices":[{"not_picked":["Anger","Iron Wave"],"picked":"Shrug It Off","floor":6},{"not_picked":[],"picked":"Sentinel+1","floor":24},{"not_picked":[],"picked":"Infernal Blade","floor":31},{"not_picked":[],"picked":"Exhume","floor":33},{"not_picked":["Reckless Charge"],"picked":"Sentinel+1","floor":40},{"not_picked":["Twin Strike+1"],"picked":"Flex+1","floor":41},{"not_picked":["Perfected Strike+1"],"picked":"Heavy Blade","floor":46}],"player_experience":158013,"relics_obtained":[{"floor":1,"key":"Tiny Chest"},{"floor":3,"key":"Incense Burner"},{"floor":5,"key":"Kunai"},{"floor":6,"key":"Centennial Puzzle"},{"floor":9,"key":"Whetstone"},{"floor":13,"key":"Oddly Smooth Stone"},{"floor":14,"key":"Paper Frog"},{"floor":18,"key":"Bag of Preparation"},{"floor":19,"key":"Pantograph"},{"floor":22,"key":"Boot"},{"floor":24,"key":"Meat on the Bone"},{"floor":25,"key":"Red Skull"},{"floor":26,"key":"Mummified Hand"},{"floor":28,"key":"Matryoshka"},{"floor":31,"key":"Anchor"},{"floor":35,"key":"Singing Bowl"},{"floor":37,"key":"Bronze Scales"},{"floor":38,"key":"Question Card"},{"floor":40,"key":"Pocketwatch"},{"floor":41,"key":"FossilizedHelix"},{"floor":42,"key":"Vajra"},{"floor":43,"key":"War Paint"},{"floor":43,"key":"Bottled Tornado"},{"floor":46,"key":"Ice Cream"}],"event_choices":[{"damage_healed":0,"gold_gain":0,"player_choice":"Upgraded","damage_taken":0,"max_hp_gain":0,"max_hp_loss":0,"event_name":"Upgrade Shrine","floor":2,"gold_loss":0,"cards_upgraded":["Feed"]},{"damage_healed":0,"gold_gain":175,"player_choice":"AGREE","damage_taken":0,"max_hp_gain":0,"max_hp_loss":0,"event_name":"Liars Game","floor":7,"gold_loss":0,"cards_obtained":["Doubt"]},{"damage_healed":0,"gold_gain":0,"player_choice":"Success","damage_taken":7,"relics_obtained":["Mango"],"max_hp_gain":0,"max_hp_loss":0,"event_name":"Scrap Ooze","floor":8,"gold_loss":0},{"damage_healed":0,"gold_gain":75,"player_choice":"Gather Gold","damage_taken":11,"max_hp_gain":0,"max_hp_loss":0,"event_name":"World of Goop","floor":11,"gold_loss":0},{"damage_healed":0,"gold_gain":0,"player_choice":"Inject Mutagens","damage_taken":0,"relics_obtained":["MutagenicStrength"],"max_hp_gain":0,"max_hp_loss":0,"event_name":"Drug Dealer","floor":20,"gold_loss":0},{"damage_healed":0,"gold_gain":99,"player_choice":"Stole From Cult","damage_taken":0,"max_hp_gain":0,"max_hp_loss":0,"event_name":"Nest","floor":27,"gold_loss":0},{"damage_healed":0,"gold_gain":0,"player_choice":"Stole Relic","damage_taken":0,"relics_obtained":["MawBank"],"max_hp_gain":0,"max_hp_loss":0,"event_name":"Addict","floor":30,"gold_loss":0,"cards_obtained":["Shame"]},{"damage_healed":0,"gold_gain":0,"player_choice":"Fight","damage_taken":0,"max_hp_gain":0,"max_hp_loss":0,"event_name":"Mysterious Sphere","floor":41,"gold_loss":0},{"damage_healed":0,"gold_gain":0,"player_choice":"Forge","damage_taken":0,"max_hp_gain":0,"max_hp_loss":0,"event_name":"Accursed Blacksmith","floor":45,"gold_loss":0,"cards_upgraded":["Demon Form"]},{"damage_healed":0,"gold_gain":0,"player_choice":"Fight","damage_taken":0,"max_hp_gain":0,"max_hp_loss":0,"event_name":"MindBloom","floor":46,"gold_loss":0},{"damage_healed":0,"gold_gain":0,"player_choice":"Paid","damage_taken":0,"relics_obtained":["Red Mask"],"max_hp_gain":0,"max_hp_loss":0,"event_name":"Tomb of Lord Red Mask","floor":47,"gold_loss":245}],"is_beta":false,"boss_relics":[{"not_picked":["Calling Bell","Fusion Hammer"],"picked":"Busted Crown"},{"not_picked":["Black Star","Tiny House"],"picked":"Snecko Eye"}],"items_purged_floors":[10,21,36],"is_endless":false,"potions_floor_spawned":[3,5,13,16,19,24,31,33,38,42],"ascension_level":0}