{"gold_per_floor":[360,360,378,378,31,31,181,181,207,225,225,225,241,252,252,328,328,347,68,85,85,85,85,85],"floor_reached":24,"playtime":510,"items_purged":["Strike_B"],"score":368,"play_id":"53622dcf-4027-44ee-8db5-c280d0e5b635","local_time":"20181127232048","is_ascension_mode":true,"campfire_choices":[{"data":"Zap","floor":6.0,"key":"SMITH"},{"data":"Dualcast","floor":12.0,"key":"SMITH"},{"floor":15.0,"key":"REST"},{"floor":23,"key":"REST"}],"neow_cost":"CURSE","seed_source_timestamp":392213689352457,"circlet_count":0,"master_deck":["AscendersBane","Strike_B","Defend_B","Defend_B","Defend_B","Defend_B","Zap+1","Dualcast+1","Conserve Battery","Sunder+1","Doubt","Beam Cell","Electrodynamics","Cold Snap","Echo Form","Rip and Tear","Compile Driver"],"special_seed":0,"relics":["Cracked Core","Letter Opener","Kunai","Vajra","Incense Burner","Lizard Tail","Gremlin Horn"],"potions_floor_usage":[16,16],"damage_taken":[{"damage":4.0,"enemies":"Small Slimes","floor":1.0,"turns":3.0},{"damage":0.0,"enemies":"2 Louse","floor":3.0,"turns":1.0},{"damage":0.0,"enemies":"Cultist","floor":10.0,"turns":3.0},{"damage":6.0,"enemies":"Blue Slaver","floor":13.0,"turns":4.0},{"damage":2.0,"enemies":"2 Fungi Beasts","floor":14.0,"turns":2.0},{"damage":43,"enemies":"Hexaghost","floor":16,"turns":9},{"damage":29,"enemies":"3 Byrds","floor":18,"turns":5},{"damage":20,"enemies":"2 Thieves","floor":20,"turns":3},{"damage":73,"enemies":"Book of Stabbing","floor":24,"turns":5}],"seed_played":"-6562508833314477810","potions_obtained":[{"floor":1.0,"key":"Strength Potion"},{"floor":13.0,"key":"SneckoOil"},{"floor":14.0,"key":"Swift Potion"},{"floor":20,"key":"Strength Potion"}],"is_trial":false,"path_per_floor":["M","?","M","?","$","R","?","?","T","M","T","R","M","M","R","B",null,"M","$","M","?","?","R","E"],"character_chosen":"DEFECT","items_purchased":["Letter Opener","Gremlin Horn"],"campfire_rested":2,"item_purchase_floors":[5,19],"current_hp_per_floor":[60,53,53,53,53,53,53,48,48,48,48,48,42,40,61,18,58,29,29,9,9,9,30,0],"gold":85,"neow_bonus":"TWO_FIFTY_GOLD","is_prod":false,"is_daily":false,"chose_seed":false,"campfire_upgraded":2,"win_rate":0,"timestamp":1543389648,"path_taken":["M","?","M","?","$","R","?","?","T","M","?","R","M","?","R","BOSS","M","$","M","?","?","R","E"],"build_version":"2018-11-15","purchased_purges":1,"victory":false,"max_hp_per_floor":[71,71,71,71,71,71,71,71,71,71,71,71,71,71,71,71,71,71,71,71,71,71,71,71],"card_choices":[{"not_picked":["Beam Cell","Steam"],"picked":"Conserve Battery","floor":1.0},{"not_picked":["Steam","Gash"],"picked":"Sunder","floor":3.0},{"not_picked":["Turbo","Blizzard"],"picked":"Beam Cell","floor":10.0},{"not_picked":["Gash","Compile Driver"],"picked":"Electrodynamics","floor":13.0},{"not_picked":["Go for the Eyes","Static Discharge"],"picked":"Cold Snap","floor":14.0},{"not_picked":["Reboot","Electrodynamics"],"picked":"Echo Form","floor":16},{"not_picked":["Stack+1","Double Energy","Leap"],"picked":"SKIP","floor":18},{"not_picked":["Stack","Redo","Steam"],"picked":"SKIP","floor":20}],"player_experience":682134,"relics_obtained":[{"floor":9.0,"key":"Vajra"},{"floor":11.0,"key":"Incense Burner"}],"event_choices":[{"cards_removed":["Injury"],"damage_healed":0.0,"max_hp_gain":0.0,"max_hp_loss":0.0,"gold_gain":0.0,"event_name":"Golden Wing","player_choice":"Card Removal","floor":2.0,"gold_loss":0.0,"damage_taken":7.0},{"damage_healed":0.0,"max_hp_gain":0.0,"max_hp_loss":0.0,"gold_gain":0.0,"event_name":"Living Wall","player_choice":"Grow","floor":4.0,"gold_loss":0.0,"damage_taken":0.0,"cards_upgraded":["Sunder"]},{"damage_healed":0.0,"max_hp_gain":0.0,"max_hp_loss":0.0,"gold_gain":150.0,"event_name":"Liars Game","player_choice":"AGREE","floor":7.0,"gold_loss":0.0,"damage_taken":0.0,"cards_obtained":["Doubt"]},{"damage_healed":0.0,"max_hp_gain":0.0,"max_hp_loss":0.0,"gold_gain":0.0,"event_name":"Scrap Ooze","player_choice":"Success","floor":8.0,"gold_loss":0.0,"damage_taken":5.0,"relics_obtained":["Kunai"]},{"damage_healed":0,"gold_gain":0,"player_choice":"Ignored","damage_taken":0,"max_hp_gain":0,"max_hp_loss":0,"event_name":"Cursed Tome","floor":21,"gold_loss":0},{"damage_healed":0,"gold_gain":0,"cards_transformed":["Strike_B","Strike_B"],"player_choice":"Became Test Subject","damage_taken":0,"max_hp_gain":0,"max_hp_loss":0,"event_name":"Drug Dealer","floor":22,"gold_loss":0,"cards_obtained":["Rip and Tear","Compile Driver"]}],"is_beta":false,"boss_relics":[{"not_picked":["Eternal Feather","Calling Bell"],"picked":"Lizard Tail"}],"items_purged_floors":[5],"is_endless":false,"potions_floor_spawned":[1,13,14,20],"killed_by":"Book of Stabbing","ascension_level":20}