{"gold_per_floor":[112,122,2,2,2,32,90,120,120,146,146,162,188,204,204,304,354,374,374,387,398,63,75,101,101],"floor_reached":25,"playtime":1098,"items_purged":["Pain"],"score":389,"play_id":"52e76f74-16d5-4838-a732-3515da8fa83b","local_time":"20181014040747","is_ascension_mode":true,"campfire_choices":[{"data":"Defragment","floor":15,"key":"SMITH"}],"neow_cost":"CURSE","seed_source_timestamp":261690961110496,"circlet_count":0,"master_deck":["Strike_B","Strike_B","Strike_B","Strike_B","Defend_B","Defend_B","Defend_B+1","Defend_B","Zap","Dualcast+1","Go for the Eyes","Electrodynamics+1","Go for the Eyes","Loop","Loop","Tempest","Auto Shields","Static Discharge+1","Defragment+1","Thunder Strike","Redo","FTL","Turbo+1","Conserve Battery","Electrodynamics","Redo","Conserve Battery+1"],"relics":["Cracked Core","Gambling Chip","Pocketwatch","Pear","Potion Belt","Gremlin Horn","War Paint","Oddly Smooth Stone","Bag of Marbles","Tiny House","MutagenicStrength","MealTicket","Bottled Lightning"],"potions_floor_usage":[10,10,23,23,24,25,25],"damage_taken":[{"damage":4,"enemies":"Cultist","floor":1,"turns":3},{"damage":13,"enemies":"Jaw Worm","floor":2,"turns":4},{"damage":15,"enemies":"Lagavulin","floor":6,"turns":5},{"damage":10,"enemies":"3 Sentries","floor":7,"turns":2},{"damage":12,"enemies":"Gremlin Nob","floor":8,"turns":3},{"damage":14,"enemies":"Lagavulin","floor":10,"turns":6},{"damage":0,"enemies":"2 Louse","floor":12,"turns":2},{"damage":0,"enemies":"Large Slime","floor":14,"turns":4},{"damage":0,"enemies":"Slime Boss","floor":16,"turns":5},{"damage":6,"enemies":"3 Byrds","floor":18,"turns":2},{"damage":20,"enemies":"2 Thieves","floor":20,"turns":4},{"damage":13,"enemies":"Chosen and Byrds","floor":21,"turns":2},{"damage":9,"enemies":"Snecko","floor":23,"turns":3},{"damage":22,"enemies":"Book of Stabbing","floor":24,"turns":3},{"damage":7,"enemies":"Shelled Parasite and Fungi","floor":25,"turns":1}],"seed_played":"8119709496747623718","potions_obtained":[{"floor":7,"key":"EssenceOfSteel"},{"floor":7,"key":"Swift Potion"},{"floor":8,"key":"Block Potion"},{"floor":14,"key":"GamblersBrew"},{"floor":16,"key":"Ancient Potion"},{"floor":17,"key":"LiquidBronze"},{"floor":18,"key":"Fire Potion"},{"floor":24,"key":"FocusPotion"}],"is_trial":false,"path_per_floor":["M","M","$","$","?","E","?","E","T","E","?","M","T","M","R","B",null,"M","?","M","M","$","M","E"],"character_chosen":"DEFECT","items_purchased":["Go for the Eyes","Electrodynamics","MealTicket"],"campfire_rested":0,"item_purchase_floors":[3,22,22],"current_hp_per_floor":[71,58,58,58,58,43,43,31,31,17,14,14,14,14,14,14,72,66,66,46,33,33,24,2,0],"gold":101,"neow_bonus":"ONE_RARE_RELIC","is_prod":false,"is_daily":false,"chose_seed":false,"campfire_upgraded":1,"win_rate":0,"timestamp":1539515267,"path_taken":["M","?","?","$","?","E","?","E","T","E","?","M","?","?","R","BOSS","M","?","M","M","$","M","E","M"],"build_version":"2018-10-11","purchased_purges":1,"victory":false,"max_hp_per_floor":[75,75,75,75,75,75,85,85,85,85,85,85,85,85,85,85,90,90,90,90,90,90,90,90,90],"card_choices":[{"not_picked":["Beam Cell","Cold Snap"],"picked":"Go for the Eyes","floor":1},{"not_picked":["Stack","Doom and Gloom"],"picked":"Electrodynamics","floor":2},{"not_picked":["Aggregate","Leap"],"picked":"Loop","floor":6},{"not_picked":["Leap","Compile Driver"],"picked":"Loop","floor":7},{"not_picked":["Scrape","BootSequence"],"picked":"Tempest","floor":8},{"not_picked":["Reinforced Body","Hello World"],"picked":"Auto Shields","floor":10},{"not_picked":["Coolheaded","Turbo"],"picked":"Static Discharge","floor":12},{"not_picked":["Chaos","Reinforced Body"],"picked":"Defragment","floor":14},{"not_picked":["Meteor Strike","All For One"],"picked":"Thunder Strike","floor":16},{"not_picked":["Go for the Eyes","Turbo"],"picked":"Redo","floor":17},{"not_picked":["Aggregate+1","Sweeping Beam+1"],"picked":"FTL","floor":18},{"not_picked":["BootSequence","Barrage"],"picked":"Turbo+1","floor":20},{"not_picked":["Leap","Turbo"],"picked":"Conserve Battery","floor":21},{"not_picked":["Sunder","Blizzard"],"picked":"Redo","floor":23},{"not_picked":["Multi-Cast","Undo"],"picked":"Conserve Battery+1","floor":24}],"player_experience":253255,"relics_obtained":[{"floor":6,"key":"Pocketwatch"},{"floor":7,"key":"Pear"},{"floor":8,"key":"Potion Belt"},{"floor":9,"key":"Gremlin Horn"},{"floor":10,"key":"War Paint"},{"floor":13,"key":"Bag of Marbles"},{"floor":24,"key":"Bottled Lightning"}],"event_choices":[{"event_name":"Living Wall","player_choice":"Grow","floor":5,"damage_taken":0},{"event_name":"Dead Adventurer","player_choice":"Searched \u00271\u0027 times","floor":7,"damage_taken":0},{"event_name":"Scrap Ooze","player_choice":"success","floor":11,"damage_taken":3},{"event_name":"Drug Dealer","player_choice":"Inject Mutagens","floor":19,"damage_taken":0}],"is_beta":false,"boss_relics":[{"not_picked":["Calling Bell","White Beast Statue"],"picked":"Tiny House"}],"items_purged_floors":[3],"is_endless":false,"potions_floor_spawned":[7,7,8,14,16,18,21,24],"killed_by":"Shelled Parasite and Fungi","ascension_level":5}