{"gold_per_floor":[12,12,12,12,25,25,53,53,109,143,143,143,158,10,10,111,161,179,94,94,107,107,107,107,29,29,39,106,106,123,143,143,245,245,263,283,27,37,142,142,160,160,207,235,9,19,89,102,102,102],"floor_reached":51,"playtime":3480,"items_purged":["Regret"],"score":833,"play_id":"d57750a4-799e-4a20-a31b-d474323afdb1","local_time":"20180918173314","is_ascension_mode":false,"campfire_choices":[{"data":"Fission","floor":6,"key":"SMITH"},{"data":"Zap","floor":8,"key":"SMITH"},{"data":"Consume","floor":11,"key":"SMITH"},{"data":"Electrodynamics","floor":15,"key":"SMITH"},{"data":"Capacitor","floor":29,"key":"SMITH"},{"data":"Storm","floor":32,"key":"SMITH"},{"floor":40,"key":"REST"},{"floor":42,"key":"REST"},{"floor":49,"key":"REST"}],"neow_cost":"NO_GOLD","seed_source_timestamp":74682964117418,"circlet_count":0,"master_deck":["Strike_B+1","Strike_B+1","Strike_B+1","Defend_B+1","Defend_B+1","Defend_B+1","Zap+1","Dualcast+1","Coolheaded","Sweeping Beam","Streamline","Consume+1","Force Field","Electrodynamics+1","Loop","Amplify","Ball Lightning","Coolheaded+1","Double Energy+1","Capacitor+1","Cold Snap","Gash","Seek+1","Loop","Sweeping Beam+1","Storm+1","Creative AI","Gash","Reprogram+1","Multi-Cast+1","Consume+1","Auto Shields+1","Steam Power+1","Go for the Eyes+1","Static Discharge+1","Static Discharge+1","Redo+1"],"relics":["Cracked Core","Blue Candle","Bottled Lightning","Tiny Chest","Lantern","Dream Catcher","Tiny House","Toxic Egg 2","SsserpentHead","Pantograph","Fusion Hammer","Gremlin Horn","Bag of Preparation","Oddly Smooth Stone","Frozen Egg 2","Pen Nib"],"potions_floor_usage":[33,33,33,50,50,50],"damage_taken":[{"damage":0,"enemies":"Small Slimes","floor":1,"turns":4},{"damage":5,"enemies":"Jaw Worm","floor":5,"turns":3},{"damage":25,"enemies":"3 Sentries","floor":7,"turns":6},{"damage":1,"enemies":"Lagavulin","floor":10,"turns":8},{"damage":1,"enemies":"2 Louse","floor":13,"turns":1},{"damage":0,"enemies":"Slime Boss","floor":16,"turns":4},{"damage":0,"enemies":"Chosen","floor":18,"turns":2},{"damage":15,"enemies":"2 Thieves","floor":21,"turns":3},{"damage":11,"enemies":"Snecko","floor":27,"turns":4},{"damage":8,"enemies":"Snake Plant","floor":28,"turns":3},{"damage":27,"enemies":"Centurion and Healer","floor":30,"turns":5},{"damage":20,"enemies":"Sentry and Sphere","floor":31,"turns":4},{"damage":16,"enemies":"Collector","floor":33,"turns":6},{"damage":33,"enemies":"Orb Walker","floor":35,"turns":4},{"damage":9,"enemies":"3 Darklings","floor":36,"turns":2},{"damage":19,"enemies":"Sphere and 2 Shapes","floor":38,"turns":3},{"damage":16,"enemies":"Spire Growth","floor":41,"turns":3},{"damage":20,"enemies":"2 Orb Walkers","floor":44,"turns":4},{"damage":19,"enemies":"Maw","floor":47,"turns":6},{"damage":57,"enemies":"Time Eater","floor":50,"turns":6}],"seed_played":"-9018168025673011844","potions_obtained":[{"floor":10,"key":"PowerPotion"},{"floor":17,"key":"LiquidBronze"},{"floor":21,"key":"GamblersBrew"},{"floor":28,"key":"Energy Potion"},{"floor":46,"key":"Ancient Potion"},{"floor":46,"key":"Strength Potion"},{"floor":46,"key":"SteroidPotion"}],"is_trial":false,"path_per_floor":["M","?","?","?","M","R","E","R","T","E","R","T","M","$","R","B",null,"M","?","?","M","?","?","?","$","T","M","M","R","M","M","R","B",null,"M","M","$","M","T","R","M","R","T","E","$","?","M","$","R","B"],"character_chosen":"DEFECT","items_purchased":["Loop","Cold Snap","Gash","Gremlin Horn","Static Discharge+1","Pen Nib","Static Discharge+1"],"campfire_rested":3,"item_purchase_floors":[14,25,25,37,45,45,48],"current_hp_per_floor":[75,75,60,60,55,55,30,30,30,29,29,29,28,28,28,28,80,80,80,90,75,75,75,75,75,75,64,56,56,29,9,9,18,90,57,48,48,29,29,56,40,67,67,47,47,47,28,28,55,23],"gold":102,"neow_bonus":"TRANSFORM_TWO_CARDS","is_prod":false,"is_daily":false,"chose_seed":false,"campfire_upgraded":6,"win_rate":0,"timestamp":1537317194,"path_taken":["M","?","?","?","M","R","E","R","T","E","R","?","?","$","R","BOSS","M","?","?","M","?","?","?","$","T","M","?","R","M","M","R","BOSS","M","M","$","M","?","R","M","R","T","E","$","?","?","?","R","BOSS"],"build_version":"2018-09-06","purchased_purges":1,"victory":true,"max_hp_per_floor":[75,75,75,75,75,75,75,75,75,75,75,75,75,75,75,75,80,80,80,90,90,90,90,90,90,90,90,90,90,90,90,90,90,90,90,90,90,90,90,90,90,90,90,90,90,90,90,90,90,90],"card_choices":[{"not_picked":["Steam","Skim"],"picked":"Sweeping Beam","floor":1},{"not_picked":["Go for the Eyes","Coolheaded"],"picked":"Streamline","floor":5},{"not_picked":["Double Energy","Undo"],"picked":"Consume","floor":7},{"not_picked":["Compile Driver","Barrage"],"picked":"Force Field","floor":10},{"not_picked":["Barrage","Gash"],"picked":"Electrodynamics","floor":13},{"not_picked":["Rainbow","Multi-Cast"],"picked":"Amplify","floor":16},{"not_picked":["Beam Cell","Blizzard"],"picked":"Ball Lightning","floor":17},{"not_picked":["Ball Lightning","Redo"],"picked":"Coolheaded+1","floor":18},{"not_picked":["Streamline","Steam+1"],"picked":"Double Energy+1","floor":21},{"not_picked":["Auto Shields+1","Double Energy+1"],"picked":"Seek+1","floor":27},{"not_picked":["Compile Driver","Chaos+1"],"picked":"Loop","floor":28},{"not_picked":["Beam Cell","Genetic Algorithm+1"],"picked":"Sweeping Beam+1","floor":30},{"not_picked":["Conserve Battery+1","Force Field+1"],"picked":"Storm","floor":31},{"not_picked":["Echo Form","Amplify+1"],"picked":"Creative AI","floor":33},{"not_picked":["Sweeping Beam","Undo+1"],"picked":"Gash","floor":35},{"not_picked":["Reinforced Body+1","Leap+1"],"picked":"Reprogram+1","floor":36},{"not_picked":["Rip and Tear","Go for the Eyes"],"picked":"Multi-Cast+1","floor":38},{"not_picked":["Hologram+1","Self Repair+1"],"picked":"Consume+1","floor":40},{"not_picked":["Sweeping Beam+1","Steam+1"],"picked":"Auto Shields+1","floor":41},{"not_picked":["Hologram+1","Recycle+1"],"picked":"Steam Power+1","floor":42},{"not_picked":["Leap+1","Barrage"],"picked":"Go for the Eyes+1","floor":44},{"not_picked":["Cold Snap","Rebound","Coolheaded+1"],"picked":"SKIP","floor":47},{"not_picked":["Barrage","Ball Lightning+1"],"picked":"Redo+1","floor":49}],"player_experience":137822,"relics_obtained":[{"floor":7,"key":"Bottled Lightning"},{"floor":9,"key":"Tiny Chest"},{"floor":10,"key":"Lantern"},{"floor":12,"key":"Dream Catcher"},{"floor":26,"key":"Pantograph"},{"floor":39,"key":"Bag of Preparation"},{"floor":43,"key":"Oddly Smooth Stone"},{"floor":44,"key":"Frozen Egg 2"}],"event_choices":[{"event_name":"Big Fish","player_choice":"Box","floor":2,"damage_taken":0},{"event_name":"Shining Light","player_choice":"Entered Light","floor":3,"damage_taken":0},{"event_name":"The Cleric","player_choice":"Leave","floor":4,"damage_taken":0},{"event_name":"Addict","player_choice":"Obtained Relic","floor":19,"damage_taken":0},{"event_name":"Bonfire Elementals","player_choice":"RARE","floor":20,"damage_taken":0},{"event_name":"Back to Basics","player_choice":"Simplicity","floor":22,"damage_taken":0},{"event_name":"The Library","player_choice":"Read","floor":23,"damage_taken":0},{"event_name":"FaceTrader","player_choice":"Trade","floor":24,"damage_taken":0},{"event_name":"The Woman in Blue","player_choice":"Bought 3 Potions","floor":46,"damage_taken":0}],"is_beta":false,"boss_relics":[{"not_picked":["White Beast Statue","Snecko Eye"],"picked":"Tiny House"},{"not_picked":["Empty Cage","Nuclear Battery"],"picked":"Fusion Hammer"}],"items_purged_floors":[14],"is_endless":false,"potions_floor_spawned":[10,21,28,47],"ascension_level":0}