{"gold_per_floor":[112,126,139,159,173,200,7,36,36,36,62,74,117,129,141,153],"floor_reached":16,"playtime":969,"items_purged":[],"score":254,"play_id":"1935ab1a-2678-4c01-92d8-daa029dcf33d","local_time":"20190205200400","is_ascension_mode":true,"campfire_choices":[{"floor":10,"key":"REST"},{"data":"Seek","floor":15,"key":"SMITH"}],"neow_cost":"NONE","seed_source_timestamp":264940004178799,"circlet_count":0,"master_deck":["AscendersBane","Strike_B","Strike_B","Strike_B","Strike_B","Defend_B","Defend_B","Defend_B","Defend_B","Zap+1","Dualcast","Ball Lightning","Loop","Ball Lightning","Leap","Cold Snap","Stack","Static Discharge","Seek+1","Steam","Go for the Eyes","Cold Snap"],"relics":["Cracked Core","Anchor","Bottled Lightning","Centennial Puzzle","MawBank","Golden Idol","Sundial"],"potions_floor_usage":[5,6,16,16,16,16],"damage_taken":[{"damage":1,"enemies":"2 Louse","floor":1,"turns":3},{"damage":3,"enemies":"Small Slimes","floor":2,"turns":2},{"damage":1,"enemies":"Cultist","floor":3,"turns":3},{"damage":0,"enemies":"Gremlin Gang","floor":4,"turns":3},{"damage":0,"enemies":"2 Fungi Beasts","floor":5,"turns":3},{"damage":5,"enemies":"3 Sentries","floor":6,"turns":5},{"damage":25,"enemies":"Lagavulin","floor":8,"turns":7},{"damage":37,"enemies":"Gremlin Nob","floor":11,"turns":3},{"damage":5,"enemies":"3 Sentries","floor":13,"turns":9},{"damage":12,"enemies":"Hexaghost","floor":16,"turns":9}],"seed_played":"6657645404636121335","potions_obtained":[{"floor":1,"key":"Poison Potion"},{"floor":2,"key":"Fire Potion"},{"floor":8,"key":"EntropicBrew"},{"floor":14,"key":"Ancient Potion"}],"is_trial":false,"path_per_floor":["M","M","M","M","M","E","$","E","T","R","E","?","E","?","R","B"],"character_chosen":"DEFECT","items_purchased":["Static Discharge","Seek"],"campfire_rested":1,"item_purchase_floors":[7,7],"current_hp_per_floor":[63,60,59,59,59,54,54,29,29,50,13,13,8,8,8,0],"gold":153,"neow_bonus":"UPGRADE_CARD","is_prod":false,"is_daily":false,"chose_seed":false,"campfire_upgraded":1,"win_rate":0,"timestamp":1549425840,"path_taken":["M","M","M","M","M","E","$","E","T","R","E","?","E","?","R","BOSS"],"build_version":"2019-01-23","purchased_purges":0,"victory":false,"max_hp_per_floor":[71,71,71,71,71,71,71,71,71,71,71,64,64,64,64,64],"card_choices":[{"not_picked":["Hello World","Blizzard"],"picked":"Ball Lightning","floor":1},{"not_picked":["Go for the Eyes","Compile Driver"],"picked":"Loop","floor":2},{"not_picked":["Sunder","Go for the Eyes"],"picked":"Ball Lightning","floor":3},{"not_picked":["Gash","Turbo"],"picked":"Leap","floor":4},{"not_picked":["Thunder Strike","Leap"],"picked":"Cold Snap","floor":5},{"not_picked":["Rebound","Reboot"],"picked":"Stack","floor":6},{"not_picked":["Hologram","Doom and Gloom"],"picked":"Steam","floor":8},{"not_picked":["Barrage","Melter"],"picked":"Go for the Eyes","floor":11},{"not_picked":["Fusion","Tempest"],"picked":"Cold Snap","floor":13}],"player_experience":632137,"relics_obtained":[{"floor":6,"key":"Anchor"},{"floor":8,"key":"Bottled Lightning"},{"floor":9,"key":"Centennial Puzzle"},{"floor":11,"key":"MawBank"},{"floor":13,"key":"Sundial"}],"event_choices":[{"damage_healed":0,"gold_gain":0,"player_choice":"Lose Max HP","damage_taken":0,"relics_obtained":["Golden Idol"],"max_hp_gain":0,"max_hp_loss":7,"event_name":"Golden Idol","floor":12,"gold_loss":0},{"damage_healed":0,"gold_gain":0,"player_choice":"Got Potions","damage_taken":0,"max_hp_gain":0,"max_hp_loss":0,"event_name":"Lab","floor":14,"gold_loss":0}],"is_beta":false,"boss_relics":[],"items_purged_floors":[],"is_endless":false,"potions_floor_spawned":[1,2,8],"killed_by":"Hexaghost","ascension_level":19}