{"gold_per_floor":[111,111,125,125,145,145,170,40,40,72,87,115,115,131,131,210,210,225,225,235,250,266,266,299,299,299,325,325,350,350,400,400,477,477,488,488,588,588,513,545,545,545,568,16,16,30,63,63,63,63],"floor_reached":51,"playtime":3424,"items_purged":["Writhe","Parasite"],"score":1297,"play_id":"4c378742-ed1c-431f-a40f-2f16a2f7d4a7","local_time":"20190304211237","is_ascension_mode":true,"campfire_choices":[{"floor":6,"key":"REST"},{"data":"Barrage","floor":15,"key":"SMITH"},{"data":"Go for the Eyes","floor":23,"key":"SMITH"},{"data":"Zap","floor":25,"key":"SMITH"},{"floor":28,"key":"REST"},{"data":"Machine Learning","floor":30,"key":"SMITH"},{"data":"Turbo","floor":32,"key":"SMITH"},{"data":"Hologram","floor":41,"key":"SMITH"},{"data":"Metamorphosis","floor":45,"key":"SMITH"},{"floor":49,"key":"REST"}],"neow_cost":"NONE","seed_source_timestamp":128713766758770,"circlet_count":0,"master_deck":["AscendersBane","Defend_B+1","Defend_B","Defend_B","Defend_B+1","Zap+1","Dualcast","Cold Snap","Cold Snap","Go for the Eyes+1","Machine Learning+1","Self Repair","Turbo+1","Ball Lightning","Glacier","Barrage+1","Buffer+1","Doom and Gloom","Hello World+1","Hologram+1","Compile Driver+1","Defragment+1","Creative AI+1","Rip and Tear+1","Recycle+1","Hologram+1","Stack+1","Mayhem+1","Thunder Strike+1","Metamorphosis+1","Undo"],"relics":["Cracked Core","Letter Opener","Frozen Egg 2","Darkstone Periapt","Pen Nib","Velvet Choker","Gremlin Horn","Centennial Puzzle","Molten Egg 2","Ice Cream","Astrolabe","Du-Vu Doll","Regal Pillow","Bag of Marbles","StoneCalendar"],"potions_floor_usage":[10,12,21,24,27,50,50],"damage_taken":[{"damage":3,"enemies":"Jaw Worm","floor":1,"turns":4},{"damage":0,"enemies":"Small Slimes","floor":3,"turns":3},{"damage":0,"enemies":"Cultist","floor":5,"turns":3},{"damage":25,"enemies":"Gremlin Nob","floor":7,"turns":4},{"damage":10,"enemies":"3 Sentries","floor":10,"turns":11},{"damage":3,"enemies":"Large Slime","floor":11,"turns":6},{"damage":17,"enemies":"Gremlin Nob","floor":12,"turns":4},{"damage":0,"enemies":"3 Louse","floor":14,"turns":1},{"damage":42,"enemies":"Slime Boss","floor":16,"turns":16},{"damage":11,"enemies":"Spheric Guardian","floor":18,"turns":6},{"damage":6,"enemies":"Shell Parasite","floor":20,"turns":7},{"damage":14,"enemies":"Shelled Parasite and Fungi","floor":21,"turns":7},{"damage":0,"enemies":"3 Cultists","floor":22,"turns":4},{"damage":12,"enemies":"Gremlin Leader","floor":24,"turns":7},{"damage":30,"enemies":"Slavers","floor":27,"turns":5},{"damage":9,"enemies":"Gremlin Leader","floor":29,"turns":8},{"damage":46,"enemies":"Champ","floor":33,"turns":20},{"damage":0,"enemies":"3 Shapes","floor":35,"turns":4},{"damage":9,"enemies":"Mind Bloom Boss Battle","floor":37,"turns":8},{"damage":17,"enemies":"Giant Head","floor":40,"turns":9},{"damage":10,"enemies":"3 Darklings","floor":46,"turns":6},{"damage":44,"enemies":"Reptomancer","floor":47,"turns":8},{"damage":67,"enemies":"Awakened One","floor":50,"turns":12}],"seed_played":"-5964562918695495495","potions_obtained":[{"floor":10,"key":"Regen Potion"},{"floor":11,"key":"AttackPotion"},{"floor":12,"key":"EssenceOfSteel"},{"floor":18,"key":"Poison Potion"},{"floor":22,"key":"SteroidPotion"},{"floor":27,"key":"Weak Potion"},{"floor":33,"key":"Strength Potion"}],"is_trial":false,"path_per_floor":["M","?","M","?","M","R","E","$","T","E","M","E","?","M","R","B",null,"M","?","M","M","M","R","E","R","T","E","R","E","R","?","R","B",null,"M","?","?","?","$","E","R","?","T","$","R","M","E","?","R","B",null],"character_chosen":"DEFECT","items_purchased":["Self Repair","Fire Potion","Thunder Strike+1","Metamorphosis","Strength Potion","Undo"],"campfire_rested":3,"item_purchase_floors":[8,8,44,44,44,44],"current_hp_per_floor":[68,45,45,45,45,68,43,43,43,40,44,27,52,52,52,17,67,63,63,64,57,64,64,59,59,59,36,61,59,59,59,59,20,68,75,75,73,90,90,87,87,87,87,87,87,77,40,40,81,14],"gold":63,"neow_bonus":"TEN_PERCENT_HP_BONUS","is_prod":false,"is_daily":false,"chose_seed":false,"campfire_upgraded":7,"win_rate":0,"timestamp":1551730357,"path_taken":["M","?","M","?","M","R","E","$","T","E","?","E","?","M","R","BOSS","M","?","M","M","?","R","E","R","T","E","R","E","R","?","R","BOSS","M","?","?","?","$","E","R","?","T","$","R","M","E","?","R","BOSS"],"build_version":"2019-01-23","purchased_purges":2,"victory":true,"max_hp_per_floor":[78,78,78,78,78,78,78,78,78,78,78,78,84,84,84,84,84,84,84,84,84,84,84,84,84,84,84,84,84,84,84,84,84,84,84,84,84,90,90,90,90,90,90,87,87,87,87,87,87,87],"card_choices":[{"not_picked":["Conserve Battery","Auto Shields"],"picked":"Cold Snap","floor":1},{"not_picked":["Streamline","Darkness"],"picked":"Cold Snap","floor":3},{"not_picked":["Turbo","Static Discharge"],"picked":"Go for the Eyes","floor":5},{"not_picked":["Turbo","Cold Snap"],"picked":"Machine Learning","floor":7},{"not_picked":["Melter","Lockon"],"picked":"Turbo","floor":10},{"not_picked":["Streamline","Rip and Tear"],"picked":"Ball Lightning","floor":11},{"not_picked":["Darkness","Coolheaded"],"picked":"Glacier","floor":12},{"not_picked":["Turbo","Cold Snap"],"picked":"Barrage","floor":14},{"not_picked":["Thunder Strike","All For One"],"picked":"Buffer+1","floor":16},{"not_picked":["Streamline","Cold Snap","Steam+1"],"picked":"SKIP","floor":18},{"not_picked":["Redo","Steam","Barrage"],"picked":"SKIP","floor":20},{"not_picked":["Heatsinks+1","Reinforced Body"],"picked":"Hello World+1","floor":21},{"not_picked":["Skim","Sweeping Beam+1","Doom and Gloom+1"],"picked":"SKIP","floor":22},{"not_picked":["Redo","Sweeping Beam"],"picked":"Hologram","floor":24},{"not_picked":["Multi-Cast","Go for the Eyes+1"],"picked":"Compile Driver","floor":27},{"not_picked":["Stack","Redo"],"picked":"Defragment+1","floor":29},{"not_picked":["Thunder Strike+1","All For One+1"],"picked":"Creative AI+1","floor":33},{"not_picked":["Skim","Heatsinks+1","Cold Snap+1"],"picked":"SKIP","floor":35},{"not_picked":["Loop+1","Go for the Eyes+1"],"picked":"Stack+1","floor":40},{"not_picked":["Bandage Up","Enlightenment"],"picked":"Mayhem+1","floor":42},{"not_picked":["Go for the Eyes+1","Turbo+1","Coolheaded"],"picked":"SKIP","floor":46},{"not_picked":["Ball Lightning+1","Gash+1","Lockon+1"],"picked":"SKIP","floor":47}],"player_experience":1061946,"relics_obtained":[{"floor":7,"key":"Letter Opener"},{"floor":9,"key":"Frozen Egg 2"},{"floor":10,"key":"Darkstone Periapt"},{"floor":12,"key":"Pen Nib"},{"floor":24,"key":"Gremlin Horn"},{"floor":26,"key":"Centennial Puzzle"},{"floor":27,"key":"Molten Egg 2"},{"floor":29,"key":"Ice Cream"},{"floor":37,"key":"Du-Vu Doll"},{"floor":40,"key":"Regal Pillow"},{"floor":43,"key":"Bag of Marbles"},{"floor":47,"key":"StoneCalendar"}],"event_choices":[{"damage_healed":0,"gold_gain":0,"player_choice":"Entered Light","damage_taken":23,"max_hp_gain":0,"max_hp_loss":0,"event_name":"Shining Light","floor":2,"gold_loss":0,"cards_upgraded":["Defend_B","Defend_B"]},{"damage_healed":0,"gold_gain":0,"player_choice":"0 cards matched","damage_taken":0,"max_hp_gain":0,"max_hp_loss":0,"event_name":"Match and Keep!","floor":4,"gold_loss":0,"cards_obtained":[]},{"damage_healed":19,"gold_gain":0,"player_choice":"Healed and dodged fight","damage_taken":0,"max_hp_gain":0,"max_hp_loss":0,"event_name":"Mushrooms","floor":13,"gold_loss":0,"cards_obtained":["Parasite"]},{"damage_healed":0,"gold_gain":0,"cards_transformed":["Strike_B"],"player_choice":"Transformed","damage_taken":0,"max_hp_gain":0,"max_hp_loss":0,"event_name":"Transmorgrifier","floor":19,"gold_loss":0,"cards_obtained":["Doom and Gloom"]},{"damage_healed":0,"gold_gain":50,"player_choice":"Stole From Cult","damage_taken":0,"max_hp_gain":0,"max_hp_loss":0,"event_name":"Nest","floor":31,"gold_loss":0},{"damage_healed":0,"gold_gain":0,"player_choice":"Ignored","damage_taken":0,"max_hp_gain":0,"max_hp_loss":0,"event_name":"Tomb of Lord Red Mask","floor":36,"gold_loss":0},{"damage_healed":0,"gold_gain":0,"player_choice":"Fight","damage_taken":0,"max_hp_gain":0,"max_hp_loss":0,"event_name":"MindBloom","floor":37,"gold_loss":0},{"damage_healed":17,"gold_gain":0,"player_choice":"Writhe","damage_taken":0,"max_hp_gain":0,"max_hp_loss":0,"event_name":"Winding Halls","floor":38,"gold_loss":0,"cards_obtained":["Writhe"]},{"damage_healed":0,"gold_gain":0,"player_choice":"Memory 1","damage_taken":0,"max_hp_gain":0,"max_hp_loss":0,"event_name":"SensoryStone","floor":42,"gold_loss":0},{"damage_healed":0,"gold_gain":0,"player_choice":"Ignored","damage_taken":0,"max_hp_gain":0,"max_hp_loss":0,"event_name":"The Moai Head","floor":48,"gold_loss":0}],"is_beta":false,"boss_relics":[{"not_picked":["Calling Bell","Tiny House"],"picked":"Velvet Choker"},{"not_picked":["Lizard Tail","White Beast Statue"],"picked":"Astrolabe"}],"items_purged_floors":[39,44],"is_endless":false,"potions_floor_spawned":[10,11,12,14,18,20,22,27,33,46],"ascension_level":15}