{"gold_per_floor":[118,131,206,456,467,484,514,514,514,514,66,80,105,105],"floor_reached":14,"playtime":920,"items_purged":["Regret"],"score":125,"play_id":"0eba4df1-f6f7-4774-ba3a-f0a03aca5c57","local_time":"20180705175612","is_ascension_mode":false,"campfire_choices":[],"neow_cost":"NONE","seed_source_timestamp":105085407524293,"circlet_count":0,"master_deck":["Strike_B+1","Strike_B+1","Defend_B","Defend_B","Defend_B","Defend_B","Zap","Dualcast","Static Discharge","White Noise","Fission","Conserve Battery","White Noise","Capacitor","Static Discharge"],"relics":["Cracked Core","Singing Bowl","Orichalcum","Whetstone","Mango","Shuriken"],"potions_floor_usage":[12,14],"damage_taken":[{"damage":0,"enemies":"Cultist","floor":1,"turns":4},{"damage":0,"enemies":"2 Louse","floor":2,"turns":3},{"damage":8,"enemies":"Jaw Worm","floor":5,"turns":4},{"damage":10,"enemies":"Large Slime","floor":6,"turns":6},{"damage":35,"enemies":"Lagavulin","floor":7,"turns":9},{"damage":8,"enemies":"Gremlin Gang","floor":12,"turns":4},{"damage":7,"enemies":"3 Sentries","floor":13,"turns":3},{"damage":8,"enemies":"2 Fungi Beasts","floor":14,"turns":2}],"seed_played":"7031316174245035994","potions_obtained":[{"floor":1,"key":"SteroidPotion"},{"floor":6,"key":"Block Potion"},{"floor":12,"key":"Dexterity Potion"}],"is_trial":false,"path_per_floor":["M","M","?","?","M","M","E","?","T","T","$","M","E"],"character_chosen":"DEFECT","items_purchased":["Capacitor","Mango"],"campfire_rested":0,"item_purchase_floors":[11,11],"current_hp_per_floor":[75,75,64,64,56,46,11,4,4,4,18,12,5,0],"gold":105,"neow_bonus":"REMOVE_CARD","is_prod":false,"is_daily":false,"chose_seed":false,"campfire_upgraded":0,"win_rate":0,"timestamp":1530838572,"path_taken":["M","M","?","?","M","M","E","?","T","?","$","M","E","M"],"build_version":"2018-06-28","purchased_purges":1,"victory":false,"max_hp_per_floor":[75,75,75,75,75,75,75,75,75,75,89,91,91,91],"card_choices":[{"not_picked":["Stack","Sweeping Beam"],"picked":"Static Discharge","floor":1},{"not_picked":["Hologram","Ball Lightning"],"picked":"White Noise","floor":2},{"not_picked":["Sweeping Beam","Self Repair"],"picked":"Fission","floor":5},{"not_picked":["Compile Driver","Redo"],"picked":"Conserve Battery","floor":6},{"not_picked":["Conserve Battery","Redo"],"picked":"White Noise","floor":7},{"not_picked":["Steam","Lockon","Compile Driver"],"picked":"Singing Bowl","floor":12},{"not_picked":["Beam Cell","Skim"],"picked":"Static Discharge","floor":13}],"player_experience":111549,"relics_obtained":[{"floor":7,"key":"Singing Bowl"},{"floor":9,"key":"Orichalcum"},{"floor":10,"key":"Whetstone"},{"floor":13,"key":"Shuriken"}],"event_choices":[{"event_name":"World of Goop","player_choice":"Gather Gold","floor":3,"damage_taken":0},{"event_name":"Golden Shrine","player_choice":"Desecrate","floor":4,"damage_taken":0},{"event_name":"Golden Wing","player_choice":"Card Removal","floor":8,"damage_taken":0}],"boss_relics":[],"items_purged_floors":[11],"is_endless":false,"potions_floor_spawned":[1,6,12],"killed_by":"2 Fungi Beasts","ascension_level":0}