{"gold_per_floor":[212,227,152,152,165,165,190,207,207,207,207,207,226,257,257,361,361,373,225,235,235,235,235,254,254,254,266,104,104],"floor_reached":29,"playtime":1127,"items_purged":["Strike_R","Strike_R","Normality"],"score":305,"play_id":"0f549cf8-a314-411c-a716-34c71d9a7a7d","local_time":"20190204221131","is_ascension_mode":true,"campfire_choices":[{"data":"Searing Blow","floor":6,"key":"SMITH"},{"data":"Searing Blow+1","floor":10,"key":"SMITH"},{"floor":15,"key":"REST"},{"data":"Searing Blow+4","floor":23,"key":"SMITH"},{"data":"Searing Blow+5","floor":25,"key":"SMITH"}],"neow_cost":"NONE","seed_source_timestamp":2328050396015720,"circlet_count":0,"master_deck":["Defend_R","Defend_R","Defend_R","Defend_R","Bash","Searing Blow+6","Uppercut","Seeing Red","Armaments","Ghostly Armor","Disarm","Uppercut","Demon Form+1","Clothesline+1","Madness","Bite","Bite","Bite","Bite","Bite","Shrug It Off","Headbutt+1"],"relics":["Burning Blood","Frozen Egg 2","The Courier","Pantograph","Cursed Key","Toxic Egg 2"],"potions_floor_usage":[29,29],"damage_taken":[{"damage":2,"enemies":"Small Slimes","floor":1,"turns":4},{"damage":6,"enemies":"Cultist","floor":2,"turns":3},{"damage":9,"enemies":"Jaw Worm","floor":5,"turns":3},{"damage":31,"enemies":"Lagavulin","floor":7,"turns":6},{"damage":18,"enemies":"Exordium Thugs","floor":8,"turns":5},{"damage":5,"enemies":"Red Slaver","floor":13,"turns":3},{"damage":17,"enemies":"3 Sentries","floor":14,"turns":9},{"damage":22,"enemies":"The Guardian","floor":16,"turns":13},{"damage":7,"enemies":"3 Byrds","floor":18,"turns":6},{"damage":27,"enemies":"2 Thieves","floor":20,"turns":4},{"damage":27,"enemies":"Shelled Parasite and Fungi","floor":24,"turns":5},{"damage":46,"enemies":"Sentry and Sphere","floor":27,"turns":6},{"damage":42,"enemies":"Gremlin Leader","floor":29,"turns":5}],"seed_played":"-4213464574751285591","potions_obtained":[{"floor":2,"key":"EssenceOfSteel"},{"floor":14,"key":"Ancient Potion"},{"floor":16,"key":"Dexterity Potion"},{"floor":24,"key":"Weak Potion"}],"is_trial":false,"path_per_floor":["M","M","$","?","M","R","E","M","T","R","?","?","M","E","R","B",null,"M","$","M","?","?","R","M","R","T","M","$","E"],"character_chosen":"IRONCLAD","items_purchased":["Madness","Regen Potion"],"campfire_rested":1,"item_purchase_floors":[19,28],"current_hp_per_floor":[80,80,80,80,77,77,52,40,40,40,40,40,41,30,54,63,80,79,79,58,56,56,56,44,44,44,12,12,0],"gold":104,"neow_bonus":"HUNDRED_GOLD","is_prod":false,"is_daily":false,"chose_seed":false,"campfire_upgraded":4,"win_rate":0,"timestamp":1549336291,"path_taken":["M","M","$","?","?","R","E","M","T","R","?","?","M","E","R","BOSS","M","$","M","?","?","R","M","R","T","M","?","E"],"build_version":"2019-01-23","purchased_purges":3,"victory":false,"max_hp_per_floor":[80,80,80,80,80,80,80,80,80,80,80,80,80,80,80,80,80,80,80,80,56,56,56,56,56,56,56,56,56],"card_choices":[{"not_picked":["Sword Boomerang","Anger"],"picked":"Searing Blow","floor":1},{"not_picked":["Body Slam","Perfected Strike"],"picked":"Uppercut","floor":2},{"not_picked":["Rampage","Heavy Blade"],"picked":"Armaments","floor":5},{"not_picked":["Offering","Metallicize"],"picked":"Ghostly Armor","floor":7},{"not_picked":["Flex","Body Slam"],"picked":"Disarm","floor":8},{"not_picked":["Feel No Pain+1","Pommel Strike"],"picked":"Uppercut","floor":13},{"not_picked":["Evolve+1","Shockwave","Hemokinesis"],"picked":"SKIP","floor":14},{"not_picked":["Exhume","Feed"],"picked":"Demon Form+1","floor":16},{"not_picked":["Shockwave","Warcry"],"picked":"Clothesline+1","floor":18},{"not_picked":["Twin Strike","Wild Strike+1","Second Wind"],"picked":"SKIP","floor":20},{"not_picked":["Burning Pact","Clothesline","Heavy Blade+1"],"picked":"SKIP","floor":24},{"not_picked":["True Grit+1","Sword Boomerang"],"picked":"Headbutt+1","floor":27}],"player_experience":145533,"relics_obtained":[{"floor":7,"key":"Frozen Egg 2"},{"floor":9,"key":"The Courier"},{"floor":14,"key":"Pantograph"},{"floor":26,"key":"Toxic Egg 2"}],"event_choices":[{"damage_healed":0,"gold_gain":0,"cards_transformed":["Strike_R"],"player_choice":"Transformed","damage_taken":0,"max_hp_gain":0,"max_hp_loss":0,"event_name":"Transmorgrifier","floor":4,"gold_loss":0,"cards_obtained":["Seeing Red"]},{"damage_healed":0,"gold_gain":0,"player_choice":"Grow","damage_taken":0,"max_hp_gain":0,"max_hp_loss":0,"event_name":"Living Wall","floor":11,"gold_loss":0,"cards_upgraded":["Searing Blow"]},{"damage_healed":0,"gold_gain":0,"player_choice":"Forge","damage_taken":0,"max_hp_gain":0,"max_hp_loss":0,"event_name":"Accursed Blacksmith","floor":12,"gold_loss":0,"cards_upgraded":["Searing Blow"]},{"damage_healed":0,"gold_gain":0,"player_choice":"Became a vampire","damage_taken":0,"max_hp_gain":0,"max_hp_loss":24,"event_name":"Vampires","floor":21,"gold_loss":0,"cards_obtained":["Bite","Bite","Bite","Bite","Bite"]},{"damage_healed":0,"gold_gain":0,"player_choice":"Read","damage_taken":0,"max_hp_gain":0,"max_hp_loss":0,"event_name":"The Library","floor":22,"gold_loss":0,"cards_obtained":["Shrug It Off"]}],"is_beta":false,"boss_relics":[{"not_picked":["Empty Cage","Snecko Eye"],"picked":"Cursed Key"}],"items_purged_floors":[3,19,28],"is_endless":false,"potions_floor_spawned":[2,14,16,24,27],"killed_by":"Gremlin Leader","ascension_level":4}