{"gold_per_floor":[117,117,117,135,135,135,170,184,184,197,197,197,207,21,21,21],"floor_reached":16,"playtime":497,"items_purged":["Strike_B"],"score":200,"play_id":"daea739c-9efe-484a-8271-cde8d483cc5b","local_time":"20181110013859","is_ascension_mode":true,"campfire_choices":[{"data":"Cold Snap","floor":6,"key":"SMITH"},{"data":"Glacier","floor":11,"key":"SMITH"},{"data":"Capacitor","floor":15,"key":"SMITH"}],"neow_cost":"NONE","seed_source_timestamp":119280458473487,"circlet_count":0,"master_deck":["AscendersBane","Strike_B","Strike_B","Defend_B","Defend_B","Defend_B","Defend_B","Zap+1","Dualcast","Fusion+1","Cold Snap+1","Auto Shields","Redo","Glacier+1","Capacitor+1","Heatsinks","Tempest"],"relics":["Cracked Core","NeowsBlessing","Dead Branch","Gambling Chip"],"potions_floor_usage":[16,16],"damage_taken":[{"damage":0,"enemies":"Jaw Worm","floor":1,"turns":1},{"damage":0,"enemies":"Cultist","floor":4,"turns":1},{"damage":0,"enemies":"Gremlin Nob","floor":7,"turns":1},{"damage":4,"enemies":"2 Louse","floor":8,"turns":3},{"damage":18,"enemies":"Lots of Slimes","floor":10,"turns":5},{"damage":0,"enemies":"3 Louse","floor":13,"turns":5},{"damage":41,"enemies":"Hexaghost","floor":16,"turns":9}],"seed_played":"5656672779924644622","potions_obtained":[{"floor":1,"key":"Fire Potion"},{"floor":10,"key":"Poison Potion"}],"is_trial":false,"path_per_floor":["M","?","?","M","?","R","E","M","T","M","R","?","M","$","R","B"],"character_chosen":"DEFECT","items_purchased":["Heatsinks","Tempest"],"campfire_rested":0,"item_purchase_floors":[14,14],"current_hp_per_floor":[68,61,61,61,61,61,61,57,57,39,39,39,39,39,39,0],"gold":21,"neow_bonus":"THREE_ENEMY_KILL","is_prod":false,"is_daily":false,"chose_seed":false,"campfire_upgraded":3,"win_rate":0,"timestamp":1541842739,"path_taken":["M","?","?","?","?","R","E","M","T","?","R","?","M","?","R","BOSS"],"build_version":"2018-11-08","purchased_purges":1,"victory":false,"max_hp_per_floor":[75,75,75,75,75,75,75,75,75,75,75,75,75,75,75,75],"card_choices":[{"not_picked":["Lockon","Go for the Eyes"],"picked":"Fusion","floor":1},{"not_picked":["Leap","Redo"],"picked":"Cold Snap","floor":4},{"not_picked":["Genetic Algorithm","Barrage"],"picked":"Auto Shields","floor":7},{"not_picked":["Steam","Barrage"],"picked":"Redo","floor":8},{"not_picked":["Streamline","Leap"],"picked":"Glacier","floor":10},{"not_picked":["Rebound","Hyperbeam"],"picked":"Capacitor","floor":13}],"player_experience":386595,"relics_obtained":[{"floor":7,"key":"Dead Branch"},{"floor":9,"key":"Gambling Chip"}],"event_choices":[{"cards_removed":["Strike_B"],"damage_healed":0,"gold_gain":0,"player_choice":"Card Removal","damage_taken":7,"max_hp_gain":0,"max_hp_loss":0,"event_name":"Golden Wing","floor":2,"gold_loss":0},{"damage_healed":0,"gold_gain":0,"player_choice":"Upgraded","damage_taken":0,"max_hp_gain":0,"max_hp_loss":0,"event_name":"Upgrade Shrine","floor":3,"gold_loss":0,"cards_upgraded":["Fusion"]},{"damage_healed":0,"gold_gain":0,"player_choice":"Forge","damage_taken":0,"max_hp_gain":0,"max_hp_loss":0,"event_name":"Accursed Blacksmith","floor":5,"gold_loss":0,"cards_upgraded":["Zap"]},{"damage_healed":0,"gold_gain":0,"player_choice":"Bought 0 Potions","damage_taken":0,"max_hp_gain":0,"max_hp_loss":0,"event_name":"The Woman in Blue","floor":12,"gold_loss":0}],"is_beta":false,"boss_relics":[],"items_purged_floors":[14],"is_endless":false,"potions_floor_spawned":[1,10],"killed_by":"Hexaghost","ascension_level":12}