{"path_per_floor":["M","?","M","M","?","R","E","R","T","R","E","M","M","M","R","B",null,"M","?","M","?","$","E","?","R","T","E","?","M","R","E","R","B",null,"M","M","?","$","$","R","E","R","T","?","$","M","?","E","R","B"],"character_chosen":"IRONCLAD","items_purchased":["Feel No Pain","Limit Break"],"gold_per_floor":[109,109,124,138,138,138,167,167,167,167,197,216,227,237,237,334,334,344,344,358,358,54,89,89,89,89,123,223,242,242,272,272,377,377,396,406,406,306,181,181,215,215,242,242,92,104,0,28,28,28],"floor_reached":51,"campfire_rested":0,"playtime":3762,"current_hp_per_floor":[80,80,76,80,77,77,56,56,56,56,45,43,42,48,48,35,80,65,49,53,53,53,47,47,47,47,50,50,53,53,59,59,65,80,83,83,73,73,73,81,79,83,83,83,83,83,83,90,90,90],"items_purged":["Strike_R","Strike_R","Strike_R","Strike_R"],"gold":28,"score":1133,"play_id":"153e1666-d21d-4d43-80c7-d7b7bbcc86f0","local_time":"20180411201225","is_prod":false,"is_daily":false,"is_ascension_mode":true,"campfire_upgraded":10,"timestamp":1523470345,"path_taken":["M","?","M","M","?","R","E","R","T","R","E","M","M","M","R","BOSS","M","?","M","?","$","E","?","R","T","E","?","M","R","E","R","BOSS","M","M","?","?","$","R","E","R","T","?","$","M","?","E","R","BOSS"],"build_version":"2018-04-05v2","purchased_purges":4,"victory":true,"master_deck":["Defend_R+1","Defend_R+1","Defend_R","Defend_R","Bash+1","Cleave","Warcry+1","Shrug It Off+1","Shrug It Off","Feel No Pain+1","Metallicize","Limit Break+1","Impervious","True Grit+1","Battle Trance+1","Spot Weakness+1","Feel No Pain+1","Limit Break","Corruption+1","True Grit+1","Sentinel+1","Madness+1","Madness"],"max_hp_per_floor":[80,80,80,80,80,80,80,80,80,80,80,80,80,80,80,80,80,80,80,80,80,80,80,80,80,80,80,80,80,80,80,80,80,80,83,83,83,83,83,83,83,83,83,83,83,83,83,90,90,90],"relics":["Burning Blood","Oddly Smooth Stone","Bag of Marbles","Art of War","Dead Branch","Paper Frog","Sozu","Enchiridion","Darkstone Periapt","Champion Belt","Bottled Tornado","War Paint","Eternal Feather","Blue Candle","Juzu Bracelet","Red Mask","Strawberry"],"card_choices":[{"not_picked":["Iron Wave","Sentinel"],"picked":"Cleave","floor":1},{"not_picked":["Iron Wave","Wild Strike"],"picked":"Warcry","floor":3},{"not_picked":["Rupture","Sword Boomerang"],"picked":"Shrug It Off","floor":4},{"not_picked":["Fiend Fire","Infernal Blade"],"picked":"Shrug It Off","floor":7},{"not_picked":["Burning Pact","Anger"],"picked":"Feel No Pain","floor":12},{"not_picked":["Clash","Anger"],"picked":"Metallicize","floor":13},{"not_picked":["Shrug It Off","Feel No Pain"],"picked":"Limit Break","floor":14},{"not_picked":["Immolate","Juggernaut"],"picked":"Impervious","floor":16},{"not_picked":["Intimidate","Armaments"],"picked":"True Grit","floor":18},{"not_picked":["Seeing Red","Shrug It Off"],"picked":"Battle Trance","floor":20},{"not_picked":["Anger","Flex"],"picked":"Corruption","floor":23},{"not_picked":["Twin Strike","Pommel Strike"],"picked":"True Grit","floor":27},{"not_picked":["Hemokinesis","Spot Weakness"],"picked":"Sentinel","floor":36}],"player_experience":196278,"potions_floor_usage":[16,23,23],"damage_taken":[{"damage":0,"enemies":"Small Slimes","floor":1,"turns":3},{"damage":10,"enemies":"Jaw Worm","floor":3,"turns":5},{"damage":0,"enemies":"2 Louse","floor":4,"turns":2},{"damage":27,"enemies":"3 Sentries","floor":7,"turns":8},{"damage":17,"enemies":"Gremlin Nob","floor":11,"turns":4},{"damage":8,"enemies":"Red Slaver","floor":12,"turns":4},{"damage":7,"enemies":"Looter","floor":13,"turns":3},{"damage":0,"enemies":"Large Slime","floor":14,"turns":7},{"damage":19,"enemies":"The Guardian","floor":16,"turns":10},{"damage":21,"enemies":"Spheric Guardian","floor":18,"turns":6},{"damage":2,"enemies":"Chosen","floor":20,"turns":4},{"damage":12,"enemies":"Gremlin Leader","floor":23,"turns":7},{"damage":3,"enemies":"Slavers","floor":27,"turns":4},{"damage":3,"enemies":"3 Cultists","floor":29,"turns":5},{"damage":0,"enemies":"Book of Stabbing","floor":31,"turns":5},{"damage":0,"enemies":"Automaton","floor":33,"turns":6},{"damage":0,"enemies":"3 Shapes","floor":35,"turns":4},{"damage":0,"enemies":"Orb Walker","floor":36,"turns":4},{"damage":8,"enemies":"2 Orb Walkers","floor":41,"turns":3},{"damage":1,"enemies":"3 Darklings","floor":46,"turns":3},{"damage":3,"enemies":"Giant Head","floor":48,"turns":4},{"damage":3,"enemies":"Time Eater","floor":50,"turns":8}],"event_choices":[{"event_name":"Living Wall","player_choice":"Forget","floor":2,"damage_taken":0},{"event_name":"Scrap Ooze","player_choice":"success","floor":5,"damage_taken":3},{"event_name":"Cursed Tome","player_choice":"Obtained Book","floor":19,"damage_taken":0},{"event_name":"The Library","player_choice":"Read","floor":21,"damage_taken":0},{"event_name":"Drug Dealer","player_choice":"Ignored","floor":24,"damage_taken":0},{"event_name":"Golden Shrine","player_choice":"Pray","floor":28,"damage_taken":0},{"event_name":"Winding Halls","player_choice":"Embrace Madness","floor":37,"damage_taken":0},{"event_name":"Mysterious Sphere","player_choice":"Ignore","floor":44,"damage_taken":0},{"event_name":"Tomb of Lord Red Mask","player_choice":"Paid","floor":47,"damage_taken":0}],"boss_relics":[{"not_picked":["Runic Pyramid","Runic Cube"],"picked":"Sozu"},{"not_picked":["Orrery","Calling Bell"],"picked":"Eternal Feather"}],"potions_floor_spawned":[11,12,16,23,27,36,46,48],"seed_played":"-4743032901992401074","ascension_level":4,"is_trial":false}