{"gold_per_floor":[113,18,34,34,34,34,66,66,91,91,108,136,61,73,73,173,173,191,209,291,291,216,216,216],"floor_reached":24,"playtime":1521,"items_purged":[],"score":192,"play_id":"beea6f32-a78a-414b-8a84-3381781736b3","local_time":"20180704024318","is_ascension_mode":false,"campfire_choices":[{"data":"Defragment","floor":6,"key":"SMITH"},{"data":"Zap","floor":8,"key":"SMITH"},{"data":"Ball Lightning","floor":10,"key":"SMITH"},{"data":"Capacitor","floor":15,"key":"SMITH"},{"data":"Machine Learning","floor":23,"key":"SMITH"}],"neow_cost":"NONE","seed_source_timestamp":258626867313446,"circlet_count":0,"master_deck":["Strike_B","Defend_B","Defend_B","Defend_B","Defend_B","Zap+1","Dualcast","Thunder Strike","Defragment+1","FTL","Stack","Cold Snap","Ball Lightning+1","Heatsinks","Self Repair","Tempest","Capacitor+1","Conserve Battery","Machine Learning+1","Gash","Self Repair"],"relics":["Cracked Core","Omamori","Happy Flower","Odd Mushroom","White Beast Statue","Molten Egg 2","Nilry\u0027s Codex"],"potions_floor_usage":[16,24,24,24],"damage_taken":[{"damage":6,"enemies":"2 Louse","floor":1,"turns":2},{"damage":0,"enemies":"Cultist","floor":3,"turns":3},{"damage":11,"enemies":"3 Sentries","floor":7,"turns":6},{"damage":7,"enemies":"Small Slimes","floor":11,"turns":3},{"damage":19,"floor":12,"turns":3},{"damage":11,"enemies":"3 Louse","floor":14,"turns":3},{"damage":24,"enemies":"Hexaghost","floor":16,"turns":5},{"damage":32,"enemies":"3 Byrds","floor":18,"turns":4},{"damage":10,"enemies":"Shell Parasite","floor":19,"turns":5},{"damage":32,"enemies":"Slavers","floor":24,"turns":3}],"seed_played":"-3562580184107957691","potions_obtained":[{"floor":11,"key":"LiquidBronze"},{"floor":14,"key":"SteroidPotion"},{"floor":16,"key":"Strength Potion"},{"floor":18,"key":"Fire Potion"},{"floor":19,"key":"Weak Potion"}],"is_trial":false,"path_per_floor":["M","$","M","?","?","R","E","R","T","R","M","?","$","M","R","B",null,"M","M","T","?","?","R"],"character_chosen":"DEFECT","items_purchased":["FTL","Stack","Capacitor"],"campfire_rested":0,"item_purchase_floors":[2,2,13],"current_hp_per_floor":[69,69,69,69,69,69,58,58,58,58,51,39,39,35,35,11,75,50,47,47,31,31,31,0],"gold":216,"neow_bonus":"ONE_RANDOM_RARE_CARD","is_prod":false,"is_daily":false,"chose_seed":false,"campfire_upgraded":5,"win_rate":0.0,"timestamp":1530697398,"path_taken":["M","$","M","?","?","R","E","R","T","R","M","?","$","M","R","BOSS","M","M","?","?","?","R","E"],"build_version":"2018-06-28","purchased_purges":0,"victory":false,"max_hp_per_floor":[75,75,75,75,75,75,75,75,75,75,75,75,75,75,75,75,75,75,75,75,75,75,75,75],"card_choices":[{"not_picked":["Go for the Eyes","Stack"],"picked":"Defragment","floor":1},{"not_picked":["Sweeping Beam","Scrape"],"picked":"Cold Snap","floor":3},{"not_picked":["Steam","Compile Driver"],"picked":"Heatsinks","floor":7},{"not_picked":["Compile Driver","Double Energy"],"picked":"Self Repair","floor":11},{"not_picked":["White Noise","Leap"],"picked":"Tempest","floor":12},{"not_picked":["Force Field","Consume"],"picked":"Conserve Battery","floor":14},{"not_picked":["All For One","Rainbow"],"picked":"Machine Learning","floor":16},{"not_picked":["Hologram","Stack"],"picked":"Gash","floor":18},{"not_picked":["Steam Power","Leap"],"picked":"Self Repair","floor":19}],"player_experience":103598,"relics_obtained":[{"floor":7,"key":"Omamori"},{"floor":9,"key":"Happy Flower"},{"floor":12,"key":"Odd Mushroom"},{"floor":20,"key":"Molten Egg 2"},{"floor":21,"key":"Nilry\u0027s Codex"}],"event_choices":[{"event_name":"Transmorgrifier","player_choice":"Transform","floor":4,"damage_taken":0},{"event_name":"Purifier","player_choice":"One Purge","floor":5,"damage_taken":0},{"event_name":"Mushrooms","player_choice":"Fought Mushrooms","floor":12,"damage_taken":0},{"event_name":"Cursed Tome","player_choice":"Obtained Book","floor":21,"damage_taken":0},{"event_name":"Beggar","player_choice":"Gave Gold","floor":22,"damage_taken":0}],"boss_relics":[{"not_picked":["Lizard Tail","Coffee Dripper"],"picked":"White Beast Statue"}],"items_purged_floors":[],"is_endless":false,"potions_floor_spawned":[11,14,16,18,19],"killed_by":"Slavers","ascension_level":0}