{"gold_per_floor":[117,131,142,160,180,180,211,211,236,31,45,45,45,58,58,129,129,141,141,115,40,57,57,92,92,92,103,103],"floor_reached":28,"playtime":1404,"items_purged":["Setup"],"score":484,"play_id":"70eba842-db22-4611-a030-7352e61d9f02","local_time":"20181101092429","is_ascension_mode":true,"campfire_choices":[{"data":"Venomology","floor":6,"key":"SMITH"},{"floor":8,"key":"REST"},{"data":"Footwork","floor":12,"key":"SMITH"},{"data":"Footwork","floor":15,"key":"SMITH"},{"floor":23,"key":"REST"},{"floor":25,"key":"REST"}],"neow_cost":"NONE","seed_source_timestamp":1607848409443755,"circlet_count":0,"master_deck":["Survivor","Neutralize","AscendersBane","Cloak And Dagger","Footwork+1","Venomology+1","Bouncing Flask","Escape Plan","Infinite Blades","Footwork+1","After Image","Malaise","Setup","Dodge and Roll","Blade Dance","Prepared","Eviscerate","Predator","Footwork","Quick Slash","Caltrops","Backflip","Backflip","Cloak And Dagger+1"],"relics":["Orrery","Bag of Preparation","Bronze Scales","Oddly Smooth Stone","FaceOfCleric","Pandora\u0027s Box","Centennial Puzzle","Shuriken"],"potions_floor_usage":[3,4,4,7,7,14,16,16,16,18,18,20,20,24,24,27,27,28,28],"damage_taken":[{"damage":4,"enemies":"Cultist","floor":1,"turns":4},{"damage":11,"enemies":"Small Slimes","floor":2,"turns":4},{"damage":0,"enemies":"2 Louse","floor":3,"turns":3},{"damage":0,"enemies":"Looter","floor":4,"turns":4},{"damage":0,"enemies":"2 Fungi Beasts","floor":5,"turns":5},{"damage":16,"enemies":"3 Sentries","floor":7,"turns":10},{"damage":0,"enemies":"Exordium Wildlife","floor":11,"turns":6},{"damage":3,"enemies":"Blue Slaver","floor":14,"turns":4},{"damage":3,"enemies":"The Guardian","floor":16,"turns":12},{"damage":17,"enemies":"Chosen","floor":18,"turns":6},{"damage":12,"enemies":"2 Thieves","floor":20,"turns":5},{"damage":30,"enemies":"Centurion and Healer","floor":22,"turns":10},{"damage":20,"enemies":"Book of Stabbing","floor":24,"turns":7},{"damage":19,"enemies":"3 Cultists","floor":27,"turns":5},{"damage":17,"enemies":"Sentry and Sphere","floor":28,"turns":7}],"seed_played":"-8775918080725320324","potions_obtained":[{"floor":2,"key":"Energy Potion"},{"floor":3,"key":"GhostInAJar"},{"floor":24,"key":"Strength Potion"},{"floor":27,"key":"SpeedPotion"}],"is_trial":false,"path_per_floor":["M","M","M","M","M","R","E","R","T","$","M","R","?","M","R","B",null,"M","?","M","$","M","R","E","R","T","M"],"character_chosen":"THE_SILENT","items_purchased":["Footwork","Oddly Smooth Stone"],"campfire_rested":3,"item_purchase_floors":[10,10],"current_hp_per_floor":[55,44,44,44,44,44,28,47,47,47,47,47,47,45,45,43,62,46,46,35,35,6,27,8,29,29,11,0],"gold":103,"neow_bonus":"BOSS_RELIC","is_prod":false,"is_daily":false,"chose_seed":false,"campfire_upgraded":3,"win_rate":0,"timestamp":1541089469,"path_taken":["M","M","?","M","M","R","E","R","T","$","M","R","?","M","R","BOSS","M","?","M","$","M","R","E","R","T","M","M"],"build_version":"2018-10-25v2","purchased_purges":1,"victory":false,"max_hp_per_floor":[66,66,66,66,66,66,66,66,66,66,66,66,66,67,67,68,68,69,69,70,70,71,71,72,72,72,73,73],"card_choices":[{"not_picked":["Prepared","Caltrops"],"picked":"Cloak And Dagger","floor":0},{"not_picked":["Skewer","Choke"],"picked":"Footwork","floor":0},{"not_picked":["Flying Knee","Outmaneuver"],"picked":"Venomology","floor":0},{"not_picked":["Dagger Throw","Blade Dance"],"picked":"Bouncing Flask","floor":0},{"not_picked":["Choke","Dodge and Roll","Calculated Gamble"],"picked":"SKIP","floor":1},{"not_picked":["Reflex","Bane","Deflect"],"picked":"SKIP","floor":2},{"not_picked":["Dagger Spray","Choke","Flying Knee"],"picked":"SKIP","floor":3},{"not_picked":["Expertise","Distraction","Caltrops"],"picked":"SKIP","floor":4},{"not_picked":["Blade Dance","PiercingWail"],"picked":"Escape Plan","floor":5},{"not_picked":["Quick Slash","Dodge and Roll"],"picked":"Infinite Blades","floor":7},{"not_picked":["Outmaneuver","Slice","Underhanded Strike"],"picked":"SKIP","floor":11},{"not_picked":["Caltrops","Sucker Punch"],"picked":"After Image","floor":14},{"not_picked":["Tools of the Trade","Grand Finale"],"picked":"Malaise","floor":16},{"not_picked":["Poisoned Stab+1","Sucker Punch","Prepared"],"picked":"SKIP","floor":18},{"not_picked":["Bane","Terror"],"picked":"Backflip","floor":20},{"not_picked":["Slice","Acrobatics+1"],"picked":"Backflip","floor":22},{"not_picked":["Backstab","Backflip"],"picked":"Cloak And Dagger+1","floor":24},{"not_picked":["Night Terror","Tactician","Blade Dance"],"picked":"SKIP","floor":27}],"player_experience":581298,"relics_obtained":[{"floor":7,"key":"Bag of Preparation"},{"floor":9,"key":"Bronze Scales"},{"floor":24,"key":"Centennial Puzzle"},{"floor":26,"key":"Shuriken"}],"event_choices":[{"damage_healed":0,"gold_gain":0,"player_choice":"Trade","damage_taken":0,"relics_obtained":["FaceOfCleric"],"max_hp_gain":0,"max_hp_loss":0,"event_name":"FaceTrader","floor":13,"gold_loss":0},{"damage_healed":0,"gold_gain":0,"player_choice":"Ignored","damage_taken":0,"max_hp_gain":0,"max_hp_loss":0,"event_name":"Ghosts","floor":19,"gold_loss":0}],"is_beta":false,"boss_relics":[{"not_picked":["Runic Pyramid","Lizard Tail"],"picked":"Pandora\u0027s Box"}],"items_purged_floors":[21],"is_endless":false,"potions_floor_spawned":[2,3,11,24,27],"killed_by":"Sentry and Sphere","ascension_level":20}