{"gold_per_floor":[113,113,63,76,91,122,136,136],"floor_reached":8,"playtime":555,"items_purged":[],"score":90,"play_id":"e0161144-f25b-419a-a6c7-5b4266638c5a","local_time":"20190205045933","is_ascension_mode":true,"campfire_choices":[],"neow_cost":"NONE","seed_source_timestamp":198005930246688,"circlet_count":0,"master_deck":["AscendersBane","Defend_G","Defend_G","Defend_G","Defend_G","Defend_G","Strike_G","Strike_G","Strike_G","Strike_G","Survivor","Neutralize","Poisoned Stab","Flying Knee","Quick Slash","Deadly Poison"],"special_seed":0,"relics":["Ring of the Snake","NeowsBlessing","Calipers"],"potions_floor_usage":[8],"damage_taken":[{"damage":0.0,"enemies":"2 Louse","floor":1.0,"turns":1.0},{"damage":0.0,"enemies":"Small Slimes","floor":4.0,"turns":1.0},{"damage":0.0,"enemies":"Cultist","floor":5.0,"turns":1.0},{"damage":40,"enemies":"Lagavulin","floor":6,"turns":8},{"damage":15,"enemies":"Large Slime","floor":7,"turns":10},{"damage":6,"enemies":"3 Sentries","floor":8,"turns":6}],"seed_played":"-5975900754659218442","potions_obtained":[{"floor":4.0,"key":"Explosive Potion"},{"floor":6,"key":"Dexterity Potion"}],"is_trial":false,"path_per_floor":["M","?","?","M","M","E","M","E"],"character_chosen":"THE_SILENT","items_purchased":[],"campfire_rested":0,"item_purchase_floors":[],"current_hp_per_floor":[63,68,68,68,68,28,13,7],"gold":136,"neow_bonus":"THREE_ENEMY_KILL","is_prod":false,"is_daily":false,"chose_seed":false,"campfire_upgraded":0,"win_rate":0,"timestamp":1549360773,"path_taken":["M","?","?","M","M","E","M","E"],"build_version":"2019-01-23","purchased_purges":0,"victory":false,"max_hp_per_floor":[70,75,75,75,75,75,75,75],"card_choices":[{"not_picked":["Outmaneuver","Heel Hook"],"picked":"Poisoned Stab","floor":1.0},{"not_picked":["Distraction","Prepared","Underhanded Strike"],"picked":"SKIP","floor":4.0},{"not_picked":["Poisoned Stab","Slice"],"picked":"Flying Knee","floor":5.0},{"not_picked":["Terror","Outmaneuver"],"picked":"Quick Slash","floor":6},{"not_picked":["Calculated Gamble","Endless Agony"],"picked":"Deadly Poison","floor":7}],"player_experience":359447,"relics_obtained":[{"floor":6,"key":"Calipers"}],"event_choices":[{"damage_healed":0.0,"max_hp_gain":5.0,"max_hp_loss":0.0,"gold_gain":0.0,"event_name":"Big Fish","player_choice":"Donut","floor":2.0,"gold_loss":0.0,"damage_taken":0.0},{"cards_removed":["Strike_G"],"damage_healed":0.0,"max_hp_gain":0.0,"max_hp_loss":0.0,"gold_gain":0.0,"event_name":"The Cleric","player_choice":"Card Removal","floor":3.0,"gold_loss":50.0,"damage_taken":0.0}],"is_beta":false,"boss_relics":[],"items_purged_floors":[],"is_endless":false,"potions_floor_spawned":[4,6,7],"killed_by":"3 Sentries","ascension_level":11}