{"gold_per_floor":[215,230,230,247,264,264,284,309,334,334,366,376,387,402,402,501,501,513,533,533,190,209,209,226,243,268,268,27,45,45,55,55,55],"floor_reached":33,"playtime":1423,"items_purged":[],"score":265,"play_id":"dae8beb3-2a55-4714-8ce8-dbc2b31c9892","local_time":"20180911031338","is_ascension_mode":false,"campfire_choices":[{"data":"Perfected Strike","floor":6,"key":"SMITH"},{"data":"Pommel Strike","floor":15,"key":"SMITH"},{"floor":23,"key":"REST"},{"floor":27,"key":"REST"},{"data":"Perfected Strike","floor":30,"key":"SMITH"},{"data":"Double Tap","floor":32,"key":"SMITH"}],"neow_cost":"NONE","seed_source_timestamp":365268224821617,"circlet_count":0,"master_deck":["Strike_R","Strike_R","Strike_R","Strike_R","Strike_R","Defend_R","Defend_R","Defend_R","Defend_R","Bash","Perfected Strike+1","Wild Strike","Sword Boomerang+1","Wild Strike","Wild Strike","Pommel Strike+1","Double Tap+1","Twin Strike","Twin Strike","Offering","Cleave+1","Twin Strike","Seeing Red+1","Carnage","Perfected Strike+1","Whirlwind+1"],"relics":["Burning Blood","Frozen Egg 2","Potion Belt","Bag of Marbles","Orrery","Dream Catcher","HandDrill","Bronze Scales","Paper Frog"],"potions_floor_usage":[8,11,14,16,16,24,33],"damage_taken":[{"damage":0,"enemies":"2 Louse","floor":1,"turns":2},{"damage":12,"enemies":"Small Slimes","floor":2,"turns":5},{"damage":1,"enemies":"Jaw Worm","floor":4,"turns":3},{"damage":16,"enemies":"Large Slime","floor":5,"turns":6},{"damage":6,"enemies":"Red Slaver","floor":7,"turns":3},{"damage":15,"enemies":"Gremlin Nob","floor":8,"turns":4},{"damage":22,"enemies":"3 Sentries","floor":11,"turns":5},{"damage":1,"enemies":"3 Louse","floor":12,"turns":2},{"damage":2,"enemies":"Blue Slaver","floor":13,"turns":2},{"damage":0,"enemies":"2 Fungi Beasts","floor":14,"turns":2},{"damage":40,"enemies":"Hexaghost","floor":16,"turns":7},{"damage":30,"enemies":"2 Thieves","floor":18,"turns":3},{"damage":11,"enemies":"Chosen","floor":19,"turns":3},{"damage":6,"enemies":"Shelled Parasite and Fungi","floor":22,"turns":2},{"damage":21,"enemies":"Snake Plant","floor":24,"turns":2},{"damage":15,"enemies":"Snecko","floor":25,"turns":3},{"damage":6,"enemies":"Sentry and Sphere","floor":29,"turns":2},{"damage":16,"enemies":"Snake Plant","floor":31,"turns":2},{"damage":85,"enemies":"Collector","floor":33,"turns":6}],"seed_played":"-5578962905540354255","potions_obtained":[{"floor":2,"key":"PowerPotion"},{"floor":4,"key":"Energy Potion"},{"floor":11,"key":"FearPotion"},{"floor":12,"key":"AttackPotion"},{"floor":13,"key":"BloodPotion"},{"floor":22,"key":"BloodPotion"},{"floor":31,"key":"Poison Potion"}],"is_trial":false,"path_per_floor":["M","M","$","M","M","R","M","E","T","?","E","M","M","M","R","B",null,"M","M","?","$","M","R","M","M","T","R","$","M","R","M","R"],"character_chosen":"IRONCLAD","items_purchased":["Dream Catcher","HandDrill","Paper Frog"],"campfire_rested":2,"item_purchase_floors":[21,21,28],"current_hp_per_floor":[80,74,74,79,69,69,69,60,60,60,44,49,53,67,67,33,80,56,51,36,36,36,61,54,45,45,70,70,70,70,60,60,0],"gold":55,"neow_bonus":"HUNDRED_GOLD","is_prod":false,"is_daily":false,"chose_seed":false,"campfire_upgraded":4,"win_rate":0,"timestamp":1536650018,"path_taken":["M","M","$","M","M","R","M","E","T","?","E","M","M","M","R","BOSS","M","M","?","$","M","R","M","?","T","R","$","M","R","M","R","BOSS"],"build_version":"2018-09-06","purchased_purges":0,"victory":false,"max_hp_per_floor":[80,80,80,80,80,80,80,80,80,80,80,80,80,80,80,80,80,80,80,85,85,85,85,85,85,85,85,85,85,85,85,85,85],"card_choices":[{"not_picked":["Thunderclap","Armaments","Feel No Pain"],"picked":"SKIP","floor":1},{"not_picked":["Searing Blow","Intimidate"],"picked":"Perfected Strike","floor":2},{"not_picked":["Entrench","Heavy Blade"],"picked":"Wild Strike","floor":4},{"not_picked":["Battle Trance","Second Wind","Iron Wave"],"picked":"SKIP","floor":5},{"not_picked":["Exhume","True Grit"],"picked":"Sword Boomerang","floor":7},{"not_picked":["Body Slam","Burning Pact","Flex"],"picked":"SKIP","floor":8},{"not_picked":["Body Slam","Burning Pact","Flex"],"picked":"SKIP","floor":8},{"not_picked":["Cleave","Fiend Fire"],"picked":"Wild Strike","floor":11},{"not_picked":["Intimidate","Cleave","Power Through"],"picked":"SKIP","floor":12},{"not_picked":["Headbutt","Clothesline"],"picked":"Wild Strike","floor":13},{"not_picked":["Anger","True Grit"],"picked":"Pommel Strike","floor":14},{"not_picked":["Dark Embrace+1","Exhume"],"picked":"Double Tap","floor":16},{"not_picked":["Anger","Seeing Red"],"picked":"Twin Strike","floor":17},{"not_picked":["Wild Strike","Rage"],"picked":"Twin Strike","floor":17},{"not_picked":["Body Slam","Havoc"],"picked":"Offering","floor":17},{"not_picked":["Pummel","True Grit","Flex"],"picked":"SKIP","floor":18},{"not_picked":["Body Slam","Anger"],"picked":"Cleave+1","floor":19},{"not_picked":["True Grit","Sword Boomerang","Berserk+1"],"picked":"SKIP","floor":22},{"not_picked":["Body Slam","Rupture+1"],"picked":"Twin Strike","floor":24},{"not_picked":["Wild Strike","Infernal Blade"],"picked":"Seeing Red+1","floor":25},{"not_picked":["Hemokinesis","Corruption+1"],"picked":"Carnage","floor":27},{"not_picked":["Sword Boomerang","Headbutt"],"picked":"Perfected Strike","floor":29},{"not_picked":["Thunderclap","Iron Wave+1"],"picked":"Whirlwind+1","floor":31}],"player_experience":86879,"relics_obtained":[{"floor":8,"key":"Frozen Egg 2"},{"floor":9,"key":"Potion Belt"},{"floor":11,"key":"Bag of Marbles"},{"floor":26,"key":"Bronze Scales"}],"event_choices":[{"event_name":"Living Wall","player_choice":"Grow","floor":10,"damage_taken":0},{"event_name":"Forgotten Altar","player_choice":"Shed Blood","floor":20,"damage_taken":0}],"is_beta":false,"boss_relics":[{"not_picked":["Fusion Hammer","Runic Dome"],"picked":"Orrery"}],"items_purged_floors":[],"is_endless":false,"potions_floor_spawned":[2,4,11,12,13,22,31],"killed_by":"Collector","ascension_level":0}