{"gold_per_floor":[114,114,130,130,154,188,208,135,159,159,183,206,224,299,299,420,420,443,443,478,124,144,144,188,26,26,41,65,13,112,128,128,128],"floor_reached":33,"playtime":1468,"items_purged":[],"score":319,"play_id":"daead3e4-e975-4e25-bd96-c525124c8a7f","local_time":"20181222204150","daily_mods":["Draft","Diverse"],"is_ascension_mode":false,"campfire_choices":[{"data":"Catalyst","floor":10.0,"key":"SMITH"},{"floor":15.0,"key":"REST"},{"floor":23,"key":"REST"},{"floor":32,"key":"REST"}],"neow_cost":"","seed_source_timestamp":0,"circlet_count":0,"master_deck":["Deadly Poison","Undo","Blade Dance","Bouncing Flask","Flex","Heavy Blade","Darkness","Deflect","Ball Lightning","Clothesline","Quick Slash","Glacier","Anger","Quick Slash","Cleave","Anger","Inflame","Conserve Battery","Catalyst+1","Bouncing Flask","Buffer","Shrug It Off","Deflect","Rainbow","Accuracy","Deflect","Deflect+1"],"special_seed":0,"relics":["Black Blood","Golden Idol","Ancient Tea Set","Strawberry","Red Mask","Anchor","Sling","Orichalcum","Molten Egg 2"],"potions_floor_usage":[20,24,33],"damage_taken":[{"damage":0.0,"enemies":"Small Slimes","floor":1.0,"turns":2.0},{"damage":0.0,"enemies":"Jaw Worm","floor":3.0,"turns":2.0},{"damage":0.0,"enemies":"2 Louse","floor":5.0,"turns":1.0},{"damage":16.0,"enemies":"3 Sentries","floor":6.0,"turns":4.0},{"damage":13.0,"enemies":"Red Slaver","floor":7.0,"turns":2.0},{"damage":0.0,"enemies":"2 Fungi Beasts","floor":11.0,"turns":2.0},{"damage":19.0,"enemies":"Exordium Wildlife","floor":12.0,"turns":2.0},{"damage":12.0,"enemies":"Blue Slaver","floor":13.0,"turns":2.0},{"damage":22.0,"enemies":"Hexaghost","floor":16.0,"turns":4.0},{"damage":6.0,"enemies":"Chosen","floor":18.0,"turns":4.0},{"damage":59,"enemies":"Masked Bandits","floor":20,"turns":5},{"damage":13,"enemies":"3 Byrds","floor":22,"turns":4},{"damage":0,"enemies":"Book of Stabbing","floor":24,"turns":4},{"damage":6,"enemies":"Centurion and Healer","floor":27,"turns":6},{"damage":23,"enemies":"Snake Plant","floor":28,"turns":4},{"damage":27,"enemies":"Cultist and Chosen","floor":31,"turns":7},{"damage":80,"enemies":"Champ","floor":33,"turns":10}],"seed_played":"8859214579765211584","potions_obtained":[{"floor":3.0,"key":"Energy Potion"},{"floor":5.0,"key":"SkillPotion"},{"floor":6.0,"key":"EssenceOfSteel"},{"floor":7.0,"key":"SkillPotion"},{"floor":11.0,"key":"PowerPotion"},{"floor":13.0,"key":"Fire Potion"},{"floor":18.0,"key":"SkillPotion"},{"floor":22,"key":"PowerPotion"},{"floor":27,"key":"EssenceOfSteel"}],"is_trial":true,"path_per_floor":["M","?","M","?","M","E","M","$","T","R","M","M","M","?","R","B",null,"M","?","?","$","M","R","E","$","T","M","M","$","?","M","R","B"],"character_chosen":"IRONCLAD","items_purchased":["Catalyst","Anchor","Sling","Rainbow","Deflect"],"campfire_rested":3,"item_purchase_floors":[8,21,21,25,29],"current_hp_per_floor":[80,85,85,64,70,60,53,53,60,60,66,53,47,38,65,49,92,92,92,43,43,40,67,77,77,77,81,68,68,68,51,78,0],"gold":128,"neow_bonus":"","is_prod":false,"is_daily":false,"chose_seed":false,"campfire_upgraded":1,"win_rate":0,"timestamp":1545529310,"path_taken":["M","?","M","?","M","E","M","?","T","R","M","?","M","?","R","BOSS","M","?","?","$","M","R","E","?","T","M","M","?","?","M","R","BOSS"],"build_version":"2018-12-20","purchased_purges":0,"victory":false,"max_hp_per_floor":[80,85,85,85,85,85,85,85,92,92,92,92,92,92,92,92,92,92,92,92,92,92,92,92,92,92,92,92,92,92,92,92,92],"card_choices":[{"not_picked":["Sever Soul","Dagger Spray"],"picked":"Deadly Poison","floor":0.0},{"not_picked":["Reflex","Reinforced Body"],"picked":"Undo","floor":0.0},{"not_picked":["Ball Lightning","Redo"],"picked":"Blade Dance","floor":0.0},{"not_picked":["Self Repair","Headbutt"],"picked":"Bouncing Flask","floor":0.0},{"not_picked":["Sentinel","Loop"],"picked":"Flex","floor":0.0},{"not_picked":["Flex","Cloak And Dagger"],"picked":"Heavy Blade","floor":0.0},{"not_picked":["Escape Plan","Warcry"],"picked":"Darkness","floor":0.0},{"not_picked":["Whirlwind","Riddle With Holes"],"picked":"Deflect","floor":0.0},{"not_picked":["Steam","Undo"],"picked":"Ball Lightning","floor":0.0},{"not_picked":["Heel Hook","Heatsinks"],"picked":"Clothesline","floor":0.0},{"not_picked":["Expertise","Bane"],"picked":"Quick Slash","floor":0.0},{"not_picked":["Infernal Blade","Reflex"],"picked":"Glacier","floor":0.0},{"not_picked":["Escape Plan","Auto Shields"],"picked":"Anger","floor":0.0},{"not_picked":["Distraction","Perfected Strike"],"picked":"Quick Slash","floor":0.0},{"not_picked":["Tactician","Dodge and Roll"],"picked":"Cleave","floor":0.0},{"not_picked":["Cold Snap","Turbo"],"picked":"Anger","floor":1.0},{"not_picked":["Auto Shields","Steam Power","Shockwave"],"picked":"SKIP","floor":3.0},{"not_picked":["Outmaneuver","Bane"],"picked":"Inflame","floor":5.0},{"not_picked":["Storm","Metallicize","Terror"],"picked":"SKIP","floor":6.0},{"not_picked":["Clothesline","Lockon"],"picked":"Conserve Battery","floor":7.0},{"not_picked":["Flechettes","Body Slam"],"picked":"Bouncing Flask","floor":11.0},{"not_picked":["Prepared","Quick Slash","Dodge and Roll"],"picked":"SKIP","floor":12.0},{"not_picked":["Feel No Pain","Heavy Blade","Rupture"],"picked":"SKIP","floor":13.0},{"not_picked":["All For One","Machine Learning"],"picked":"Buffer","floor":16.0},{"not_picked":["Bane","Loop"],"picked":"Shrug It Off","floor":18.0},{"not_picked":["Second Wind","Beam Cell","Armaments+1"],"picked":"SKIP","floor":22},{"not_picked":["Heavy Blade","Shrug It Off"],"picked":"Deflect","floor":24},{"not_picked":["Skim+1","Acrobatics"],"picked":"Accuracy","floor":27},{"not_picked":["FTL+1","Dagger Throw+1","Brutality"],"picked":"SKIP","floor":28},{"not_picked":["Cloak And Dagger","Well Laid Plans+1"],"picked":"Deflect+1","floor":31}],"player_experience":332940,"relics_obtained":[{"floor":6.0,"key":"Ancient Tea Set"},{"floor":9.0,"key":"Strawberry"},{"floor":20,"key":"Red Mask"},{"floor":24,"key":"Orichalcum"},{"floor":26,"key":"Molten Egg 2"}],"event_choices":[{"damage_healed":0.0,"max_hp_gain":5.0,"max_hp_loss":0.0,"gold_gain":0.0,"event_name":"Big Fish","player_choice":"Donut","floor":2.0,"gold_loss":0.0,"damage_taken":0.0},{"damage_healed":0.0,"max_hp_gain":0.0,"max_hp_loss":0.0,"gold_gain":0.0,"event_name":"Golden Idol","player_choice":"Take Damage","floor":4.0,"gold_loss":0.0,"damage_taken":21.0,"relics_obtained":["Golden Idol"]},{"damage_healed":0.0,"max_hp_gain":0.0,"max_hp_loss":0.0,"gold_gain":75.0,"event_name":"FaceTrader","player_choice":"Touch","floor":14.0,"gold_loss":0.0,"damage_taken":9.0},{"damage_healed":0.0,"max_hp_gain":0.0,"max_hp_loss":0.0,"gold_gain":0.0,"event_name":"Vampires","player_choice":"Ignored","floor":19.0,"gold_loss":0.0,"damage_taken":0.0},{"damage_healed":0,"gold_gain":0,"player_choice":"Fought Bandits","damage_taken":0,"max_hp_gain":0,"max_hp_loss":0,"event_name":"Masked Bandits","floor":20,"gold_loss":0},{"damage_healed":0,"gold_gain":99,"player_choice":"Stole From Cult","damage_taken":0,"max_hp_gain":0,"max_hp_loss":0,"event_name":"Nest","floor":30,"gold_loss":0}],"is_beta":false,"boss_relics":[{"not_picked":["Mark of Pain","Runic Dome"],"picked":"Black Blood"}],"items_purged_floors":[],"is_endless":false,"potions_floor_spawned":[3,5,6,7,11,13,18,22,27],"killed_by":"Champ","ascension_level":0}