{"gold_per_floor":[112,8,28,38,49,81,91,91,391,391,341,356,367,381,381,485,485,465,197,197,197,212,137,137,169,169,201,201,215,234,264,264,363,363,379,395,168,217,241,275,275,275,275,275,292,211,237,250,250,250],"floor_reached":51,"playtime":3860,"items_purged":["Streamline"],"score":772,"play_id":"ef8d0eac-1399-45d3-9814-83300ac0908d","local_time":"20180822025059","is_ascension_mode":false,"campfire_choices":[{"floor":8,"key":"REST"},{"data":"Defragment","floor":10,"key":"SMITH"},{"data":"Redo","floor":15,"key":"SMITH"},{"floor":24,"key":"REST"},{"floor":32,"key":"REST"},{"floor":41,"key":"REST"},{"data":"1","floor":44,"key":"LIFT"},{"floor":49,"key":"REST"}],"neow_cost":"NONE","seed_source_timestamp":13586592959513,"circlet_count":0,"master_deck":["Zap","Dualcast","Defragment+1","Barrage","Capacitor","Ball Lightning","Redo+1","Darkness+1","Glacier+1","Reprogram+1","Coolheaded+1","Capacitor","Machine Learning","Undo+1","Glacier+1","Barrage","Go for the Eyes","Go for the Eyes","Fusion+1","Apotheosis+1","White Noise+1","Loop","Chill+1","Compile Driver","Hologram+1","Rainbow+1","Blizzard","Blizzard","Defragment","Glacier+1","Glacier+1","Madness+1","Madness+1","Fusion+1","Heatsinks"],"relics":["White Beast Statue","Toxic Egg 2","Old Coin","Pandora\u0027s Box","Gremlin Horn","Kunai","Girya","Tiny Chest","Nuclear Battery","DataDisk","Emotion Chip","Bag of Marbles","Bottled Flame","Symbiotic Virus","Bag of Preparation"],"potions_floor_usage":[6,13,14,16,18,22,27,29,30,33,38,40,47,50,50,50],"damage_taken":[{"damage":10,"enemies":"Cultist","floor":1,"turns":4},{"damage":4,"enemies":"2 Louse","floor":3,"turns":4},{"damage":15,"enemies":"Jaw Worm","floor":4,"turns":6},{"damage":0,"enemies":"Looter","floor":5,"turns":4},{"damage":17,"enemies":"3 Sentries","floor":6,"turns":4},{"damage":7,"enemies":"Large Slime","floor":7,"turns":5},{"damage":3,"enemies":"Red Slaver","floor":12,"turns":5},{"damage":0,"enemies":"Gremlin Gang","floor":13,"turns":6},{"damage":0,"enemies":"3 Louse","floor":14,"turns":4},{"damage":23,"enemies":"The Guardian","floor":16,"turns":9},{"damage":6,"enemies":"2 Thieves","floor":18,"turns":4},{"damage":10,"enemies":"3 Byrds","floor":22,"turns":6},{"damage":1,"enemies":"Book of Stabbing","floor":25,"turns":7},{"damage":15,"enemies":"Slavers","floor":27,"turns":7},{"damage":11,"enemies":"Snecko","floor":29,"turns":7},{"damage":2,"enemies":"Centurion and Healer","floor":30,"turns":5},{"damage":15,"enemies":"Collector","floor":33,"turns":9},{"damage":0,"enemies":"3 Shapes","floor":35,"turns":5},{"damage":0,"enemies":"Flame Bruiser 1 Orb","floor":36,"turns":6},{"damage":8,"floor":38,"turns":7},{"damage":14,"enemies":"2 Orb Walkers","floor":40,"turns":4},{"damage":0,"enemies":"4 Shapes","floor":45,"turns":7},{"damage":1,"enemies":"Giant Head","floor":47,"turns":7},{"damage":9,"enemies":"Flame Bruiser 2 Orb","floor":48,"turns":6},{"damage":6,"enemies":"Donu and Deca","floor":50,"turns":8}],"seed_played":"897490617670437323","potions_obtained":[{"floor":1,"key":"FearPotion"},{"floor":3,"key":"Ancient Potion"},{"floor":4,"key":"AttackPotion"},{"floor":6,"key":"SneckoOil"},{"floor":7,"key":"Fire Potion"},{"floor":12,"key":"AttackPotion"},{"floor":13,"key":"FocusPotion"},{"floor":14,"key":"SkillPotion"},{"floor":16,"key":"Fire Potion"},{"floor":18,"key":"GamblersBrew"},{"floor":22,"key":"Energy Potion"},{"floor":27,"key":"Regen Potion"},{"floor":29,"key":"Ancient Potion"},{"floor":30,"key":"EssenceOfSteel"},{"floor":33,"key":"FocusPotion"},{"floor":36,"key":"PowerPotion"},{"floor":38,"key":"SkillPotion"},{"floor":40,"key":"PowerPotion"},{"floor":47,"key":"SpeedPotion"},{"floor":48,"key":"Swift Potion"}],"is_trial":false,"path_per_floor":["M","$","M","M","M","E","M","R","T","R","?","M","M","M","R","B",null,"M","$","?","?","M","$","R","E","T","E","?","M","M","T","R","B",null,"M","M","$","?","T","E","R","?","T","R","M","$","E","M","R","B"],"character_chosen":"DEFECT","items_purchased":["Barrage","Capacitor","Apotheosis+1","Loop","Defragment","DataDisk","Heatsinks"],"campfire_rested":5,"item_purchase_floors":[2,2,19,23,37,37,46],"current_hp_per_floor":[65,65,61,46,46,29,22,44,44,44,44,41,41,41,41,18,75,69,69,69,55,45,45,69,68,68,53,53,51,49,49,73,58,80,80,80,80,72,72,58,80,70,70,70,70,70,69,60,80,74],"gold":250,"neow_bonus":"BOSS_RELIC","is_prod":false,"is_daily":false,"chose_seed":false,"campfire_upgraded":2,"win_rate":0,"timestamp":1534920659,"path_taken":["M","$","M","M","?","E","M","R","T","R","?","M","M","M","R","BOSS","M","$","?","?","M","$","R","E","T","E","?","M","M","?","R","BOSS","M","M","$","?","?","E","R","?","T","R","M","$","E","?","R","BOSS"],"build_version":"2018-08-16","purchased_purges":1,"victory":true,"max_hp_per_floor":[75,75,75,75,75,75,75,75,75,75,75,75,75,75,75,75,75,75,75,75,80,80,80,80,80,80,80,80,80,80,80,80,80,80,80,80,80,80,80,80,80,80,80,80,80,80,80,80,80,80],"card_choices":[{"not_picked":["Storm","Static Discharge"],"picked":"Defragment","floor":1},{"not_picked":["Beam Cell","Compile Driver","Gash"],"picked":"SKIP","floor":3},{"not_picked":["Doom and Gloom","Turbo"],"picked":"Ball Lightning","floor":4},{"not_picked":["Turbo","Steam"],"picked":"Redo","floor":5},{"not_picked":["Gash","Creative AI"],"picked":"Darkness","floor":6},{"not_picked":["Leap+1","Gash"],"picked":"Glacier+1","floor":7},{"not_picked":["Sweeping Beam","Steam Power+1"],"picked":"Reprogram+1","floor":12},{"not_picked":["Barrage","Turbo+1"],"picked":"Coolheaded+1","floor":13},{"not_picked":["Conserve Battery+1","Hyperbeam"],"picked":"Capacitor","floor":14},{"not_picked":["Multi-Cast+1","Meteor Strike"],"picked":"Machine Learning","floor":16},{"not_picked":["Static Discharge","White Noise+1"],"picked":"Fusion+1","floor":18},{"not_picked":["FTL","Streamline"],"picked":"White Noise+1","floor":22},{"not_picked":["Compile Driver","Gash+1"],"picked":"Chill+1","floor":25},{"not_picked":["Gash","Conserve Battery+1"],"picked":"Compile Driver","floor":27},{"not_picked":["Lockon+1","Storm+1"],"picked":"Hologram+1","floor":29},{"not_picked":["Stack+1","Streamline+1","Reinforced Body+1"],"picked":"SKIP","floor":30},{"not_picked":["Fission+1","Multi-Cast+1"],"picked":"Rainbow+1","floor":33},{"not_picked":["Reprogram+1","Turbo+1"],"picked":"Blizzard","floor":35},{"not_picked":["Rebound","Stack+1"],"picked":"Blizzard","floor":36},{"not_picked":["Turbo+1","Hologram+1"],"picked":"Glacier+1","floor":38},{"not_picked":["Scrape+1","Sunder"],"picked":"Glacier+1","floor":40},{"not_picked":["Auto Shields+1","Turbo+1"],"picked":"Fusion+1","floor":45},{"not_picked":["Gash","BootSequence+1","Go for the Eyes"],"picked":"SKIP","floor":47},{"not_picked":["Stack+1","Storm","Doom and Gloom"],"picked":"SKIP","floor":48}],"player_experience":124963,"relics_obtained":[{"floor":6,"key":"Toxic Egg 2"},{"floor":9,"key":"Old Coin"},{"floor":25,"key":"Gremlin Horn"},{"floor":26,"key":"Kunai"},{"floor":27,"key":"Girya"},{"floor":31,"key":"Tiny Chest"},{"floor":38,"key":"Emotion Chip"},{"floor":39,"key":"Bag of Marbles"},{"floor":40,"key":"Bottled Flame"},{"floor":43,"key":"Symbiotic Virus"},{"floor":47,"key":"Bag of Preparation"}],"event_choices":[{"event_name":"The Cleric","player_choice":"Card Removal","floor":11,"damage_taken":0},{"event_name":"Purifier","player_choice":"One Purge","floor":20,"damage_taken":0},{"event_name":"Forgotten Altar","player_choice":"Shed Blood","floor":21,"damage_taken":0},{"event_name":"Ghosts","player_choice":"Ignored","floor":28,"damage_taken":0},{"event_name":"Mysterious Sphere","player_choice":"Fight","floor":38,"damage_taken":0},{"event_name":"Winding Halls","player_choice":"Embrace Madness","floor":42,"damage_taken":0}],"is_beta":false,"boss_relics":[{"not_picked":["Eternal Feather","Ectoplasm"],"picked":"Pandora\u0027s Box"},{"not_picked":["Fusion Hammer","Black Star"],"picked":"Nuclear Battery"}],"items_purged_floors":[19],"is_endless":false,"potions_floor_spawned":[1,3,4,5,6,7,12,13,14,16,18,22,25,27,29,30,33,35,36,38,40,45,47,48],"ascension_level":0}