{"gold_per_floor":[112,124,142,40,54,54,72,72,72,72,100,100,134,152,152,152],"floor_reached":16,"playtime":665,"items_purged":["Strike_R"],"score":226,"play_id":"4b644ddc-73ec-436d-8906-b4da7c5ffc76","local_time":"20181116112801","is_ascension_mode":true,"campfire_choices":[{"data":"Armaments","floor":6,"key":"SMITH"},{"data":"Shrug It Off","floor":8,"key":"SMITH"},{"data":"Body Slam","floor":10,"key":"SMITH"},{"data":"Body Slam","floor":12,"key":"SMITH"},{"data":"Rampage","floor":15,"key":"SMITH"}],"neow_cost":"NONE","seed_source_timestamp":92237457788085,"circlet_count":0,"master_deck":["AscendersBane","Strike_R","Strike_R","Strike_R","Defend_R","Defend_R","Defend_R","Defend_R","Bash","Feel No Pain","Shrug It Off+1","Armaments+1","Body Slam+1","Body Slam+1","Warcry","Rampage+1"],"relics":["Burning Blood","Orichalcum","Ancient Tea Set","Sundial"],"potions_floor_usage":[],"damage_taken":[{"damage":1,"enemies":"Cultist","floor":1,"turns":4},{"damage":5,"enemies":"Small Slimes","floor":2,"turns":5},{"damage":0,"enemies":"2 Louse","floor":3,"turns":5},{"damage":6,"enemies":"Looter","floor":5,"turns":4},{"damage":2,"enemies":"3 Louse","floor":7,"turns":6},{"damage":33,"enemies":"Gremlin Nob","floor":11,"turns":5},{"damage":0,"enemies":"3 Sentries","floor":13,"turns":10},{"damage":7,"enemies":"Blue Slaver","floor":14,"turns":2},{"damage":61,"enemies":"Slime Boss","floor":16,"turns":9}],"seed_played":"-7263412000486359060","potions_obtained":[{"floor":1,"key":"Ancient Potion"},{"floor":2,"key":"LiquidBronze"}],"is_trial":false,"path_per_floor":["M","M","M","$","M","R","M","R","T","R","E","R","E","M","R","B"],"character_chosen":"IRONCLAD","items_purchased":["Armaments"],"campfire_rested":0,"item_purchase_floors":[4],"current_hp_per_floor":[77,78,80,80,80,80,80,80,80,80,53,53,59,58,58,0],"gold":152,"neow_bonus":"REMOVE_CARD","is_prod":false,"is_daily":false,"chose_seed":false,"campfire_upgraded":5,"win_rate":0,"timestamp":1542385681,"path_taken":["M","M","M","$","M","R","M","R","T","R","E","R","E","M","R","BOSS"],"build_version":"2018-11-15","purchased_purges":1,"victory":false,"max_hp_per_floor":[80,80,80,80,80,80,80,80,80,80,80,80,80,80,80,80],"card_choices":[{"not_picked":["Uppercut","Disarm"],"picked":"Feel No Pain","floor":1},{"not_picked":["Dual Wield","Sword Boomerang","Rupture"],"picked":"SKIP","floor":2},{"not_picked":["Dropkick","Iron Wave"],"picked":"Shrug It Off","floor":3},{"not_picked":["Power Through","Sword Boomerang"],"picked":"Body Slam","floor":5},{"not_picked":["Armaments","Sword Boomerang"],"picked":"Body Slam","floor":7},{"not_picked":["Perfected Strike","Heavy Blade"],"picked":"Warcry","floor":11},{"not_picked":["Havoc","Perfected Strike"],"picked":"Rampage","floor":13},{"not_picked":["Entrench","Perfected Strike","Dropkick"],"picked":"SKIP","floor":14}],"player_experience":378204,"relics_obtained":[{"floor":9,"key":"Orichalcum"},{"floor":11,"key":"Ancient Tea Set"},{"floor":13,"key":"Sundial"}],"event_choices":[],"is_beta":true,"boss_relics":[],"items_purged_floors":[4],"is_endless":false,"potions_floor_spawned":[1,2,13],"killed_by":"Slime Boss","ascension_level":13}