{"gold_per_floor":[116,135,155,28,39,39,39,39,90,102,118,135,165,181,181,284,284,299,311,94,94,94,94,113,39,113,129,129,129,143,161,161,265,265,277,292,292],"floor_reached":37,"playtime":2675,"items_purged":["Regret"],"score":417,"play_id":"30e00029-60ea-404e-af90-74f8ace2dfb1","local_time":"20180910055215","is_ascension_mode":false,"campfire_choices":[{"data":"Headbutt","floor":6,"key":"SMITH"},{"data":"Headbutt","floor":8,"key":"SMITH"},{"data":"Limit Break","floor":15,"key":"SMITH"},{"data":"Double Tap","floor":23,"key":"SMITH"},{"floor":29,"key":"REST"},{"floor":32,"key":"REST"}],"neow_cost":"CURSE","seed_source_timestamp":287132235962815,"circlet_count":0,"master_deck":["Strike_R","Strike_R","Strike_R","Strike_R","Strike_R","Defend_R","Defend_R","Defend_R","Defend_R","Bash","Headbutt+1","Headbutt+1","Flex","Whirlwind","Seeing Red","Limit Break+1","Heavy Blade","Reaper","Fire Breathing","Double Tap+1","Carnage","Limit Break+1","Cleave","Inflame","Double Tap","Spot Weakness+1","Demon Form"],"relics":["Burning Blood","Oddly Smooth Stone","Happy Flower","Odd Mushroom","White Beast Statue","Pantograph","Velvet Choker"],"potions_floor_usage":[11,13,16,24,24,30,30,31,33,35,37,37,37,37],"damage_taken":[{"damage":14,"enemies":"Small Slimes","floor":1,"turns":3},{"damage":12,"enemies":"Cultist","floor":2,"turns":4},{"damage":3,"enemies":"Jaw Worm","floor":3,"turns":3},{"damage":14,"enemies":"Blue Slaver","floor":5,"turns":3},{"damage":0,"enemies":"3 Louse","floor":10,"turns":3},{"damage":31,"enemies":"Large Slime","floor":11,"turns":7},{"damage":10,"enemies":"Looter","floor":12,"turns":2},{"damage":21,"enemies":"The Mushroom Lair","floor":13,"turns":5},{"damage":0,"enemies":"3 Louse","floor":14,"turns":3},{"damage":34,"enemies":"Hexaghost","floor":16,"turns":7},{"damage":26,"enemies":"Spheric Guardian","floor":18,"turns":4},{"damage":23,"enemies":"Chosen","floor":19,"turns":6},{"damage":6,"enemies":"Centurion and Healer","floor":24,"turns":4},{"damage":42,"enemies":"Snecko","floor":27,"turns":6},{"damage":32,"enemies":"Sentry and Sphere","floor":30,"turns":5},{"damage":40,"enemies":"Centurion and Healer","floor":31,"turns":7},{"damage":55,"enemies":"Champ","floor":33,"turns":10},{"damage":70,"enemies":"3 Darklings","floor":35,"turns":5},{"damage":21,"enemies":"Orb Walker","floor":36,"turns":3},{"damage":17,"enemies":"4 Shapes","floor":37,"turns":2}],"seed_played":"938592610841220836","potions_obtained":[{"floor":2,"key":"EssenceOfSteel"},{"floor":3,"key":"Weak Potion"},{"floor":13,"key":"Regen Potion"},{"floor":18,"key":"EssenceOfSteel"},{"floor":19,"key":"Strength Potion"},{"floor":24,"key":"GamblersBrew"},{"floor":27,"key":"PowerPotion"},{"floor":30,"key":"SteroidPotion"},{"floor":31,"key":"PowerPotion"},{"floor":33,"key":"Poison Potion"},{"floor":35,"key":"Swift Potion"},{"floor":36,"key":"EntropicBrew"}],"is_trial":false,"path_per_floor":["M","M","M","$","M","R","?","R","T","M","M","M","?","M","R","B",null,"M","M","$","?","?","R","M","$","T","M","?","R","M","M","R","B",null,"M","M"],"character_chosen":"IRONCLAD","items_purchased":["Swift Potion","Double Tap","Carnage","Inflame"],"campfire_rested":2,"item_purchase_floors":[4,20,20,25],"current_hp_per_floor":[88,82,85,85,77,77,77,77,77,83,58,54,39,45,45,29,96,76,65,65,65,65,65,74,74,74,38,38,66,40,41,69,96,96,32,17,0],"gold":292,"neow_bonus":"TWENTY_PERCENT_HP_BONUS","is_prod":false,"is_daily":false,"chose_seed":false,"campfire_upgraded":4,"win_rate":0.0,"timestamp":1536573135,"path_taken":["M","M","M","$","M","R","?","R","T","M","M","M","?","M","R","BOSS","M","M","$","?","?","R","M","?","T","M","?","R","M","M","R","BOSS","M","?","M"],"build_version":"2018-09-06","purchased_purges":1,"victory":false,"max_hp_per_floor":[96,96,96,96,96,96,96,96,96,96,96,96,96,96,96,96,96,96,96,96,96,96,96,96,96,96,96,96,96,96,96,96,96,96,96,96,96],"card_choices":[{"not_picked":["Thunderclap","Havoc"],"picked":"Headbutt","floor":1},{"not_picked":["Inflame","Warcry"],"picked":"Headbutt","floor":2},{"not_picked":["Body Slam","Disarm"],"picked":"Flex","floor":3},{"not_picked":["Havoc","Clash"],"picked":"Whirlwind","floor":5},{"not_picked":["Searing Blow","Sword Boomerang","Flex"],"picked":"SKIP","floor":10},{"not_picked":["Clash","Dropkick"],"picked":"Seeing Red","floor":11},{"not_picked":["Fire Breathing","Havoc"],"picked":"Anger","floor":12},{"not_picked":["Sword Boomerang","Hemokinesis"],"picked":"Limit Break","floor":13},{"not_picked":["Dual Wield","Havoc"],"picked":"Heavy Blade","floor":14},{"not_picked":["Barricade","Bludgeon"],"picked":"Reaper","floor":16},{"not_picked":["Clash","Disarm","Armaments"],"picked":"SKIP","floor":18},{"not_picked":["Entrench","Armaments"],"picked":"Fire Breathing","floor":19},{"not_picked":["Twin Strike","Clash"],"picked":"Cleave","floor":24},{"not_picked":["Sword Boomerang","Body Slam","Second Wind"],"picked":"SKIP","floor":27},{"not_picked":["Twin Strike","Armaments"],"picked":"Double Tap","floor":30},{"not_picked":["Headbutt","Uppercut"],"picked":"Spot Weakness+1","floor":31},{"not_picked":["Barricade","Immolate"],"picked":"Demon Form","floor":33},{"not_picked":["Intimidate+1","Flex","Shockwave"],"picked":"SKIP","floor":35},{"not_picked":["Rage","Sever Soul+1","Clothesline"],"picked":"SKIP","floor":36}],"player_experience":48956,"relics_obtained":[{"floor":9,"key":"Happy Flower"},{"floor":13,"key":"Odd Mushroom"},{"floor":26,"key":"Pantograph"}],"event_choices":[{"event_name":"WeMeetAgain","player_choice":"Potion","floor":7,"damage_taken":0},{"event_name":"Mushrooms","player_choice":"Fought Mushrooms","floor":13,"damage_taken":0},{"event_name":"Duplicator","player_choice":"One dupe","floor":21,"damage_taken":0},{"event_name":"Beggar","player_choice":"Ignored","floor":22,"damage_taken":0},{"event_name":"Purifier","player_choice":"One Purge","floor":28,"damage_taken":0}],"is_beta":false,"boss_relics":[{"not_picked":["Philosopher\u0027s Stone","Empty Cage"],"picked":"White Beast Statue"},{"not_picked":["Mark of Pain","Orrery"],"picked":"Velvet Choker"}],"items_purged_floors":[4],"is_endless":false,"potions_floor_spawned":[2,3,13,18,19,24,27,30,31,33,35,36],"killed_by":"4 Shapes","ascension_level":0}