{"gold_per_floor":[109,121,121,121,296,324,324,350,385,397,434,459,471,499,511,619,631,656,668,692,704,716,728,758,804,816,828,854,866,878],"floor_reached":30,"playtime":2806,"items_purged":[],"score":269,"play_id":"814997f6-8f30-4d46-b7ac-11457b439886","local_time":"20190302011441","is_ascension_mode":true,"campfire_choices":[{"data":"Defragment","floor":7,"key":"SMITH"},{"floor":10,"key":"REST"},{"data":"Hello World","floor":15,"key":"SMITH"},{"floor":23,"key":"REST"},{"floor":27,"key":"REST"},{"data":"White Noise","floor":29,"key":"SMITH"}],"neow_cost":"NONE","seed_source_timestamp":28345358448188,"circlet_count":0,"master_deck":["Strike_B+1","Strike_B+1","Strike_B+1","Strike_B+1","Defend_B+1","Defend_B+1","Defend_B+1","Defend_B+1","Zap","Dualcast","Hello World+1","Ball Lightning","Defragment+1","Redo","Undo","Cold Snap","Rip and Tear","Mind Blast","Redo","Creative AI","Melter+1","Bandage Up","Cold Snap","Necronomicurse","Sweeping Beam","White Noise+1"],"relics":["Cracked Core","Blood Vial","Bag of Marbles","Pocketwatch","MawBank","Boot","Odd Mushroom","Empty Cage","Necronomicon","WingedGreaves","Pantograph"],"potions_floor_usage":[],"damage_taken":[{"damage":0,"enemies":"Cultist","floor":1,"turns":4},{"damage":0,"enemies":"Small Slimes","floor":2,"turns":3},{"damage":26,"enemies":"3 Sentries","floor":6,"turns":7},{"damage":12,"enemies":"Lagavulin","floor":8,"turns":6},{"damage":18,"enemies":"The Mushroom Lair","floor":11,"turns":4},{"damage":7,"enemies":"2 Louse","floor":12,"turns":2},{"damage":0,"enemies":"2 Fungi Beasts","floor":14,"turns":2},{"damage":17,"enemies":"Hexaghost","floor":16,"turns":15},{"damage":9,"enemies":"Spheric Guardian","floor":18,"turns":6},{"damage":23,"enemies":"2 Thieves","floor":20,"turns":4},{"damage":10,"enemies":"3 Cultists","floor":24,"turns":6},{"damage":23,"enemies":"Slavers","floor":25,"turns":6},{"damage":0,"enemies":"Snake Plant","floor":28,"turns":1},{"damage":64,"enemies":"Gremlin Leader","floor":30,"turns":6}],"seed_played":"-9207024726837764354","potions_obtained":[{"floor":11,"key":"PowerPotion"},{"floor":14,"key":"SpeedPotion"},{"floor":16,"key":"Energy Potion"}],"is_trial":false,"path_per_floor":["M","M","?","?","?","E","R","E","T","R","?","M","?","M","R","B",null,"M","?","M","?","?","R","M","E","T","R","M","R","E"],"character_chosen":"DEFECT","items_purchased":[],"campfire_rested":3,"item_purchase_floors":[],"current_hp_per_floor":[75,75,75,75,75,49,49,39,39,61,45,40,40,42,42,27,75,66,66,49,49,33,55,51,34,34,56,58,58,0],"gold":878,"neow_bonus":"RANDOM_COMMON_RELIC","is_prod":false,"is_daily":false,"chose_seed":false,"campfire_upgraded":3,"win_rate":1,"timestamp":1551510881,"path_taken":["M","M","?","?","?","E","R","E","T","R","?","?","?","M","R","BOSS","M","?","?","?","?","R","M","E","T","R","M","R","E"],"build_version":"2019-01-23","purchased_purges":0,"victory":false,"max_hp_per_floor":[75,75,75,75,75,75,75,75,75,75,75,75,75,75,75,75,75,75,75,75,75,75,75,75,75,75,75,75,75,75],"card_choices":[{"not_picked":["Stack","Ball Lightning"],"picked":"Hello World","floor":1},{"not_picked":["Rebound","Steam"],"picked":"Ball Lightning","floor":2},{"not_picked":["Creative AI","Fusion"],"picked":"Defragment","floor":6},{"not_picked":["Rip and Tear","Streamline"],"picked":"Redo","floor":8},{"not_picked":["Scrape","Barrage"],"picked":"Undo","floor":11},{"not_picked":["Static Discharge","Redo"],"picked":"Cold Snap","floor":12},{"not_picked":["Streamline","Force Field"],"picked":"Redo","floor":14},{"not_picked":["Thunder Strike","Buffer"],"picked":"Creative AI","floor":16},{"not_picked":["Cold Snap","Static Discharge"],"picked":"Melter+1","floor":18},{"not_picked":["Leap","Redo"],"picked":"Cold Snap","floor":20},{"not_picked":["Barrage+1","Redo"],"picked":"Sweeping Beam","floor":24},{"not_picked":["Hologram+1","Leap"],"picked":"White Noise","floor":25},{"not_picked":["Barrage","Amplify","Sweeping Beam"],"picked":"SKIP","floor":28}],"player_experience":21452,"relics_obtained":[{"floor":6,"key":"Pocketwatch"},{"floor":8,"key":"MawBank"},{"floor":9,"key":"Boot"},{"floor":11,"key":"Odd Mushroom"},{"floor":22,"key":"Necronomicon"},{"floor":25,"key":"WingedGreaves"},{"floor":26,"key":"Pantograph"}],"event_choices":[{"damage_healed":0,"gold_gain":0,"player_choice":"Box","damage_taken":0,"relics_obtained":["Bag of Marbles"],"max_hp_gain":0,"max_hp_loss":0,"event_name":"Big Fish","floor":3,"gold_loss":0,"cards_obtained":["Regret"]},{"damage_healed":0,"gold_gain":0,"cards_transformed":["Regret"],"player_choice":"Change","damage_taken":0,"max_hp_gain":0,"max_hp_loss":0,"event_name":"Living Wall","floor":4,"gold_loss":0,"cards_obtained":["Injury"]},{"damage_healed":0,"gold_gain":175,"player_choice":"AGREE","damage_taken":0,"max_hp_gain":0,"max_hp_loss":0,"event_name":"Liars Game","floor":5,"gold_loss":0,"cards_obtained":["Doubt"]},{"damage_healed":0,"gold_gain":0,"player_choice":"Fought Mushrooms","damage_taken":0,"max_hp_gain":0,"max_hp_loss":0,"event_name":"Mushrooms","floor":11,"gold_loss":0},{"damage_healed":0,"gold_gain":0,"player_choice":"2 cards matched","damage_taken":0,"max_hp_gain":0,"max_hp_loss":0,"event_name":"Match and Keep!","floor":13,"gold_loss":0,"cards_obtained":["Rip and Tear","Mind Blast"]},{"damage_healed":0,"gold_gain":0,"player_choice":"2 cards matched","damage_taken":0,"max_hp_gain":0,"max_hp_loss":0,"event_name":"Match and Keep!","floor":13,"gold_loss":0,"cards_obtained":["Rip and Tear","Mind Blast"]},{"damage_healed":0,"gold_gain":0,"player_choice":"1 cards matched","damage_taken":0,"max_hp_gain":0,"max_hp_loss":0,"event_name":"Match and Keep!","floor":19,"gold_loss":0,"cards_obtained":["Bandage Up"]},{"damage_healed":0,"gold_gain":0,"player_choice":"Simplicity","damage_taken":0,"max_hp_gain":0,"max_hp_loss":0,"event_name":"Back to Basics","floor":21,"gold_loss":0,"cards_upgraded":["Strike_B","Strike_B","Strike_B","Strike_B","Defend_B","Defend_B","Defend_B","Defend_B"]},{"damage_healed":0,"gold_gain":0,"player_choice":"Obtained Book","damage_taken":16,"max_hp_gain":0,"max_hp_loss":0,"event_name":"Cursed Tome","floor":22,"gold_loss":0}],"is_beta":false,"boss_relics":[{"not_picked":["Busted Crown","Cursed Key"],"picked":"Empty Cage"}],"items_purged_floors":[],"is_endless":false,"potions_floor_spawned":[11,14,16,20,24],"killed_by":"Gremlin Leader","ascension_level":1}