{"gold_per_floor":[113,113,12,24,34,34,64,64,64,76,110,39,39,114,114,215,215,233,233,233,233,233,267,267,279,354,354,364,264,264,292,292,393,393,411,456,456,456,470,470,481,481,481,496,521,8,27,27,27,27],"floor_reached":51,"playtime":3737,"items_purged":["Defend_B","Strike_B","Strike_B"],"score":694,"play_id":"a66833eb-aa8f-4ca3-ac1b-3ac633d2a176","local_time":"20180815193019","is_ascension_mode":false,"campfire_choices":[{"data":"Zap","floor":6,"key":"SMITH"},{"data":"Beam Cell","floor":8,"key":"SMITH"},{"data":"Streamline","floor":15,"key":"SMITH"},{"data":"Seek","floor":24,"key":"SMITH"},{"data":"Coolheaded","floor":27,"key":"SMITH"},{"data":"Double Energy","floor":30,"key":"SMITH"},{"data":"White Noise","floor":32,"key":"SMITH"},{"data":"Dualcast","floor":40,"key":"SMITH"},{"data":"Streamline","floor":42,"key":"SMITH"},{"floor":49,"key":"REST"}],"neow_cost":"NONE","seed_source_timestamp":409578002079999,"circlet_count":0,"master_deck":["Defend_B+1","Defend_B+1","Defend_B","Zap+1","Dualcast+1","Undo+1","Beam Cell+1","Cold Snap","Self Repair","BootSequence","Streamline+1","All For One","Seek+1","Coolheaded+1","Double Energy+1","Zap","Hologram+1","Reprogram+1","FTL+1","White Noise+1","All For One","Beam Cell","Streamline+1","Scrape","Coolheaded+1"],"relics":["Cracked Core","Gremlin Horn","Strawberry","Darkstone Periapt","Nuclear Battery","Ginger","Letter Opener","Vajra","Sozu","Du-Vu Doll","Frozen Egg 2","Question Card","Shuriken","War Paint","Medical Kit","Thread and Needle"],"potions_floor_usage":[11,16,18,23,33,50],"damage_taken":[{"damage":0,"enemies":"Small Slimes","floor":1,"turns":3},{"damage":0,"enemies":"Jaw Worm","floor":4,"turns":3},{"damage":0,"enemies":"2 Louse","floor":5,"turns":2},{"damage":8,"enemies":"Lagavulin","floor":7,"turns":8},{"damage":1,"enemies":"Red Slaver","floor":10,"turns":3},{"damage":4,"enemies":"Gremlin Nob","floor":11,"turns":3},{"damage":9,"enemies":"Slime Boss","floor":16,"turns":6},{"damage":7,"enemies":"2 Thieves","floor":18,"turns":4},{"damage":21,"enemies":"Slavers","floor":23,"turns":4},{"damage":0,"enemies":"Chosen","floor":25,"turns":2},{"damage":5,"enemies":"Snake Plant","floor":28,"turns":4},{"damage":0,"enemies":"Book of Stabbing","floor":31,"turns":3},{"damage":38,"enemies":"Collector","floor":33,"turns":6},{"damage":25,"enemies":"3 Shapes","floor":35,"turns":2},{"damage":0,"floor":36,"turns":2},{"damage":0,"enemies":"Flame Bruiser 1 Orb","floor":39,"turns":3},{"damage":1,"enemies":"Maw","floor":41,"turns":4},{"damage":18,"enemies":"Transient","floor":44,"turns":5},{"damage":10,"enemies":"2 Orb Walkers","floor":45,"turns":3},{"damage":0,"enemies":"Flame Bruiser 2 Orb","floor":47,"turns":2},{"damage":18,"floor":48,"turns":3},{"damage":34,"enemies":"Awakened One","floor":50,"turns":7}],"seed_played":"7909127346867627565","potions_obtained":[{"floor":1,"key":"Poison Potion"},{"floor":7,"key":"SkillPotion"},{"floor":10,"key":"GamblersBrew"},{"floor":11,"key":"GamblersBrew"},{"floor":23,"key":"SpeedPotion"},{"floor":28,"key":"PowerPotion"},{"floor":33,"key":"PowerPotion"}],"is_trial":false,"path_per_floor":["M","?","$","M","M","R","E","R","T","M","E","$","?","?","R","B",null,"M","?","?","?","?","E","R","M","T","R","M","$","R","E","R","B",null,"M","?","T","?","M","R","M","R","T","M","E","$","M","?","R","B"],"character_chosen":"DEFECT","items_purchased":["Cold Snap","All For One","War Paint","Medical Kit","Scrape"],"campfire_rested":1,"item_purchase_floors":[3,12,46,46,46],"current_hp_per_floor":[75,60,60,60,60,60,59,59,66,72,75,75,75,64,64,62,82,82,82,82,82,66,52,52,59,59,59,61,61,61,68,68,37,87,69,76,76,76,87,87,87,87,87,76,73,73,73,55,81,47],"gold":27,"neow_bonus":"TRANSFORM_CARD","is_prod":false,"is_daily":false,"chose_seed":false,"campfire_upgraded":9,"win_rate":0.0,"timestamp":1534375819,"path_taken":["M","?","$","M","M","R","E","R","T","M","E","$","?","?","R","BOSS","M","?","?","?","?","E","R","M","T","R","M","$","R","E","R","BOSS","M","?","?","?","M","R","?","R","T","M","E","$","M","?","R","BOSS"],"build_version":"2018-08-09","purchased_purges":3,"victory":true,"max_hp_per_floor":[75,75,75,75,75,75,75,75,82,82,82,82,82,82,82,82,82,82,82,82,82,87,87,87,87,87,87,87,87,87,87,87,87,87,87,87,87,87,87,87,87,87,87,87,87,87,87,87,87,87],"card_choices":[{"not_picked":["Genetic Algorithm","Fusion"],"picked":"Beam Cell","floor":1},{"not_picked":["Sweeping Beam","Steam Power","Go for the Eyes"],"picked":"SKIP","floor":4},{"not_picked":["Ball Lightning","Hologram"],"picked":"Self Repair","floor":5},{"not_picked":["Conserve Battery","Redo"],"picked":"BootSequence","floor":7},{"not_picked":["Conserve Battery","Cold Snap"],"picked":"Streamline","floor":10},{"not_picked":["Go for the Eyes","Beam Cell","Sweeping Beam"],"picked":"SKIP","floor":11},{"not_picked":["Multi-Cast","Fission"],"picked":"Seek","floor":16},{"not_picked":["Defragment+1","Gash"],"picked":"Coolheaded","floor":18},{"not_picked":["Static Discharge","Beam Cell"],"picked":"Reprogram+1","floor":23},{"not_picked":["Coolheaded","Chill"],"picked":"FTL+1","floor":25},{"not_picked":["Sweeping Beam","Steam+1","Reprogram"],"picked":"SKIP","floor":28},{"not_picked":["BootSequence+1","Reboot"],"picked":"White Noise","floor":31},{"not_picked":["Rainbow","Amplify"],"picked":"All For One","floor":33},{"not_picked":["Leap+1","Steam","Barrage"],"picked":"SKIP","floor":35},{"not_picked":["Compile Driver","Go for the Eyes"],"picked":"Beam Cell","floor":39},{"not_picked":["Loop+1","Reinforced Body+1"],"picked":"Streamline","floor":41},{"not_picked":["Conserve Battery+1","Electrodynamics+1","Steam+1","BootSequence"],"picked":"SKIP","floor":44},{"not_picked":["White Noise","Static Discharge+1","Rip and Tear+1","Glacier+1"],"picked":"SKIP","floor":45},{"not_picked":["Reinforced Body","Redo","Steam+1","Conserve Battery"],"picked":"SKIP","floor":47},{"not_picked":["Leap+1","Aggregate","Reboot"],"picked":"Coolheaded+1","floor":48}],"player_experience":37151,"relics_obtained":[{"floor":7,"key":"Gremlin Horn"},{"floor":9,"key":"Strawberry"},{"floor":11,"key":"Darkstone Periapt"},{"floor":23,"key":"Ginger"},{"floor":26,"key":"Letter Opener"},{"floor":31,"key":"Vajra"},{"floor":36,"key":"Du-Vu Doll"},{"floor":37,"key":"Frozen Egg 2"},{"floor":43,"key":"Question Card"},{"floor":45,"key":"Shuriken"},{"floor":48,"key":"Thread and Needle"}],"event_choices":[{"event_name":"Shining Light","player_choice":"Entered Light","floor":2,"damage_taken":0},{"event_name":"The Cleric","player_choice":"Leave","floor":13,"damage_taken":0},{"event_name":"World of Goop","player_choice":"Gather Gold","floor":14,"damage_taken":0},{"event_name":"Match and Keep!","player_choice":"2 cards matched","floor":19,"damage_taken":0},{"event_name":"The Library","player_choice":"Read","floor":20,"damage_taken":0},{"event_name":"Back to Basics","player_choice":"Elegance","floor":21,"damage_taken":0},{"event_name":"Forgotten Altar","player_choice":"Shed Blood","floor":22,"damage_taken":0},{"event_name":"Mysterious Sphere","player_choice":"Fight","floor":36,"damage_taken":0},{"event_name":"Tomb of Lord Red Mask","player_choice":"Ignored","floor":38,"damage_taken":0},{"event_name":"MindBloom","player_choice":"Fight","floor":48,"damage_taken":0}],"is_beta":false,"boss_relics":[{"not_picked":["Eternal Feather","White Beast Statue"],"picked":"Nuclear Battery"},{"not_picked":["FrozenCore","Coffee Dripper"],"picked":"Sozu"}],"items_purged_floors":[3,29,46],"is_endless":false,"potions_floor_spawned":[1,7,10,11,23,28,33,35,44,48],"ascension_level":0}