{"gold_per_floor":[112,112,62,62,75,75,86,96,96,96,166,166,91,101,101,196,196,208,208,87,107,122,122,140,156,238,113,113,125,56,56],"floor_reached":31,"playtime":1186,"items_purged":["Strike_G","Parasite"],"score":227,"play_id":"d99df993-4943-4136-8fc1-051a294d1bb7","local_time":"20181214235619","is_ascension_mode":false,"campfire_choices":[{"data":"Bane","floor":6,"key":"SMITH"},{"data":"Deadly Poison","floor":12,"key":"SMITH"},{"floor":15,"key":"REST"},{"floor":23,"key":"REST"}],"neow_cost":"TEN_PERCENT_HP_LOSS","seed_source_timestamp":156152646879135,"circlet_count":0,"master_deck":["Defend_G","Defend_G","Defend_G","Defend_G","Defend_G","Survivor","Neutralize","Deadly Poison+1","Bane+1","Sucker Punch","Noxious Fumes","Crippling Poison","Grand Finale","Calculated Gamble","Noxious Fumes","Bane","Bane","Deadly Poison","Deflect","Bouncing Flask"],"relics":["Ring of the Snake","Tingsha","Letter Opener","Bottled Flame","Empty Cage","Ninja Scroll","Mummified Hand"],"potions_floor_usage":[8,18,22],"damage_taken":[{"damage":5,"enemies":"Small Slimes","floor":1,"turns":4},{"damage":1,"enemies":"2 Louse","floor":5,"turns":3},{"damage":0,"enemies":"Cultist","floor":7,"turns":2},{"damage":16,"enemies":"Gremlin Gang","floor":8,"turns":6},{"damage":12,"enemies":"Red Slaver","floor":14,"turns":4},{"damage":53,"enemies":"Slime Boss","floor":16,"turns":12},{"damage":2,"enemies":"Chosen","floor":18,"turns":5},{"damage":26,"enemies":"2 Thieves","floor":21,"turns":4},{"damage":19,"enemies":"Centurion and Healer","floor":22,"turns":5},{"damage":15,"enemies":"Snecko","floor":24,"turns":4},{"damage":12,"enemies":"Chosen and Byrds","floor":25,"turns":6},{"damage":0,"enemies":"Snake Plant","floor":29,"turns":2},{"damage":7,"enemies":"3 Cultists","floor":31,"turns":2}],"seed_played":"-2109579992430488483","potions_obtained":[{"floor":5,"key":"SkillPotion"},{"floor":16,"key":"AttackPotion"},{"floor":21,"key":"Energy Potion"},{"floor":22,"key":"Strength Potion"},{"floor":24,"key":"FearPotion"}],"is_trial":false,"path_per_floor":["M","?","?","?","M","R","M","M","T","?","T","R","$","M","R","B",null,"M","?","$","M","M","R","M","M","T","$","T","M","$","M"],"character_chosen":"THE_SILENT","items_purchased":["Noxious Fumes","Bane","Deadly Poison","Bouncing Flask"],"campfire_rested":2,"item_purchase_floors":[20,20,27,30],"current_hp_per_floor":[58,51,51,51,50,50,50,34,34,49,49,49,49,37,55,2,63,61,61,61,35,16,34,19,7,7,7,7,7,7,0],"gold":56,"neow_bonus":"ONE_RARE_RELIC","is_prod":false,"is_daily":false,"chose_seed":false,"campfire_upgraded":2,"win_rate":0,"timestamp":1544849779,"path_taken":["M","?","?","?","M","R","M","M","T","?","?","R","$","M","R","BOSS","M","?","?","M","M","R","?","M","T","$","?","M","?","M"],"build_version":"2018-12-13","purchased_purges":2,"victory":false,"max_hp_per_floor":[63,63,63,63,63,63,63,63,63,63,63,63,63,63,63,63,63,63,63,63,63,63,63,63,63,63,60,60,60,60,60],"card_choices":[{"not_picked":["Outmaneuver","Dash"],"picked":"Deadly Poison","floor":1},{"not_picked":["Dodge and Roll","Accuracy"],"picked":"Bane","floor":5},{"not_picked":["Dodge and Roll","Caltrops"],"picked":"Sucker Punch","floor":7},{"not_picked":["Flechettes","Endless Agony"],"picked":"Noxious Fumes","floor":8},{"not_picked":["Venomology","Cloak And Dagger"],"picked":"Crippling Poison","floor":14},{"not_picked":["Tactician","Dagger Spray","Slice+1"],"picked":"SKIP","floor":18},{"not_picked":["Expertise","Outmaneuver","Dash"],"picked":"SKIP","floor":21},{"not_picked":["Masterful Stab","Cloak And Dagger"],"picked":"Bane","floor":22},{"not_picked":["Prepared","All Out Attack+1","Die Die Die"],"picked":"SKIP","floor":24},{"not_picked":["Dagger Spray","Underhanded Strike+1","Cloak And Dagger"],"picked":"SKIP","floor":25},{"not_picked":["Predator","Blur"],"picked":"Deflect","floor":29}],"player_experience":301124,"relics_obtained":[{"floor":9,"key":"Letter Opener"},{"floor":11,"key":"Bottled Flame"},{"floor":26,"key":"Ninja Scroll"},{"floor":28,"key":"Mummified Hand"}],"event_choices":[{"cards_removed":["Strike_G"],"damage_healed":0,"gold_gain":0,"player_choice":"Card Removal","damage_taken":7,"max_hp_gain":0,"max_hp_loss":0,"event_name":"Golden Wing","floor":2,"gold_loss":0},{"cards_removed":["Strike_G"],"damage_healed":0,"gold_gain":0,"player_choice":"Card Removal","damage_taken":0,"max_hp_gain":0,"max_hp_loss":0,"event_name":"The Cleric","floor":3,"gold_loss":50},{"damage_healed":0,"gold_gain":0,"player_choice":"Ignored","damage_taken":0,"max_hp_gain":0,"max_hp_loss":0,"event_name":"Liars Game","floor":4,"gold_loss":0},{"damage_healed":15,"gold_gain":0,"player_choice":"Healed and dodged fight","damage_taken":0,"max_hp_gain":0,"max_hp_loss":0,"event_name":"Mushrooms","floor":10,"gold_loss":0,"cards_obtained":["Parasite"]},{"damage_healed":0,"gold_gain":0,"player_choice":"2 cards matched","damage_taken":0,"max_hp_gain":0,"max_hp_loss":0,"event_name":"Match and Keep!","floor":19,"gold_loss":0,"cards_obtained":["Grand Finale","Calculated Gamble"]}],"is_beta":false,"boss_relics":[{"not_picked":["Ring of the Serpent","Coffee Dripper"],"picked":"Empty Cage"}],"items_purged_floors":[13,27],"is_endless":false,"potions_floor_spawned":[5,16,21,22,24],"killed_by":"3 Cultists","ascension_level":0}