{"path_per_floor":["M","?","M","$","?","E","R","M","T","?","E","M","R","M","R","B",null,"M","?","$","M","M","R"],"character_chosen":"THE_SILENT","items_purchased":["Riddle With Holes","Backflip","Blood Vial"],"gold_per_floor":[115,115,125,47,47,91,91,104,153,153,186,200,200,216,216,305,305,329,254,1,22,42,42,42],"floor_reached":24,"campfire_rested":1,"playtime":886,"current_hp_per_floor":[59,47,47,47,47,47,47,47,47,47,62,54,54,49,49,2,54,50,50,50,32,9,30,0],"items_purged":["Flying Knee"],"gold":42,"score":393,"play_id":"e5ee7177-c85c-4960-b917-b67c0936f929","local_time":"20180401090551","is_prod":false,"is_daily":false,"is_ascension_mode":true,"campfire_upgraded":3,"timestamp":1522541151,"path_taken":["M","?","M","$","?","E","R","?","T","?","E","?","R","M","R","BOSS","M","?","$","M","M","R","E"],"build_version":"2018-03-29v2","purchased_purges":1,"victory":false,"master_deck":["Survivor","Neutralize+1","AscendersBane","Choke+1","Deflect","Riddle With Holes+1","Flying Knee","Escape Plan","Backflip","Die Die Die","Bane","Prepared","Bouncing Flask","Predator","Cloak And Dagger","Noxious Fumes","Flying Knee","Distraction","Dodge and Roll","Backflip","Noxious Fumes+1","Malaise"],"max_hp_per_floor":[66,66,66,66,61,61,61,61,61,61,71,71,71,71,71,71,71,71,71,71,71,71,71,71],"relics":["Ring of the Snake","NeowsBlessing","Snake Skull","Golden Idol","Happy Flower","Prayer Wheel","Pear","Pandora\u0027s Box","Blood Vial"],"card_choices":[{"not_picked":["Acrobatics","Malaise"],"picked":"Choke","floor":1},{"not_picked":["Sucker Punch","Bane"],"picked":"Deflect","floor":3},{"not_picked":["Outmaneuver","Eviscerate"],"picked":"Flying Knee","floor":6},{"not_picked":["Outmaneuver","Sucker Punch"],"picked":"Escape Plan","floor":8},{"not_picked":["Envenom","Caltrops"],"picked":"Endless Agony","floor":11},{"not_picked":["Flying Knee","Dagger Spray"],"picked":"Backflip","floor":14},{"not_picked":["Venomology","Unload"],"picked":"Die Die Die","floor":16},{"not_picked":["PiercingWail","Backflip"],"picked":"Noxious Fumes","floor":21},{"not_picked":["Dodge and Roll","Acrobatics"],"picked":"Malaise","floor":22}],"player_experience":396140,"potions_floor_usage":[11,11,16,16,22,22,24],"damage_taken":[{"damage":0,"enemies":"Jaw Worm","floor":1,"turns":1},{"damage":0,"enemies":"2 Louse","floor":3,"turns":1},{"damage":0,"enemies":"Lagavulin","floor":6,"turns":1},{"damage":0,"enemies":"Cultist","floor":8,"turns":3},{"damage":7,"enemies":"3 Sentries","floor":11,"turns":9},{"damage":8,"enemies":"Large Slime","floor":12,"turns":4},{"damage":5,"enemies":"Looter","floor":14,"turns":2},{"damage":47,"enemies":"Hexaghost","floor":16,"turns":12},{"damage":4,"enemies":"Spheric Guardian","floor":18,"turns":4},{"damage":20,"enemies":"2 Thieves","floor":21,"turns":5},{"damage":37,"enemies":"Slaver and Parasite","floor":22,"turns":5},{"damage":36,"enemies":"Gremlin Leader","floor":24,"turns":3}],"event_choices":[{"event_name":"Scrap Ooze","player_choice":"success","floor":2,"damage_taken":12},{"event_name":"Golden Idol","player_choice":"Lose Max HP","floor":5,"damage_taken":0},{"event_name":"The Lab","player_choice":"Got Potions","floor":10,"damage_taken":0},{"event_name":"Beggar","player_choice":"Gave Gold","floor":19,"damage_taken":0}],"boss_relics":[{"not_picked":["Runic Pyramid","White Beast Statue"],"picked":"Pandora\u0027s Box"}],"potions_floor_spawned":[3,11,16,21,22],"seed_played":"5967825485031560845","killed_by":"Gremlin Leader","ascension_level":14,"is_trial":false}