{"gold_per_floor":[110,125,125,82,102,102,134,134,157,172,182,182,201,214,214,214],"floor_reached":16,"playtime":435,"items_purged":[],"score":198,"play_id":"59841928-6c66-435e-aff9-3b27c2744ac6","local_time":"20190117000805","is_ascension_mode":true,"campfire_choices":[{"data":"Zap","floor":6,"key":"SMITH"},{"data":"Heatsinks","floor":8,"key":"SMITH"},{"data":"Storm","floor":12,"key":"SMITH"},{"data":"Static Discharge","floor":15,"key":"SMITH"}],"neow_cost":"NONE","seed_source_timestamp":546576767399900,"circlet_count":0,"master_deck":["AscendersBane","Strike_B","Strike_B","Strike_B","Strike_B","Defend_B","Defend_B","Defend_B","Defend_B","Zap+1","Dualcast","Gash","Storm+1","Gash","Heatsinks+1","Rebound","Static Discharge+1","Ball Lightning","All For One"],"relics":["Cracked Core","NeowsBlessing","Tiny Chest","Strawberry","Anchor"],"potions_floor_usage":[16,16],"damage_taken":[{"damage":0,"enemies":"Small Slimes","floor":1,"turns":1},{"damage":0,"enemies":"2 Louse","floor":2,"turns":1},{"damage":0,"enemies":"Cultist","floor":5,"turns":1},{"damage":39,"enemies":"Lagavulin","floor":7,"turns":6},{"damage":19,"enemies":"Lots of Slimes","floor":10,"turns":5},{"damage":0,"enemies":"2 Fungi Beasts","floor":11,"turns":3},{"damage":0,"enemies":"Red Slaver","floor":13,"turns":3},{"damage":6,"enemies":"Looter","floor":14,"turns":3},{"damage":15,"enemies":"Hexaghost","floor":16,"turns":4}],"seed_played":"-5110234775695885126","potions_obtained":[{"floor":7,"key":"Swift Potion"},{"floor":10,"key":"FearPotion"},{"floor":13,"key":"LiquidBronze"}],"is_trial":false,"path_per_floor":["M","M","?","?","M","R","E","R","T","M","M","R","M","M","R","B"],"character_chosen":"DEFECT","items_purchased":[],"campfire_rested":0,"item_purchase_floors":[],"current_hp_per_floor":[64,64,69,69,69,69,37,37,37,18,18,18,18,12,12,0],"gold":214,"neow_bonus":"THREE_ENEMY_KILL","is_prod":false,"is_daily":false,"chose_seed":false,"campfire_upgraded":4,"win_rate":0,"timestamp":1547712485,"path_taken":["M","M","?","?","?","R","E","R","T","M","M","R","M","M","R","BOSS"],"build_version":"2019-01-10","purchased_purges":0,"victory":false,"max_hp_per_floor":[71,71,76,76,76,76,83,83,83,83,83,83,83,83,83,83],"card_choices":[{"not_picked":["Turbo","Aggregate"],"picked":"Gash","floor":1},{"not_picked":["Coolheaded","Steam"],"picked":"Storm","floor":2},{"not_picked":["Reprogram","Cold Snap"],"picked":"Gash","floor":5},{"not_picked":["Leap","Undo"],"picked":"Heatsinks","floor":7},{"not_picked":["Aggregate","Turbo"],"picked":"Rebound","floor":10},{"not_picked":["Turbo","Barrage"],"picked":"Static Discharge","floor":11},{"not_picked":["Streamline","Hello World"],"picked":"Ball Lightning","floor":13},{"not_picked":["Capacitor","Compile Driver"],"picked":"All For One","floor":14}],"player_experience":518234,"relics_obtained":[{"floor":7,"key":"Strawberry"},{"floor":9,"key":"Anchor"}],"event_choices":[{"damage_healed":0,"gold_gain":0,"player_choice":"Donut","damage_taken":0,"max_hp_gain":5,"max_hp_loss":0,"event_name":"Big Fish","floor":3,"gold_loss":0},{"damage_healed":0,"gold_gain":0,"player_choice":"Paid Gold","damage_taken":0,"relics_obtained":["Tiny Chest"],"max_hp_gain":0,"max_hp_loss":0,"event_name":"WeMeetAgain","floor":4,"gold_loss":73}],"is_beta":false,"boss_relics":[],"items_purged_floors":[],"is_endless":false,"potions_floor_spawned":[7,10,13],"killed_by":"Hexaghost","ascension_level":18}