{"gold_per_floor":[214,224,146,165,340,373,373,392,473,508,508,537,537,556,556,655,655,667,677,677,677,350,350,378,378,378,378,391,410,310,327,327,327],"floor_reached":33,"playtime":1413,"items_purged":["Strike_R","Strike_R"],"score":265,"play_id":"eb8ac06c-ef4c-463e-9995-1b8be5fd80df","local_time":"20190308141222","is_ascension_mode":false,"campfire_choices":[{"data":"Carnage","floor":7,"key":"SMITH"},{"data":"Entrench","floor":15,"key":"SMITH"},{"data":"Juggernaut","floor":23,"key":"SMITH"},{"data":"Impervious","floor":25,"key":"SMITH"},{"floor":32,"key":"REST"}],"neow_cost":"NONE","seed_source_timestamp":2049946413173712,"circlet_count":0,"master_deck":["Strike_R","Defend_R","Defend_R","Defend_R","Defend_R","Bash","Twin Strike","Feel No Pain","Inflame","Carnage+1","Armaments","Juggernaut+1","Entrench+1","Impervious+1","Rage","Second Wind"],"relics":["Burning Blood","Torii","Matryoshka","Happy Flower","Pen Nib","Snecko Eye","Shuriken","Red Mask","Kunai","Bottled Flame"],"potions_floor_usage":[10,10,12,16,29,33,33],"damage_taken":[{"damage":6,"enemies":"Cultist","floor":1,"turns":3},{"damage":6,"enemies":"Jaw Worm","floor":2,"turns":4},{"damage":5,"enemies":"Small Slimes","floor":4,"turns":3},{"damage":27,"enemies":"3 Sentries","floor":6,"turns":11},{"damage":8,"enemies":"3 Louse","floor":8,"turns":3},{"damage":18,"enemies":"Lagavulin","floor":10,"turns":7},{"damage":16,"enemies":"3 Sentries","floor":12,"turns":5},{"damage":2,"enemies":"2 Fungi Beasts","floor":14,"turns":3},{"damage":16,"enemies":"The Guardian","floor":16,"turns":14},{"damage":12,"enemies":"Shell Parasite","floor":18,"turns":4},{"damage":11,"enemies":"Chosen","floor":19,"turns":4},{"damage":11,"enemies":"Masked Bandits","floor":24,"turns":5},{"damage":16,"enemies":"Shelled Parasite and Fungi","floor":28,"turns":5},{"damage":2,"enemies":"Chosen and Byrds","floor":29,"turns":4},{"damage":11,"enemies":"Sentry and Sphere","floor":31,"turns":4},{"damage":93,"enemies":"Collector","floor":33,"turns":5}],"seed_played":"5172022085189009705","potions_obtained":[{"floor":1,"key":"Poison Potion"},{"floor":8,"key":"EssenceOfSteel"},{"floor":10,"key":"SkillPotion"},{"floor":12,"key":"Fire Potion"},{"floor":24,"key":"AttackPotion"},{"floor":28,"key":"FearPotion"},{"floor":31,"key":"Strength Potion"}],"is_trial":false,"path_per_floor":["M","M","$","M","?","E","R","M","T","E","?","E","?","M","R","B",null,"M","M","?","?","$","R","?","R","T","?","M","M","$","M","R","B"],"character_chosen":"IRONCLAD","items_purchased":["Feel No Pain","Shuriken"],"campfire_rested":1,"item_purchase_floors":[3,22],"current_hp_per_floor":[80,80,80,80,80,59,59,57,57,45,45,35,61,65,65,55,80,74,69,69,54,54,54,49,49,49,49,39,43,43,38,63,0],"gold":327,"neow_bonus":"HUNDRED_GOLD","is_prod":false,"is_daily":false,"chose_seed":false,"campfire_upgraded":4,"win_rate":0,"timestamp":1552072342,"path_taken":["M","M","$","M","?","E","R","M","T","E","?","E","?","M","R","BOSS","M","M","?","?","$","R","?","R","T","?","M","M","$","M","R","BOSS"],"build_version":"2019-01-23","purchased_purges":2,"victory":false,"max_hp_per_floor":[80,80,80,80,80,80,80,80,80,80,80,80,80,80,80,80,80,80,80,80,85,85,85,85,85,85,85,85,85,85,85,85,85],"card_choices":[{"not_picked":["Rupture","Wild Strike"],"picked":"Twin Strike","floor":1},{"not_picked":["Heavy Blade","Pummel","Havoc"],"picked":"SKIP","floor":2},{"not_picked":["Infernal Blade","Shrug It Off"],"picked":"Inflame","floor":4},{"not_picked":["Whirlwind","True Grit"],"picked":"Carnage","floor":6},{"not_picked":["Dual Wield","Sword Boomerang"],"picked":"Armaments","floor":8},{"not_picked":["Flex","Blood for Blood","True Grit"],"picked":"SKIP","floor":10},{"not_picked":["Flame Barrier","True Grit"],"picked":"Juggernaut","floor":12},{"not_picked":["Clash","Rampage"],"picked":"Entrench","floor":14},{"not_picked":["Limit Break","Fiend Fire"],"picked":"Impervious","floor":16},{"not_picked":["Feel No Pain+1","Pommel Strike","Rupture"],"picked":"SKIP","floor":18},{"not_picked":["Cleave","Intimidate","True Grit"],"picked":"SKIP","floor":19},{"not_picked":["Inflame","Spot Weakness","Perfected Strike"],"picked":"SKIP","floor":28},{"not_picked":["Combust","Seeing Red","Warcry"],"picked":"SKIP","floor":29},{"not_picked":["Brutality","True Grit+1","Twin Strike"],"picked":"SKIP","floor":31}],"player_experience":520544,"relics_obtained":[{"floor":6,"key":"Torii"},{"floor":9,"key":"Matryoshka"},{"floor":10,"key":"Happy Flower"},{"floor":12,"key":"Pen Nib"},{"floor":24,"key":"Red Mask"},{"floor":26,"key":"Kunai"},{"floor":26,"key":"Bottled Flame"}],"event_choices":[{"damage_healed":0,"gold_gain":175,"player_choice":"AGREE","damage_taken":0,"max_hp_gain":0,"max_hp_loss":0,"event_name":"Liars Game","floor":5,"gold_loss":0,"cards_obtained":["Doubt"]},{"cards_removed":["Doubt"],"damage_healed":0,"gold_gain":0,"player_choice":"Forget","damage_taken":0,"max_hp_gain":0,"max_hp_loss":0,"event_name":"Living Wall","floor":11,"gold_loss":0},{"damage_healed":26,"gold_gain":0,"player_choice":"Banana","damage_taken":0,"max_hp_gain":0,"max_hp_loss":0,"event_name":"Big Fish","floor":13,"gold_loss":0},{"damage_healed":0,"gold_gain":0,"player_choice":"Ignored","damage_taken":0,"max_hp_gain":0,"max_hp_loss":0,"event_name":"Ghosts","floor":20,"gold_loss":0},{"damage_healed":0,"gold_gain":0,"player_choice":"Shed Blood","damage_taken":20,"max_hp_gain":5,"max_hp_loss":0,"event_name":"Forgotten Altar","floor":21,"gold_loss":0},{"damage_healed":0,"gold_gain":0,"player_choice":"Fought Bandits","damage_taken":0,"max_hp_gain":0,"max_hp_loss":0,"event_name":"Masked Bandits","floor":24,"gold_loss":0},{"damage_healed":0,"gold_gain":0,"cards_transformed":["Strike_R","Strike_R"],"player_choice":"Became Test Subject","damage_taken":0,"max_hp_gain":0,"max_hp_loss":0,"event_name":"Drug Dealer","floor":27,"gold_loss":0,"cards_obtained":["Rage","Second Wind"]}],"is_beta":false,"boss_relics":[{"not_picked":["Eternal Feather","Black Blood"],"picked":"Snecko Eye"}],"items_purged_floors":[22,30],"is_endless":false,"potions_floor_spawned":[1,8,10,12,24,28,31],"killed_by":"Collector","ascension_level":0}