{"gold_per_floor":[116,129,129,129,145,145,175,175,175,195,208,208,208,238,238,336,336,353,368,380,380,397,397,428,428,428,453,453,139,167,183,183,283,283,293,393,403,419,419,419,449,461,555,567,610,622,634],"floor_reached":47,"playtime":2465,"items_purged":[],"score":741,"play_id":"bf796996-367d-4070-b371-e50a22538260","local_time":"20190224220119","is_ascension_mode":true,"campfire_choices":[{"data":"Sunder","floor":6,"key":"SMITH"},{"floor":8,"key":"DIG"},{"floor":13,"key":"REST"},{"floor":15,"key":"DIG"},{"floor":23,"key":"REST"},{"floor":25,"key":"REST"},{"floor":32,"key":"REST"},{"floor":40,"key":"DIG"},{"floor":42,"key":"DIG"},{"floor":46,"key":"RECALL"}],"neow_cost":"NONE","seed_source_timestamp":75908744334629,"circlet_count":0,"master_deck":["Defend_B","Defend_B","Defend_B","Defend_B","Zap+1","Dualcast","Gash","Sunder+1","Gash","Leap","Darkness","White Noise","Electrodynamics","Defragment","Chaos","White Noise+1","Compile Driver","Bite","Bite","Bite","Bite","Bite","Capacitor","Chaos","Coolheaded","Go for the Eyes+1","Skim+1","Barrage+1","Barrage+1","Leap","Capacitor","Writhe","Glacier+1"],"relics":["Cracked Core","Vajra","Darkstone Periapt","Shovel","Boot","Bottled Lightning","Sozu","Enchiridion","Ancient Tea Set","Meat on the Bone","Bag of Marbles","Art of War","Oddly Smooth Stone","Nuclear Battery","Torii","Peace Pipe","MawBank","Pear","Dodecahedron","Blue Candle"],"potions_floor_usage":[11,20,22,27],"damage_taken":[{"damage":2,"enemies":"Jaw Worm","floor":1,"turns":3},{"damage":0,"enemies":"2 Louse","floor":2,"turns":2},{"damage":1,"enemies":"Cultist","floor":5,"turns":3},{"damage":25,"enemies":"3 Sentries","floor":7,"turns":6},{"damage":1,"enemies":"Looter","floor":10,"turns":2},{"damage":9,"enemies":"Red Slaver","floor":11,"turns":3},{"damage":16,"enemies":"Lagavulin","floor":14,"turns":7},{"damage":0,"enemies":"The Guardian","floor":16,"turns":8},{"damage":9,"enemies":"3 Byrds","floor":18,"turns":3},{"damage":20,"enemies":"Shell Parasite","floor":19,"turns":5},{"damage":0,"enemies":"Centurion and Healer","floor":20,"turns":5},{"damage":0,"enemies":"Snecko","floor":22,"turns":3},{"damage":31,"enemies":"Slavers","floor":24,"turns":4},{"damage":19,"enemies":"Book of Stabbing","floor":27,"turns":4},{"damage":18,"enemies":"Gremlin Leader","floor":30,"turns":5},{"damage":33,"enemies":"Snake Plant","floor":31,"turns":4},{"damage":69,"enemies":"Collector","floor":33,"turns":10},{"damage":16,"enemies":"Orb Walker","floor":35,"turns":3},{"damage":12,"enemies":"Mind Bloom Boss Battle","floor":36,"turns":7},{"damage":15,"enemies":"3 Darklings","floor":37,"turns":5},{"damage":2,"enemies":"Sphere and 2 Shapes","floor":38,"turns":3},{"damage":32,"enemies":"Giant Head","floor":41,"turns":7},{"damage":53,"enemies":"Reptomancer","floor":45,"turns":6},{"damage":62,"enemies":"Maw","floor":47,"turns":7}],"seed_played":"2325044630246100711","potions_obtained":[{"floor":7,"key":"SkillPotion"},{"floor":10,"key":"EssenceOfSteel"},{"floor":14,"key":"Block Potion"},{"floor":16,"key":"Explosive Potion"}],"is_trial":false,"path_per_floor":["M","M","?","?","M","R","E","R","T","M","M","?","R","E","R","B",null,"M","M","M","?","M","R","E","R","T","E","?","$","E","M","R","B",null,"M","?","M","M","?","R","E","R","T","?","E","R","M"],"character_chosen":"DEFECT","items_purchased":["Art of War","Capacitor","Chaos","Coolheaded"],"campfire_rested":4,"item_purchase_floors":[29,29,29,29],"current_hp_per_floor":[73,73,73,70,69,69,44,44,44,43,34,34,56,40,40,42,75,66,48,50,34,36,58,29,51,51,46,46,46,48,35,57,24,75,61,53,44,44,44,44,40,50,50,77,44,44,0],"gold":634,"neow_bonus":"RANDOM_COMMON_RELIC","is_prod":false,"is_daily":false,"chose_seed":false,"campfire_upgraded":1,"win_rate":0,"timestamp":1551042079,"path_taken":["M","M","?","?","M","R","E","R","T","M","M","?","R","E","R","BOSS","M","M","M","?","M","R","E","R","T","E","?","$","E","M","R","BOSS","M","?","M","M","?","R","E","R","T","?","E","R","M"],"build_version":"2019-01-23","purchased_purges":0,"victory":false,"max_hp_per_floor":[75,75,75,75,75,75,75,75,75,75,75,75,75,75,75,75,75,75,75,75,75,75,75,75,75,75,75,75,75,75,75,75,75,75,75,75,75,75,75,75,75,85,85,91,91,91,91],"card_choices":[{"not_picked":["Beam Cell","Fusion"],"picked":"Gash","floor":1},{"not_picked":["Capacitor","Leap"],"picked":"Sunder","floor":2},{"not_picked":["Rebound","Conserve Battery"],"picked":"Gash","floor":5},{"not_picked":["Barrage","Gash"],"picked":"Leap","floor":7},{"not_picked":["Conserve Battery","Lockon"],"picked":"Darkness","floor":10},{"not_picked":["Meteor Strike","Steam","Barrage"],"picked":"SKIP","floor":11},{"not_picked":["Hologram","Chill"],"picked":"White Noise","floor":14},{"not_picked":["Thunder Strike","Seek"],"picked":"Electrodynamics","floor":16},{"not_picked":["Gash+1","Scrape+1","Storm"],"picked":"SKIP","floor":18},{"not_picked":["Streamline","Turbo","Redo"],"picked":"SKIP","floor":19},{"not_picked":["Leap","Coolheaded"],"picked":"Defragment","floor":20},{"not_picked":["Aggregate","Hologram"],"picked":"Chaos","floor":22},{"not_picked":["Seek","Turbo+1"],"picked":"White Noise+1","floor":24},{"not_picked":["Recycle+1","Stack+1"],"picked":"Compile Driver","floor":27},{"not_picked":["Hello World","FTL","Turbo+1"],"picked":"SKIP","floor":30},{"not_picked":["Cold Snap+1","BootSequence"],"picked":"Go for the Eyes+1","floor":31},{"not_picked":["Heatsinks+1","Sweeping Beam"],"picked":"Skim+1","floor":35},{"not_picked":["Cold Snap+1","Steam"],"picked":"Barrage+1","floor":36},{"not_picked":["Sweeping Beam+1","Genetic Algorithm"],"picked":"Barrage+1","floor":37},{"not_picked":["Genetic Algorithm","Rip and Tear+1"],"picked":"Leap","floor":38},{"not_picked":["Coolheaded","Doom and Gloom+1"],"picked":"Capacitor","floor":41},{"not_picked":["Hyperbeam","Streamline+1"],"picked":"Glacier+1","floor":45}],"player_experience":1008270,"relics_obtained":[{"floor":7,"key":"Shovel"},{"floor":8,"key":"Boot"},{"floor":14,"key":"Bottled Lightning"},{"floor":15,"key":"Blood Vial"},{"floor":21,"key":"Enchiridion"},{"floor":24,"key":"Ancient Tea Set"},{"floor":26,"key":"Meat on the Bone"},{"floor":27,"key":"Bag of Marbles"},{"floor":30,"key":"Oddly Smooth Stone"},{"floor":36,"key":"Torii"},{"floor":40,"key":"Peace Pipe"},{"floor":41,"key":"MawBank"},{"floor":42,"key":"Pear"},{"floor":43,"key":"Dodecahedron"},{"floor":45,"key":"Blue Candle"}],"event_choices":[{"damage_healed":0,"gold_gain":0,"player_choice":"Grow","damage_taken":0,"max_hp_gain":0,"max_hp_loss":0,"event_name":"Living Wall","floor":3,"gold_loss":0,"cards_upgraded":["Zap"]},{"damage_healed":0,"gold_gain":0,"player_choice":"Success","damage_taken":3,"relics_obtained":["Darkstone Periapt"],"max_hp_gain":0,"max_hp_loss":0,"event_name":"Scrap Ooze","floor":4,"gold_loss":0},{"damage_healed":0,"gold_gain":0,"player_choice":"Ignored","damage_taken":0,"max_hp_gain":0,"max_hp_loss":0,"event_name":"Shining Light","floor":12,"gold_loss":0},{"damage_healed":0,"gold_gain":0,"player_choice":"Obtained Book","damage_taken":16,"max_hp_gain":0,"max_hp_loss":0,"event_name":"Cursed Tome","floor":21,"gold_loss":0},{"damage_healed":0,"gold_gain":0,"player_choice":"Became a vampire (Vial)","damage_taken":0,"max_hp_gain":0,"max_hp_loss":0,"event_name":"Vampires","floor":28,"relics_lost":["Blood Vial"],"gold_loss":0,"cards_obtained":["Bite","Bite","Bite","Bite","Bite"]},{"damage_healed":0,"gold_gain":0,"player_choice":"Fight","damage_taken":0,"max_hp_gain":0,"max_hp_loss":0,"event_name":"MindBloom","floor":36,"gold_loss":0},{"damage_healed":0,"gold_gain":0,"player_choice":"Ignored","damage_taken":0,"max_hp_gain":0,"max_hp_loss":0,"event_name":"Tomb of Lord Red Mask","floor":39,"gold_loss":0},{"damage_healed":21,"gold_gain":0,"player_choice":"Writhe","damage_taken":0,"max_hp_gain":0,"max_hp_loss":0,"event_name":"Winding Halls","floor":44,"gold_loss":0,"cards_obtained":["Writhe"]}],"is_beta":false,"boss_relics":[{"not_picked":["Lizard Tail","Ectoplasm"],"picked":"Sozu"},{"not_picked":["Philosopher\u0027s Stone","Runic Dome"],"picked":"Nuclear Battery"}],"items_purged_floors":[],"is_endless":false,"potions_floor_spawned":[7,10,14,16,19,22,27,33,35,38,45],"killed_by":"Maw","ascension_level":3}