{"gold_per_floor":[116,41,41,56,67,67,67,67,67,100,100,116,130,140,140,140],"floor_reached":16,"playtime":263,"items_purged":["Defend_R"],"score":102,"play_id":"77a25f2e-298f-4270-aec3-98a2794cf6f2","local_time":"20180822184706","is_ascension_mode":false,"campfire_choices":[{"data":"Flex","floor":8,"key":"SMITH"},{"floor":11,"key":"REST"},{"data":"Heavy Blade","floor":15,"key":"SMITH"}],"neow_cost":"","seed_source_timestamp":74574980036118,"circlet_count":0,"master_deck":["Strike_R","Strike_R","Strike_R+1","Strike_R+1","Strike_R","Defend_R","Defend_R","Bash","Heavy Blade","Flex+1","Heavy Blade+1"],"relics":["Burning Blood","Sundial","Ornamental Fan"],"potions_floor_usage":[16,16],"damage_taken":[{"damage":6,"enemies":"Jaw Worm","floor":1,"turns":3},{"damage":1,"enemies":"2 Louse","floor":4,"turns":2},{"damage":12,"enemies":"Small Slimes","floor":5,"turns":2},{"damage":36,"enemies":"Lagavulin","floor":10,"turns":4},{"damage":13,"enemies":"Red Slaver","floor":12,"turns":2},{"damage":11,"enemies":"Exordium Wildlife","floor":13,"turns":3},{"damage":0,"enemies":"2 Fungi Beasts","floor":14,"turns":2},{"damage":48,"enemies":"The Guardian","floor":16,"turns":7}],"seed_played":"933994687957885145","potions_obtained":[{"floor":5,"key":"SkillPotion"},{"floor":10,"key":"PowerPotion"},{"floor":12,"key":"Weak Potion"}],"is_trial":false,"path_per_floor":["M","$","?","M","M","?","?","R","T","E","R","M","M","M","R"],"character_chosen":"IRONCLAD","items_purchased":[],"campfire_rested":1,"item_purchase_floors":[],"current_hp_per_floor":[80,80,64,69,63,63,56,56,56,26,50,43,38,44,44,0],"gold":140,"neow_bonus":"","is_prod":false,"is_daily":false,"chose_seed":false,"campfire_upgraded":2,"win_rate":0,"timestamp":1534978026,"path_taken":["M","$","?","?","M","?","?","R","T","E","R","?","M","M","R","BOSS"],"build_version":"2018-08-16","purchased_purges":1,"victory":false,"max_hp_per_floor":[80,80,80,80,80,80,80,80,80,80,80,80,80,80,80,80],"card_choices":[{"not_picked":["Sword Boomerang","Clothesline"],"picked":"Heavy Blade","floor":1},{"not_picked":["True Grit","Perfected Strike"],"picked":"Flex","floor":4},{"not_picked":["Disarm","Headbutt","Body Slam"],"picked":"SKIP","floor":5},{"not_picked":["Clothesline","Wild Strike","Berserk"],"picked":"SKIP","floor":10},{"not_picked":["True Grit","Clash","Armaments"],"picked":"SKIP","floor":12},{"not_picked":["Pummel","Uppercut","Sever Soul"],"picked":"SKIP","floor":13},{"not_picked":["Pommel Strike","Exhume"],"picked":"Heavy Blade","floor":14}],"player_experience":138646,"relics_obtained":[{"floor":9,"key":"Sundial"},{"floor":10,"key":"Ornamental Fan"}],"event_choices":[{"event_name":"Shining Light","player_choice":"Entered Light","floor":3,"damage_taken":0},{"event_name":"Liars Game","player_choice":"disagreed","floor":6,"damage_taken":0},{"event_name":"Golden Wing","player_choice":"Card Removal","floor":7,"damage_taken":0}],"is_beta":false,"boss_relics":[],"items_purged_floors":[2],"is_endless":false,"potions_floor_spawned":[5,10,12,14],"killed_by":"The Guardian","ascension_level":0}