{"gold_per_floor":[117,133,283,294,66,99,99,64,64,64,83,110,127,138,138,210,210,227,42,42,42,62,62,95,110,110,110,130,144,159,193,193,272,272,285,128,140,17,32,32,61,115,184,217,217,249,261,261,261,261],"floor_reached":51,"playtime":10944,"items_purged":["Doubt"],"score":1471,"play_id":"aa8f7e0c-55c5-42c6-9b61-8c376d836cbb","local_time":"20180623231620","is_ascension_mode":true,"campfire_choices":[{"data":"Noxious Fumes","floor":7.0,"key":"SMITH"},{"data":"Neutralize","floor":10.0,"key":"SMITH"},{"data":"Malaise","floor":15.0,"key":"SMITH"},{"data":"Wraith Form v2","floor":23.0,"key":"SMITH"},{"data":"Well Laid Plans","floor":32.0,"key":"SMITH"},{"data":"Malaise","floor":40,"key":"SMITH"},{"data":"Bullet Time","floor":49,"key":"SMITH"}],"neow_cost":"","seed_source_timestamp":0,"circlet_count":0,"master_deck":["Defend_G","Defend_G","Defend_G","Defend_G","Defend_G","Survivor","Neutralize+1","AscendersBane","Malaise+1","Acrobatics","Noxious Fumes+1","Flying Knee","Dodge and Roll","PiercingWail","Backflip","Wraith Form v2+1","Noxious Fumes","Bite","Bite","Bite","Bite","Dodge and Roll","Panacea","Escape Plan","Adrenaline","Prepared+1","Well Laid Plans+1","Adrenaline","Malaise+1","Backflip","Deadly Poison","Malaise","Prepared+1","Acrobatics","Bullet Time+1","Backflip","Cloak And Dagger+1","Predator+1","Cloak And Dagger+1","Neutralize"],"special_seed":0,"relics":["Ring of the Snake","Snake Skull","Darkstone Periapt","Meat on the Bone","Torii","Coffee Dripper","Art of War","Enchiridion","Orichalcum","Mercury Hourglass","Bottled Tornado","Orrery","Oddly Smooth Stone","Ornamental Fan","Unceasing Top","Toolbox","Matryoshka","Dodecahedron"],"potions_floor_usage":[50],"damage_taken":[{"damage":0.0,"enemies":"2 Louse","floor":1.0,"turns":4.0},{"damage":0.0,"enemies":"Jaw Worm","floor":2.0,"turns":7.0},{"damage":5.0,"enemies":"Small Slimes","floor":4.0,"turns":6.0},{"damage":26.0,"enemies":"3 Sentries","floor":6.0,"turns":9.0},{"damage":2.0,"enemies":"Exordium Wildlife","floor":11.0,"turns":4.0},{"damage":14.0,"enemies":"Gremlin Nob","floor":12.0,"turns":4.0},{"damage":7.0,"enemies":"3 Louse","floor":13.0,"turns":4.0},{"damage":1.0,"enemies":"2 Fungi Beasts","floor":14.0,"turns":5.0},{"damage":1.0,"enemies":"Hexaghost","floor":16.0,"turns":13.0},{"damage":1.0,"enemies":"Shell Parasite","floor":18.0,"turns":7.0},{"damage":10.0,"enemies":"3 Byrds","floor":22.0,"turns":4.0},{"damage":13.0,"enemies":"Book of Stabbing","floor":24.0,"turns":6.0},{"damage":2.0,"enemies":"Snake Plant","floor":25.0,"turns":5.0},{"damage":1.0,"enemies":"Snecko","floor":28.0,"turns":6.0},{"damage":9.0,"enemies":"Chosen and Byrds","floor":29.0,"turns":6.0},{"damage":7.0,"enemies":"Centurion and Healer","floor":30.0,"turns":6.0},{"damage":1.0,"enemies":"Gremlin Leader","floor":31.0,"turns":7.0},{"damage":17.0,"enemies":"Automaton","floor":33.0,"turns":10.0},{"damage":7,"enemies":"3 Shapes","floor":35,"turns":3},{"damage":0,"enemies":"Orb Walker","floor":37,"turns":6},{"damage":4,"enemies":"3 Darklings","floor":39,"turns":4},{"damage":2,"enemies":"Giant Head","floor":41,"turns":10},{"damage":0,"floor":42,"turns":5},{"damage":1,"enemies":"Nemesis","floor":44,"turns":9},{"damage":0,"enemies":"Giant Head","floor":46,"turns":9},{"damage":0,"enemies":"Sphere and 2 Shapes","floor":47,"turns":4},{"damage":0,"enemies":"Awakened One","floor":50,"turns":15}],"seed_played":"-5481975719821437939","potions_obtained":[{"floor":2.0,"key":"Swift Potion"},{"floor":6.0,"key":"Weak Potion"},{"floor":11.0,"key":"Fire Potion"},{"floor":16.0,"key":"Swift Potion"},{"floor":18.0,"key":"SpeedPotion"},{"floor":29.0,"key":"Strength Potion"},{"floor":35,"key":"GhostInAJar"},{"floor":41,"key":"SmokeBomb"}],"is_trial":false,"path_per_floor":["M","M","?","M","$","E","R","?","T","R","M","E","M","M","R","B",null,"M","$","?","?","M","R","E","M","T","?","M","M","M","E","R","B",null,"M","$","M","$","M","R","E","?","T","E","?","E","M","?","R","B"],"character_chosen":"THE_SILENT","items_purchased":["Snake Skull","Noxious Fumes","Art of War","Oddly Smooth Stone","Bullet Time","Backflip"],"campfire_rested":0,"item_purchase_floors":[],"current_hp_per_floor":[65,65,65,60,60,34,34,52,52,52,50,48,41,40,40,39,64,63,63,42,42,36,36,37,49,49,39,50,47,50,50,50,50,50,49,49,50,50,49,49,50,50,50,50,50,50,50,50,50,50],"gold":261,"neow_bonus":"","is_prod":false,"is_daily":false,"chose_seed":false,"campfire_upgraded":7,"win_rate":0,"timestamp":1529788580,"path_taken":["M","M","?","M","$","E","R","?","T","R","M","E","M","M","R","BOSS","M","$","?","?","M","R","E","?","T","?","M","M","M","E","R","BOSS","M","$","M","$","M","R","E","?","T","E","?","E","?","?","R","BOSS"],"build_version":"2018-06-21v2","purchased_purges":1,"victory":true,"max_hp_per_floor":[72,72,72,72,72,72,72,72,72,72,72,72,72,72,72,72,72,72,72,72,50,50,50,50,50,50,50,50,50,50,50,50,50,50,50,50,50,50,50,50,50,50,50,50,50,50,50,50,50,50],"card_choices":[{"not_picked":["Backflip","Poisoned Stab"],"picked":"Malaise","floor":1.0},{"not_picked":["Deflect","Bane"],"picked":"Acrobatics","floor":2.0},{"not_picked":["Calculated Gamble","Dagger Spray"],"picked":"Noxious Fumes","floor":4.0},{"not_picked":["Eviscerate","Accuracy"],"picked":"Flying Knee","floor":6.0},{"not_picked":["Sucker Punch","Noxious Fumes"],"picked":"Dodge and Roll","floor":11.0},{"not_picked":["Masterful Stab","Finisher"],"picked":"PiercingWail","floor":12.0},{"not_picked":["Dagger Throw","Eviscerate","Outmaneuver"],"picked":"SKIP","floor":13.0},{"not_picked":["Bane","Quick Slash"],"picked":"Backflip","floor":14.0},{"not_picked":["Glass Knife","Bullet Time"],"picked":"Wraith Form v2","floor":16.0},{"not_picked":["Quick Slash","Outmaneuver","Poisoned Stab"],"picked":"SKIP","floor":18.0},{"not_picked":["Poisoned Stab+1","Flying Knee","Choke"],"picked":"SKIP","floor":22.0},{"not_picked":["Masterful Stab","Doppelganger"],"picked":"Dodge and Roll","floor":24.0},{"not_picked":["Flying Knee","Dagger Throw","PiercingWail"],"picked":"SKIP","floor":25.0},{"not_picked":["Flying Knee","Dagger Throw","PiercingWail"],"picked":"SKIP","floor":25.0},{"not_picked":["Deflect","PiercingWail"],"picked":"Escape Plan","floor":28.0},{"not_picked":["Bane","Underhanded Strike"],"picked":"Adrenaline","floor":29.0},{"not_picked":["All Out Attack","Sucker Punch"],"picked":"Prepared+1","floor":30.0},{"not_picked":["Distraction","Outmaneuver+1"],"picked":"Well Laid Plans","floor":31.0},{"not_picked":["Corpse Explosion","Tactician"],"picked":"Adrenaline","floor":33.0},{"not_picked":["Flying Knee","PiercingWail"],"picked":"Malaise","floor":34},{"not_picked":["Masterful Stab","Endless Agony"],"picked":"Backflip","floor":34},{"not_picked":["Dagger Throw","Well Laid Plans"],"picked":"Deadly Poison","floor":34},{"not_picked":["Flying Knee","Phantasmal Killer"],"picked":"Malaise","floor":34},{"not_picked":["Flying Knee","Outmaneuver"],"picked":"Prepared+1","floor":35},{"not_picked":["Dodge and Roll","Dash"],"picked":"Acrobatics","floor":37},{"not_picked":["Dagger Throw+1","Noxious Fumes+1","Blade Dance"],"picked":"SKIP","floor":39},{"not_picked":["Sucker Punch","Bouncing Flask","Bane"],"picked":"SKIP","floor":41},{"not_picked":["Acrobatics","Choke+1"],"picked":"Cloak And Dagger+1","floor":42},{"not_picked":["Expertise","PiercingWail"],"picked":"Predator+1","floor":44},{"not_picked":["Endless Agony","Wraith Form v2"],"picked":"Cloak And Dagger+1","floor":46},{"not_picked":["Quick Slash+1","Endless Agony+1","Deadly Poison"],"picked":"SKIP","floor":47}],"player_experience":669294,"relics_obtained":[{"floor":6.0,"key":"Darkstone Periapt"},{"floor":9.0,"key":"Meat on the Bone"},{"floor":12.0,"key":"Torii"},{"floor":20.0,"key":"Enchiridion"},{"floor":24.0,"key":"Orichalcum"},{"floor":26.0,"key":"Mercury Hourglass"},{"floor":31.0,"key":"Bottled Tornado"},{"floor":41,"key":"Ornamental Fan"},{"floor":42,"key":"Unceasing Top"},{"floor":43,"key":"Toolbox"},{"floor":44,"key":"Matryoshka"},{"floor":46,"key":"Dodecahedron"}],"event_choices":[{"event_name":"Liars Game","player_choice":"agreed","floor":3.0,"damage_taken":0.0},{"event_name":"The Cleric","player_choice":"Healed","floor":8.0,"damage_taken":0.0},{"event_name":"Cursed Tome","player_choice":"Obtained Book","floor":20.0,"damage_taken":0.0},{"event_name":"Vampires","player_choice":"Became a vampire","floor":21.0,"damage_taken":0.0},{"event_name":"Knowing Skull","player_choice":"CARD ","floor":27.0,"damage_taken":0.0},{"event_name":"Mysterious Sphere","player_choice":"Fight","floor":42,"damage_taken":0},{"event_name":"Falling","player_choice":"Removed Attack","floor":45,"damage_taken":0},{"event_name":"Match and Keep!","player_choice":"1 cards matched","floor":48,"damage_taken":0}],"boss_relics":[{"not_picked":["Black Star","White Beast Statue"],"picked":"Coffee Dripper"},{"not_picked":["Runic Dome","Empty Cage"],"picked":"Orrery"}],"items_purged_floors":[],"is_endless":false,"potions_floor_spawned":[2,6,11,16,18,29,30,33,35,39,41,42,46],"ascension_level":15}