{"gold_per_floor":[111,131,7,26,38,66,66,91,143,168,68,95,114,124,124,227,227,241,241,116,116,116,151,151,151,177,189,212,241,272,300,312,427,439,462,474,505,563,585,625,637,328,328,130,149,177,190,190,190,190],"floor_reached":51,"playtime":4030,"items_purged":["Bash","Strike_R","Strike_R","Strike_R","Strike_R"],"score":847,"play_id":"34e73127-4bce-4eed-b0cf-980d7dac26e7","local_time":"20180817142030","is_ascension_mode":false,"campfire_choices":[{"data":"Armaments","floor":15,"key":"SMITH"},{"data":"Barricade","floor":27,"key":"SMITH"},{"floor":32,"key":"REST"},{"data":"Armaments","floor":41,"key":"SMITH"},{"data":"Secret Technique","floor":49,"key":"SMITH"}],"neow_cost":"NONE","seed_source_timestamp":122592180728392,"circlet_count":0,"master_deck":["Strike_R","Defend_R","Defend_R","Defend_R","Body Slam","Armaments+1","Armaments+1","Shrug It Off","Inflame","Body Slam","Disarm","Barricade+1","Shrug It Off","Power Through","Juggernaut","Inflame","Body Slam","Entrench","Shrug It Off+1","Deep Breath","Disarm","Offering","Shrug It Off+1","Metallicize","Entrench","Flash of Steel","Body Slam","Ghostly Armor","Shrug It Off+1","Secret Technique+1"],"relics":["Burning Blood","Pen Nib","Question Card","Lantern","Oddly Smooth Stone","Odd Mushroom","Mango","Orrery","Mummified Hand","Darkstone Periapt","MawBank","Lizard Tail","StoneCalendar","Bird Faced Urn","Incense Burner","Torii","Happy Flower"],"potions_floor_usage":[8,10,18,29,33,50],"damage_taken":[{"damage":6,"enemies":"Small Slimes","floor":1,"turns":4},{"damage":2,"enemies":"2 Louse","floor":2,"turns":3},{"damage":6,"enemies":"Jaw Worm","floor":4,"turns":4},{"damage":13,"enemies":"Large Slime","floor":5,"turns":8},{"damage":19,"enemies":"3 Sentries","floor":6,"turns":7},{"damage":11,"enemies":"Gremlin Nob","floor":8,"turns":4},{"damage":7,"floor":10,"turns":4},{"damage":15,"enemies":"3 Sentries","floor":12,"turns":8},{"damage":1,"enemies":"Blue Slaver","floor":13,"turns":4},{"damage":0,"enemies":"Looter","floor":14,"turns":3},{"damage":5,"enemies":"The Guardian","floor":16,"turns":8},{"damage":17,"enemies":"3 Byrds","floor":18,"turns":7},{"damage":53,"enemies":"Slavers","floor":23,"turns":9},{"damage":0,"enemies":"2 Thieves","floor":28,"turns":4},{"damage":0,"enemies":"Chosen and Byrds","floor":29,"turns":5},{"damage":15,"enemies":"Snake Plant","floor":30,"turns":4},{"damage":10,"enemies":"Snecko","floor":31,"turns":6},{"damage":33,"enemies":"Collector","floor":33,"turns":9},{"damage":9,"enemies":"Flame Bruiser 1 Orb","floor":35,"turns":10},{"damage":0,"floor":36,"turns":19},{"damage":0,"enemies":"3 Shapes","floor":37,"turns":5},{"damage":17,"floor":38,"turns":5},{"damage":18,"enemies":"3 Darklings","floor":39,"turns":5},{"damage":1,"enemies":"Giant Head","floor":40,"turns":8},{"damage":7,"enemies":"4 Shapes","floor":45,"turns":7},{"damage":7,"enemies":"2 Orb Walkers","floor":46,"turns":3},{"damage":1,"enemies":"Transient","floor":47,"turns":5},{"damage":0,"enemies":"Donu and Deca","floor":50,"turns":5}],"seed_played":"-4704578581600061504","potions_obtained":[{"floor":2,"key":"LiquidBronze"},{"floor":6,"key":"PowerPotion"},{"floor":8,"key":"Ancient Potion"},{"floor":12,"key":"Fire Potion"},{"floor":13,"key":"Explosive Potion"},{"floor":28,"key":"AttackPotion"},{"floor":29,"key":"Explosive Potion"},{"floor":33,"key":"SpeedPotion"},{"floor":35,"key":"Dexterity Potion"},{"floor":40,"key":"SkillPotion"}],"is_trial":false,"path_per_floor":["M","M","$","M","M","E","?","E","T","?","$","E","M","M","R","B",null,"M","?","$","T","$","E","?","?","T","R","M","M","M","M","R","B",null,"M","?","M","?","M","E","R","$","T","$","M","E","M","?","R","B"],"character_chosen":"IRONCLAD","items_purchased":["Shrug It Off","Entrench","Flash of Steel","Body Slam"],"campfire_rested":1,"item_purchase_floors":[3,42,42,44],"current_hp_per_floor":[80,80,80,80,73,60,53,48,48,47,47,52,57,63,63,64,94,83,83,83,83,83,36,36,36,36,36,42,48,39,35,63,36,94,91,94,94,83,81,94,94,94,94,94,94,94,94,94,94,94],"gold":190,"neow_bonus":"TRANSFORM_CARD","is_prod":false,"is_daily":false,"chose_seed":false,"campfire_upgraded":4,"win_rate":0,"timestamp":1534530030,"path_taken":["M","M","$","M","M","E","?","E","T","?","$","E","M","M","R","BOSS","M","?","$","?","$","E","?","?","T","R","M","M","M","M","R","BOSS","M","?","M","?","M","E","R","$","T","$","M","E","M","?","R","BOSS"],"build_version":"2018-08-16","purchased_purges":5,"victory":true,"max_hp_per_floor":[80,80,80,80,80,80,80,80,80,80,80,94,94,94,94,94,94,94,94,94,94,94,94,94,94,94,94,94,94,94,94,94,94,94,94,94,94,94,94,94,94,94,94,94,94,94,94,94,94,94],"card_choices":[{"not_picked":["Sword Boomerang","Pummel"],"picked":"Armaments","floor":1},{"not_picked":["Blood for Blood","Warcry"],"picked":"Armaments","floor":2},{"not_picked":["Thunderclap","Havoc"],"picked":"Inflame","floor":4},{"not_picked":["Corruption","Flex","Rupture"],"picked":"SKIP","floor":5},{"not_picked":["Offering","Flex"],"picked":"Body Slam","floor":6},{"not_picked":["Sentinel","Armaments","Perfected Strike","Carnage"],"picked":"SKIP","floor":8},{"not_picked":["Warcry","Fire Breathing","Intimidate"],"picked":"Disarm","floor":10},{"not_picked":["Limit Break","Cleave","Disarm"],"picked":"Barricade","floor":12},{"not_picked":["Heavy Blade","Dual Wield","Pommel Strike"],"picked":"Shrug It Off","floor":13},{"not_picked":["Whirlwind","Twin Strike","Wild Strike"],"picked":"Power Through","floor":14},{"not_picked":["Brutality","Limit Break","Double Tap"],"picked":"Juggernaut","floor":16},{"not_picked":["Havoc","Clash","Intimidate"],"picked":"Inflame","floor":17},{"not_picked":["Headbutt","Heavy Blade","Anger"],"picked":"Body Slam","floor":17},{"not_picked":["Shockwave","Shrug It Off","Twin Strike"],"picked":"Entrench","floor":17},{"not_picked":["Wild Strike","Twin Strike","Heavy Blade","Headbutt"],"picked":"SKIP","floor":18},{"not_picked":["Sword Boomerang","Burning Pact+1","Iron Wave"],"picked":"Shrug It Off+1","floor":23},{"not_picked":["Feel No Pain","Twin Strike+1","Inflame","Searing Blow"],"picked":"SKIP","floor":28},{"not_picked":["Dropkick","Pommel Strike","Bludgeon","Combust"],"picked":"SKIP","floor":29},{"not_picked":["Perfected Strike","Thunderclap","Infernal Blade","Wild Strike"],"picked":"SKIP","floor":30},{"not_picked":["Wild Strike","Inflame","Dropkick"],"picked":"Disarm","floor":31},{"not_picked":["Dark Embrace","Limit Break","Bludgeon"],"picked":"Offering","floor":33},{"not_picked":["Perfected Strike","Sword Boomerang+1","Dropkick"],"picked":"Shrug It Off+1","floor":35},{"not_picked":["Flex+1","Body Slam","Headbutt+1"],"picked":"Metallicize","floor":37},{"not_picked":["Armaments+1","Infernal Blade","Heavy Blade+1","Anger+1"],"picked":"SKIP","floor":39},{"not_picked":["Berserk","Thunderclap+1","Perfected Strike+1","True Grit"],"picked":"SKIP","floor":40},{"not_picked":["Pummel+1","Headbutt","Iron Wave+1"],"picked":"Ghostly Armor","floor":45},{"not_picked":["Havoc+1","Perfected Strike","Shockwave+1"],"picked":"Shrug It Off+1","floor":46},{"not_picked":["Whirlwind","Sword Boomerang+1","Seeing Red","Body Slam"],"picked":"SKIP","floor":47},{"not_picked":["Dramatic Entrance","The Bomb","Enlightenment"],"picked":"Secret Technique","floor":48}],"player_experience":69913,"relics_obtained":[{"floor":6,"key":"Pen Nib"},{"floor":8,"key":"Lantern"},{"floor":9,"key":"Oddly Smooth Stone"},{"floor":10,"key":"Odd Mushroom"},{"floor":12,"key":"Mango"},{"floor":21,"key":"Mummified Hand"},{"floor":23,"key":"Darkstone Periapt"},{"floor":26,"key":"MawBank"},{"floor":36,"key":"StoneCalendar"},{"floor":38,"key":"Bird Faced Urn"},{"floor":40,"key":"Incense Burner"},{"floor":43,"key":"Torii"},{"floor":46,"key":"Happy Flower"}],"event_choices":[{"event_name":"Scrap Ooze","player_choice":"success","floor":7,"damage_taken":7},{"event_name":"Mushrooms","player_choice":"Fought Mushrooms","floor":10,"damage_taken":0},{"event_name":"Drug Dealer","player_choice":"Ignored","floor":19,"damage_taken":0},{"event_name":"Match and Keep!","player_choice":"1 cards matched","floor":24,"damage_taken":0},{"event_name":"Cursed Tome","player_choice":"Ignored","floor":25,"damage_taken":0},{"event_name":"MindBloom","player_choice":"Fight","floor":36,"damage_taken":0},{"event_name":"Mysterious Sphere","player_choice":"Fight","floor":38,"damage_taken":0},{"event_name":"SensoryStone","player_choice":"Memory 1","floor":48,"damage_taken":0}],"is_beta":false,"boss_relics":[{"not_picked":["Coffee Dripper","Black Blood"],"picked":"Orrery"},{"not_picked":["Fusion Hammer","Cursed Key"],"picked":"Lizard Tail"}],"items_purged_floors":[3,11,20,42,44],"is_endless":false,"potions_floor_spawned":[2,6,8,12,13,28,29,30,33,35,38,39,40,47],"ascension_level":0}