{"path_per_floor":["M","M","?","M","M","R","E","R","T","?","?","M","E","$","R","B",null,"M","M","M","M","?","R","M","M","T","R","M","R","M","M","R","B",null,"M","$","?","$","M","R","M","R","T","?","?","R","M","T","R","B"],"character_chosen":"IRONCLAD","items_purchased":["Flex","Singing Bowl"],"gold_per_floor":[12,28,28,39,56,56,82,82,130,103,103,114,144,69,69,172,172,191,204,216,236,151,151,169,179,179,179,193,193,205,225,225,321,321,337,237,237,58,70,70,86,86,86,86,86,86,104,104,104,104],"floor_reached":51,"campfire_rested":3,"playtime":1982,"current_hp_per_floor":[68,67,51,53,37,61,38,38,38,38,38,44,42,42,66,72,78,61,67,51,43,43,43,39,35,35,35,35,35,26,47,71,78,80,80,80,70,70,80,80,43,43,43,84,76,76,78,78,78,24],"items_purged":["Defend_R","Defend_R"],"gold":104,"score":765,"play_id":"24bb595a-42bd-4765-8f95-d0980a07a1ce","local_time":"20180306181506","is_prod":false,"is_daily":false,"is_ascension_mode":true,"campfire_upgraded":8,"timestamp":1520327706,"path_taken":["M","M","?","M","M","R","E","R","T","?","?","?","E","$","R","BOSS","M","M","M","?","?","R","?","M","T","R","M","R","M","M","R","BOSS","M","$","?","$","M","R","M","R","T","?","?","R","?","?","R","BOSS"],"build_version":"2018-03-01-PROD1","purchased_purges":2,"victory":true,"master_deck":["Strike_R","Strike_R","Strike_R+1","Strike_R","Strike_R","Defend_R","Bash","Pommel Strike+1","Inflame+1","Heavy Blade+1","Battle Trance","Sword Boomerang+1","Limit Break+1","Iron Wave+1","Pommel Strike+1","Metallicize+1","Pummel+1","Flex+1","Shrug It Off+1","Madness","Flex+1"],"max_hp_per_floor":[80,80,80,80,80,80,80,80,80,80,80,80,80,80,80,80,80,80,80,80,80,80,80,80,80,80,80,80,80,80,80,80,80,80,80,80,80,80,82,82,84,84,84,84,84,84,86,86,86,86],"relics":["Burning Blood","Gambling Chip","Torii","Anchor","Mercury Hourglass","White Beast Statue","Blood Vial","Thread and Needle","Sozu","Singing Bowl","Charon\u0027s Ashes","Mummified Hand"],"card_choices":[{"not_picked":["Clash","Intimidate"],"picked":"Pommel Strike"},{"not_picked":["Power Through","Headbutt"],"picked":"Inflame"},{"not_picked":["Iron Wave","Intimidate"],"picked":"Heavy Blade"},{"not_picked":["Second Wind","Bludgeon"],"picked":"Battle Trance"},{"not_picked":["Pommel Strike","Armaments"],"picked":"Sword Boomerang"},{"not_picked":["Berserk","Fiend Fire"],"picked":"Limit Break"},{"not_picked":["Rupture","Sword Boomerang"],"picked":"Iron Wave"},{"not_picked":["Headbutt","Fire Breathing"],"picked":"Pommel Strike"},{"not_picked":["Twin Strike","True Grit"],"picked":"Metallicize"},{"not_picked":["Twin Strike","Wild Strike"],"picked":"Pummel"},{"not_picked":["Armaments","Dual Wield"],"picked":"Flex"},{"not_picked":["Evolve","Feel No Pain"],"picked":"Shrug It Off"}],"player_experience":271126,"potions_floor_usage":[4,12,13,16,19,24,28,28,30,31,33,33,50],"damage_taken":[{"damage":10,"enemies":"Small Slimes","floor":1,"turns":3},{"damage":7,"enemies":"2 Louse","floor":2,"turns":3},{"damage":4,"enemies":"Jaw Worm","floor":4,"turns":4},{"damage":22,"enemies":"Gremlin Gang","floor":5,"turns":5},{"damage":29,"enemies":"Gremlin Nob","floor":7,"turns":4},{"damage":0,"enemies":"3 Louse","floor":12,"turns":2},{"damage":8,"enemies":"Lagavulin","floor":13,"turns":4},{"damage":0,"enemies":"Slime Boss","floor":16,"turns":5},{"damage":23,"enemies":"2 Thieves","floor":18,"turns":3},{"damage":0,"enemies":"Spheric Guardian","floor":19,"turns":2},{"damage":22,"enemies":"3 Cultists","floor":20,"turns":4},{"damage":14,"enemies":"Centurion and Healer","floor":21,"turns":6},{"damage":18,"enemies":"Snake Plant","floor":24,"turns":4},{"damage":12,"enemies":"Snecko","floor":25,"turns":4},{"damage":20,"enemies":"Cultist and Chosen","floor":28,"turns":5},{"damage":17,"enemies":"Slaver and Parasite","floor":30,"turns":5},{"damage":2,"enemies":"Centurion and Healer","floor":31,"turns":6},{"damage":1,"enemies":"Champ","floor":33,"turns":6},{"damage":0,"enemies":"3 Shapes","floor":35,"turns":3},{"damage":0,"enemies":"3 Darklings","floor":39,"turns":5},{"damage":47,"enemies":"Maw","floor":41,"turns":7},{"damage":8,"enemies":"Sphere and 2 Shapes","floor":47,"turns":4},{"damage":62,"enemies":"Donu and Deca","floor":50,"turns":6}],"event_choices":[{"event_name":"Shining Light","player_choice":"Entered Light","floor":3,"damage_taken":0},{"event_name":"World of Goop","player_choice":"Left","floor":10,"damage_taken":0},{"event_name":"Living Wall","player_choice":"Forget","floor":11,"damage_taken":0},{"event_name":"Addict","player_choice":"Obtained Relic","floor":22,"damage_taken":0},{"event_name":"Winding Halls","player_choice":"Embrace Madness","floor":37,"damage_taken":0},{"event_name":"Bonfire Elementals","player_choice":"UNCOMMON","floor":44,"damage_taken":0},{"event_name":"Wheel of Change","player_choice":"Damage","floor":45,"damage_taken":0}],"boss_relics":[{"not_picked":["Runic Dome","Question Card"],"picked":"White Beast Statue"},{"not_picked":["Lizard Tail","Runic Cube"],"picked":"Sozu"}],"potions_floor_spawned":[2,5,12,13,18,19,20,21,24,25,28,30,31,33,35,39,41,47],"seed_played":"-7034235039071738487","ascension_level":8,"is_trial":false}