{"gold_per_floor":[110,123,141,66,81,112,112,123,123,123,138,148,167,137,137,236,236,249,20,37,52,52,52,66,66,66,66,16,16,16],"floor_reached":30,"playtime":3066,"items_purged":[],"score":259,"play_id":"5b2b06af-8b9c-429d-b281-0c3f7504a82e","local_time":"20190306232903","is_ascension_mode":false,"campfire_choices":[{"floor":7,"key":"REST"},{"floor":10,"key":"REST"},{"floor":15,"key":"REST"},{"floor":23,"key":"REST"},{"floor":29,"key":"REST"}],"neow_cost":"NONE","seed_source_timestamp":39391070066949,"circlet_count":0,"master_deck":["Strike_B","Strike_B","Strike_B","Strike_B","Defend_B","Defend_B","Defend_B","Defend_B","Zap","Dualcast","Hologram","Beam Cell","Steam Power","Conserve Battery","Scrape","Glacier","Steam","Go for the Eyes","Gash","Parasite","Pain","Injury","Steam","Steam","Steam+1","Steam"],"relics":["Cracked Core","Anchor","Kunai","Sundial","Calling Bell","Regal Pillow","Matryoshka","Calipers","Toy Ornithopter","Bag of Preparation","Mummified Hand"],"potions_floor_usage":[6,16,16,18,24,29],"damage_taken":[{"damage":6,"enemies":"Cultist","floor":1,"turns":3},{"damage":0,"enemies":"2 Louse","floor":2,"turns":2},{"damage":4,"enemies":"Jaw Worm","floor":3,"turns":4},{"damage":25,"enemies":"Large Slime","floor":5,"turns":8},{"damage":38,"enemies":"Gremlin Nob","floor":6,"turns":5},{"damage":6,"enemies":"2 Fungi Beasts","floor":8,"turns":3},{"damage":7,"enemies":"3 Louse","floor":11,"turns":3},{"damage":1,"enemies":"Exordium Wildlife","floor":12,"turns":7},{"damage":0,"enemies":"Large Slime","floor":13,"turns":3},{"damage":17,"enemies":"The Guardian","floor":16,"turns":16},{"damage":16,"enemies":"3 Byrds","floor":18,"turns":7},{"damage":6,"enemies":"Chosen","floor":20,"turns":8},{"damage":35,"enemies":"Snake Plant","floor":21,"turns":6},{"damage":40,"enemies":"Snecko","floor":24,"turns":13},{"damage":55,"enemies":"Centurion and Healer","floor":30,"turns":30}],"seed_played":"9217385197727046495","potions_obtained":[{"floor":3,"key":"EssenceOfSteel"},{"floor":8,"key":"Dexterity Potion"},{"floor":12,"key":"Regen Potion"},{"floor":13,"key":"Weak Potion"},{"floor":21,"key":"Explosive Potion"},{"floor":24,"key":"Fruit Juice"}],"is_trial":false,"path_per_floor":["$","?","?","?","$"],"character_chosen":"DEFECT","items_purchased":["Steam Power","Steam","Toy Ornithopter","Steam"],"campfire_rested":5,"item_purchase_floors":[4,19,19,28],"current_hp_per_floor":[69,69,65,65,40,2,24,18,18,40,33,32,32,32,54,52,75,59,59,53,18,18,55,20,6,6,6,6,55,0],"gold":16,"neow_bonus":"RANDOM_COMMON_RELIC","is_prod":false,"is_daily":false,"chose_seed":false,"campfire_upgraded":0,"win_rate":0.0,"timestamp":1551911343,"path_taken":["M","M","M","?","M","E","R","M","T","R","M","M","M","?","R","BOSS","M","$","M","M","?","R","M","?","T","?","$","R","M"],"build_version":"2019-01-23","purchased_purges":0,"victory":false,"max_hp_per_floor":[75,75,75,75,75,75,75,75,75,75,75,75,75,75,75,75,75,75,75,75,75,75,75,75,80,80,80,80,85,85],"card_choices":[{"not_picked":["Barrage","Tempest"],"picked":"Hologram","floor":1},{"not_picked":["Turbo","Ball Lightning"],"picked":"Beam Cell","floor":2},{"not_picked":["Barrage","Hello World","Streamline"],"picked":"SKIP","floor":3},{"not_picked":["Stack","Consume"],"picked":"Conserve Battery","floor":5},{"not_picked":["Skim","Redo"],"picked":"Scrape","floor":6},{"not_picked":["Leap","Self Repair"],"picked":"Glacier","floor":8},{"not_picked":["Conserve Battery","Seek"],"picked":"Steam","floor":11},{"not_picked":["Stack","Turbo"],"picked":"Go for the Eyes","floor":12},{"not_picked":["Beam Cell","Rip and Tear"],"picked":"Gash","floor":13},{"not_picked":["Streamline","Double Energy"],"picked":"Steam","floor":18},{"not_picked":["Hello World+1","Darkness+1"],"picked":"Steam+1","floor":20},{"not_picked":["Ball Lightning","Streamline","Redo"],"picked":"SKIP","floor":21},{"not_picked":["Multi-Cast","Compile Driver","Conserve Battery"],"picked":"SKIP","floor":24}],"player_experience":58789,"relics_obtained":[{"floor":6,"key":"Kunai"},{"floor":9,"key":"Sundial"},{"floor":17,"key":"Regal Pillow"},{"floor":17,"key":"Matryoshka"},{"floor":17,"key":"Calipers"},{"floor":26,"key":"Bag of Preparation"},{"floor":26,"key":"Mummified Hand"}],"event_choices":[{"damage_healed":0,"gold_gain":0,"player_choice":"Left Gold","damage_taken":0,"max_hp_gain":0,"max_hp_loss":0,"event_name":"World of Goop","floor":14,"gold_loss":30},{"damage_healed":0,"gold_gain":0,"player_choice":"Ignored","damage_taken":0,"max_hp_gain":0,"max_hp_loss":0,"event_name":"Ghosts","floor":22,"gold_loss":0},{"damage_healed":0,"gold_gain":0,"player_choice":"Shed Blood","damage_taken":19,"max_hp_gain":5,"max_hp_loss":0,"event_name":"Forgotten Altar","floor":25,"gold_loss":0}],"is_beta":false,"boss_relics":[{"not_picked":["Inserter","Philosopher\u0027s Stone"],"picked":"Calling Bell"}],"items_purged_floors":[],"is_endless":false,"potions_floor_spawned":[3,8,12,13,21,24],"killed_by":"Centurion and Healer","ascension_level":0}