{"gold_per_floor":[112,112,92,108,124,124,155,155,155,190,190,206,218,35,35,35],"floor_reached":16,"playtime":498,"items_purged":[],"score":220,"play_id":"7deeb490-cf56-42b9-9c0b-12b1482e6a59","local_time":"20190204224926","is_ascension_mode":true,"campfire_choices":[{"data":"Hyperbeam","floor":6,"key":"SMITH"},{"floor":8,"key":"REST"},{"data":"Creative AI","floor":15,"key":"SMITH"}],"neow_cost":"TEN_PERCENT_HP_LOSS","seed_source_timestamp":211757961160672,"circlet_count":0,"master_deck":["AscendersBane","Strike_B","Strike_B","Strike_B","Defend_B","Defend_B","Defend_B+1","Zap+1","Dualcast","Hyperbeam+1","Cold Snap","Undo","Coolheaded","BootSequence","Seek","Creative AI+1","Hyperbeam+1"],"relics":["Cracked Core","Meat on the Bone","Happy Flower","Omamori","The Courier","DollysMirror"],"potions_floor_usage":[7,7],"damage_taken":[{"damage":0,"enemies":"Small Slimes","floor":1,"turns":2},{"damage":0,"enemies":"2 Louse","floor":4,"turns":1},{"damage":0,"enemies":"Cultist","floor":5,"turns":3},{"damage":38,"enemies":"Gremlin Nob","floor":7,"turns":6},{"damage":14,"enemies":"Lagavulin","floor":10,"turns":5},{"damage":0,"enemies":"Gremlin Gang","floor":12,"turns":1},{"damage":7,"enemies":"Large Slime","floor":13,"turns":4},{"damage":45,"enemies":"Hexaghost","floor":16,"turns":9}],"seed_played":"6845533469478037368","potions_obtained":[{"floor":1,"key":"FairyPotion"},{"floor":3,"key":"Block Potion"},{"floor":4,"key":"FocusPotion"},{"floor":10,"key":"Swift Potion"}],"is_trial":false,"path_per_floor":["M","?","?","M","M","R","E","R","T","E","?","M","M","$","R","B"],"character_chosen":"DEFECT","items_purchased":["DollysMirror"],"campfire_rested":1,"item_purchase_floors":[14],"current_hp_per_floor":[64,45,45,45,45,45,7,26,26,24,24,36,41,41,41,0],"gold":35,"neow_bonus":"TRANSFORM_TWO_CARDS","is_prod":false,"is_daily":false,"chose_seed":false,"campfire_upgraded":2,"win_rate":0,"timestamp":1549349366,"path_taken":["M","?","?","?","?","R","E","R","T","E","?","M","M","?","R","BOSS"],"build_version":"2019-01-23","purchased_purges":0,"victory":false,"max_hp_per_floor":[64,64,64,64,64,64,64,64,64,64,64,64,64,64,64,64],"card_choices":[{"not_picked":["Sweeping Beam","Heatsinks"],"picked":"Undo","floor":1},{"not_picked":["Leap","Rebound"],"picked":"Coolheaded","floor":4},{"not_picked":["Loop","Barrage"],"picked":"BootSequence","floor":5},{"not_picked":["Turbo","Recycle"],"picked":"Seek","floor":7},{"not_picked":["Compile Driver","Coolheaded","Steam"],"picked":"SKIP","floor":10},{"not_picked":["Coolheaded","Beam Cell"],"picked":"Creative AI","floor":12},{"not_picked":["Stack","Gash","Cold Snap"],"picked":"SKIP","floor":13}],"player_experience":715540,"relics_obtained":[{"floor":7,"key":"Meat on the Bone"},{"floor":9,"key":"Happy Flower"},{"floor":10,"key":"Omamori"}],"event_choices":[{"damage_healed":0,"gold_gain":0,"player_choice":"Entered Light","damage_taken":19,"max_hp_gain":0,"max_hp_loss":0,"event_name":"Shining Light","floor":2,"gold_loss":0,"cards_upgraded":["Zap","Defend_B"]},{"damage_healed":0,"gold_gain":0,"player_choice":"Bought 1 Potion","damage_taken":0,"max_hp_gain":0,"max_hp_loss":0,"event_name":"The Woman in Blue","floor":3,"gold_loss":0},{"damage_healed":0,"gold_gain":0,"player_choice":"Gave Potion","damage_taken":0,"relics_obtained":["The Courier"],"max_hp_gain":0,"max_hp_loss":0,"event_name":"WeMeetAgain","floor":11,"gold_loss":0}],"is_beta":false,"boss_relics":[],"items_purged_floors":[],"is_endless":false,"potions_floor_spawned":[1,4,10],"killed_by":"Hexaghost","ascension_level":20}