{"gold_per_floor":[111,61,61,75,95,129,129,456,456,456,456,456,456,56,56,56],"floor_reached":16,"playtime":544,"items_purged":[],"score":127,"play_id":"b1fceace-c8f9-4f05-a203-b9007db07f82","local_time":"20181108194935","is_ascension_mode":true,"campfire_choices":[{"data":"Flame Barrier","floor":7,"key":"SMITH"},{"data":"1","floor":10,"key":"LIFT"},{"data":"2","floor":13,"key":"LIFT"},{"floor":15,"key":"REST"}],"neow_cost":"NONE","seed_source_timestamp":11868936027215,"circlet_count":0,"master_deck":["Strike_R","Strike_R","Strike_R","Strike_R","Defend_R","Defend_R","Defend_R","Defend_R","Bash+1","Entrench","Shockwave","Infernal Blade","Flame Barrier+1","Pommel Strike+1","Feel No Pain","Rage"],"relics":["Burning Blood","WingedGreaves","Old Coin","Girya","FossilizedHelix"],"potions_floor_usage":[8,16],"damage_taken":[{"damage":1,"enemies":"Cultist","floor":1,"turns":3},{"damage":0,"enemies":"2 Louse","floor":4,"turns":4},{"damage":4,"enemies":"Jaw Worm","floor":5,"turns":4},{"damage":58,"enemies":"Gremlin Nob","floor":6,"turns":6},{"damage":25,"enemies":"Lagavulin","floor":8,"turns":13},{"damage":39,"enemies":"Slime Boss","floor":16,"turns":9}],"seed_played":"532834609177946165","potions_obtained":[{"floor":6,"key":"SpeedPotion"},{"floor":8,"key":"Weak Potion"}],"is_trial":false,"path_per_floor":["M","?","$","M","M","E","R","E","T","R","?","?","R","$","R","B"],"character_chosen":"IRONCLAD","items_purchased":["Feel No Pain","FossilizedHelix","Rage"],"campfire_rested":1,"item_purchase_floors":[14,14,14],"current_hp_per_floor":[80,80,80,80,80,28,28,9,9,9,9,9,9,9,33,0],"gold":56,"neow_bonus":"UPGRADE_CARD","is_prod":false,"is_daily":false,"chose_seed":false,"campfire_upgraded":1,"win_rate":0,"timestamp":1541735375,"path_taken":["M","?","$","M","M","E","R","E","T","R","?","?","R","$","R","BOSS"],"build_version":"2018-11-08","purchased_purges":0,"victory":false,"max_hp_per_floor":[80,80,80,80,80,80,80,80,80,80,80,80,80,80,80,80],"card_choices":[{"not_picked":["Wild Strike","Combust"],"picked":"Entrench","floor":1},{"not_picked":["Thunderclap","Rupture"],"picked":"Shockwave","floor":4},{"not_picked":["Flex","Pummel"],"picked":"Infernal Blade","floor":5},{"not_picked":["Shrug It Off","Iron Wave"],"picked":"Flame Barrier","floor":6},{"not_picked":["Combust","Thunderclap"],"picked":"Pommel Strike","floor":8}],"player_experience":371431,"relics_obtained":[{"floor":6,"key":"WingedGreaves"},{"floor":8,"key":"Old Coin"},{"floor":9,"key":"Girya"}],"event_choices":[{"cards_removed":["Strike_R"],"damage_healed":0,"gold_gain":0,"player_choice":"Card Removal","damage_taken":0,"max_hp_gain":0,"max_hp_loss":0,"event_name":"The Cleric","floor":2,"gold_loss":50},{"damage_healed":0,"gold_gain":0,"player_choice":"Ignored","damage_taken":0,"max_hp_gain":0,"max_hp_loss":0,"event_name":"Shining Light","floor":11,"gold_loss":0},{"damage_healed":0,"gold_gain":0,"player_choice":"Grow","damage_taken":0,"max_hp_gain":0,"max_hp_loss":0,"event_name":"Living Wall","floor":12,"gold_loss":0,"cards_upgraded":["Pommel Strike"]}],"is_beta":false,"boss_relics":[],"items_purged_floors":[],"is_endless":false,"potions_floor_spawned":[6,8],"killed_by":"Slime Boss","ascension_level":4}