{"gold_per_floor":[109,123,1,16,16,47,47,78,104,104,104,123,141,168,168,242,242,224,224,240,165,176,201,201,201,226,226,251,269,302,352,352,425,425,435,480,492,419,435,465,483,509,533,533,546,133,133,150,150,150],"floor_reached":50,"playtime":3408,"items_purged":[],"score":1065,"play_id":"e449f44d-cd8c-4da1-ab27-4033bee445e3","local_time":"20180713224930","is_ascension_mode":true,"campfire_choices":[{"floor":7.0,"key":"REST"},{"data":"Predator","floor":15.0,"key":"SMITH"},{"floor":24.0,"key":"REST"},{"data":"Backflip","floor":27.0,"key":"SMITH"},{"data":"Well Laid Plans","floor":32.0,"key":"SMITH"},{"floor":49,"key":"REST"}],"neow_cost":"NONE","seed_source_timestamp":0,"circlet_count":0,"master_deck":["Defend_G+1","Defend_G","Defend_G","Defend_G","Defend_G","Survivor","Neutralize+1","AscendersBane","Terror","Backflip+1","Predator+1","Dagger Spray+1","Well Laid Plans+1","Dagger Throw","Bullet Time+1","PiercingWail","Quick Slash+1","Wraith Form v2+1","Infinite Blades+1","Footwork+1","Dodge and Roll","Bite+1","Bite+1","Bite+1","Bite+1","Bite+1","Backflip+1","Corpse Explosion+1","Caltrops+1","Glass Knife+1","Sucker Punch+1","Predator+1","Malaise+1","PiercingWail+1","After Image+1","Madness+1","Madness+1","Apotheosis+1","Deadly Poison+1"],"special_seed":0,"relics":["Ring of the Snake","Whetstone","Ancient Tea Set","Lantern","Frozen Egg 2","Molten Egg 2","Velvet Choker","Blue Candle","Centennial Puzzle","Toxic Egg 2","Bag of Marbles","Runic Dome","Peace Pipe","Juzu Bracelet","War Paint","Dream Catcher","Orichalcum","Toolbox"],"potions_floor_usage":[50,50],"damage_taken":[{"damage":3.0,"enemies":"Small Slimes","floor":1.0,"turns":7.0},{"damage":7.0,"enemies":"Jaw Worm","floor":2.0,"turns":4.0},{"damage":1.0,"enemies":"2 Louse","floor":4.0,"turns":3.0},{"damage":10.0,"enemies":"Gremlin Nob","floor":6.0,"turns":3.0},{"damage":13.0,"enemies":"Lagavulin","floor":8.0,"turns":7.0},{"damage":0.0,"enemies":"Lots of Slimes","floor":12.0,"turns":3.0},{"damage":9.0,"enemies":"Large Slime","floor":13.0,"turns":6.0},{"damage":4.0,"enemies":"3 Sentries","floor":14.0,"turns":3.0},{"damage":11.0,"enemies":"Slime Boss","floor":16.0,"turns":9.0},{"damage":7.0,"enemies":"2 Thieves","floor":18.0,"turns":4.0},{"damage":0.0,"enemies":"Spheric Guardian","floor":20.0,"turns":4.0},{"damage":13.0,"enemies":"Snecko","floor":22.0,"turns":6.0},{"damage":12.0,"enemies":"Slavers","floor":23.0,"turns":6.0},{"damage":17.0,"enemies":"Book of Stabbing","floor":28.0,"turns":6.0},{"damage":2.0,"enemies":"Chosen and Byrds","floor":29.0,"turns":6.0},{"damage":2.0,"enemies":"Gremlin Leader","floor":30.0,"turns":6.0},{"damage":58.0,"enemies":"Collector","floor":33.0,"turns":10.0},{"damage":0.0,"enemies":"Flame Bruiser 1 Orb","floor":35.0,"turns":6.0},{"damage":7.0,"floor":36.0,"turns":4.0},{"damage":2.0,"enemies":"Orb Walker","floor":37.0,"turns":3.0},{"damage":9.0,"enemies":"4 Shapes","floor":39.0,"turns":2.0},{"damage":20.0,"enemies":"Nemesis","floor":40.0,"turns":11.0},{"damage":28.0,"enemies":"Transient","floor":41.0,"turns":5.0},{"damage":20.0,"enemies":"Giant Head","floor":42.0,"turns":7.0},{"damage":8.0,"enemies":"3 Darklings","floor":45.0,"turns":5.0},{"damage":3,"enemies":"Maw","floor":48,"turns":8},{"damage":65,"enemies":"Awakened One","floor":50,"turns":6}],"seed_played":"-5774853873206666626","potions_obtained":[{"floor":1.0,"key":"FearPotion"},{"floor":6.0,"key":"Block Potion"},{"floor":8.0,"key":"SteroidPotion"},{"floor":10.0,"key":"EntropicBrew"},{"floor":14.0,"key":"Explosive Potion"},{"floor":20.0,"key":"Strength Potion"},{"floor":22.0,"key":"GhostInAJar"},{"floor":30.0,"key":"Block Potion"},{"floor":35.0,"key":"Explosive Potion"},{"floor":39.0,"key":"Strength Potion"},{"floor":48,"key":"GamblersBrew"}],"is_trial":false,"path_per_floor":["M","M","$","M","?","E","R","E","T","?","T","M","M","E","R","B",null,"M","?","M","?","M","E","R","?","T","R","E","M","E","?","R","B",null,"M","?","M","$","M","E","M","E","T","?","M","$","?","M","R"],"character_chosen":"THE_SILENT","items_purchased":["Predator","Fire Potion","Malaise+1","Orichalcum","Toolbox","EssenceOfSteel"],"campfire_rested":3,"item_purchase_floors":[3,3,38,46,46,46],"current_hp_per_floor":[62,55,55,54,54,44,65,52,52,52,52,52,43,39,39,28,61,54,54,54,54,41,29,50,50,50,50,39,50,50,50,50,22,43,49,50,50,50,44,39,25,26,26,17,18,18,18,33,48,0],"gold":150,"neow_bonus":"TEN_PERCENT_HP_BONUS","is_prod":false,"is_daily":false,"chose_seed":false,"campfire_upgraded":3,"win_rate":0,"timestamp":1531514970,"path_taken":["M","M","$","M","?","E","R","E","T","?","?","M","M","E","R","BOSS","M","?","M","?","M","E","R","?","T","R","E","?","E","?","R","BOSS","M","?","M","$","M","E","M","E","T","?","M","$","?","M","R","BOSS"],"build_version":"2018-07-12","purchased_purges":0,"victory":false,"max_hp_per_floor":[72,72,72,72,72,72,72,72,72,72,72,72,72,72,72,72,72,72,72,72,72,72,72,72,50,50,50,50,50,50,50,50,50,50,50,50,50,50,50,50,50,50,50,50,50,50,50,50,50,50],"card_choices":[{"not_picked":["Accuracy","Backflip"],"picked":"Terror","floor":1.0},{"not_picked":["Setup","Deflect"],"picked":"Backflip","floor":2.0},{"not_picked":["Deadly Poison","Underhanded Strike"],"picked":"Dagger Spray","floor":4.0},{"not_picked":["Slice","Bouncing Flask"],"picked":"Well Laid Plans","floor":6.0},{"not_picked":["Bane","Well Laid Plans"],"picked":"Dagger Throw","floor":8.0},{"not_picked":["All Out Attack","Bane"],"picked":"Bullet Time","floor":12.0},{"not_picked":["Poisoned Stab","Distraction"],"picked":"PiercingWail","floor":13.0},{"not_picked":["Distraction","Cloak And Dagger"],"picked":"Quick Slash","floor":14.0},{"not_picked":["Storm of Steel","Venomology"],"picked":"Wraith Form v2+1","floor":16.0},{"not_picked":["Slice+1","Flying Knee+1"],"picked":"Infinite Blades+1","floor":18.0},{"not_picked":["Prepared+1","Deadly Poison","Bane+1"],"picked":"SKIP","floor":20.0},{"not_picked":["Acrobatics","Dagger Spray+1"],"picked":"Dodge and Roll","floor":22.0},{"not_picked":["Concentrate+1","Distraction","Heel Hook+1"],"picked":"SKIP","floor":23.0},{"not_picked":["Cloak And Dagger","Catalyst"],"picked":"Backflip","floor":28.0},{"not_picked":["Underhanded Strike+1","Expertise+1"],"picked":"Corpse Explosion+1","floor":29.0},{"not_picked":["Masterful Stab+1","Underhanded Strike+1"],"picked":"Caltrops+1","floor":30.0},{"not_picked":["A Thousand Cuts+1","Tools of the Trade+1"],"picked":"Glass Knife+1","floor":33.0},{"not_picked":["Accuracy+1","All Out Attack+1","Outmaneuver+1"],"picked":"SKIP","floor":35.0},{"not_picked":["PiercingWail+1","Blade Dance+1"],"picked":"Sucker Punch+1","floor":36.0},{"not_picked":["Finisher+1","Deflect+1"],"picked":"Predator+1","floor":37.0},{"not_picked":["Phantasmal Killer+1","Deadly Poison+1"],"picked":"PiercingWail+1","floor":39.0},{"not_picked":["Setup+1","Caltrops+1","Distraction+1"],"picked":"SKIP","floor":40.0},{"not_picked":["Outmaneuver+1","Choke+1","Deadly Poison+1"],"picked":"SKIP","floor":41.0},{"not_picked":["Quick Slash+1","Prepared+1"],"picked":"After Image+1","floor":42.0},{"not_picked":["Poisoned Stab+1","Noxious Fumes+1","Dagger Throw+1"],"picked":"SKIP","floor":45.0},{"not_picked":["Thinking Ahead+1","Flash of Steel+1"],"picked":"Apotheosis+1","floor":47},{"not_picked":["Malaise+1","PiercingWail+1"],"picked":"Deadly Poison+1","floor":48}],"player_experience":828455,"relics_obtained":[{"floor":6.0,"key":"Whetstone"},{"floor":8.0,"key":"Ancient Tea Set"},{"floor":9.0,"key":"Lantern"},{"floor":11.0,"key":"Frozen Egg 2"},{"floor":14.0,"key":"Molten Egg 2"},{"floor":23.0,"key":"Blue Candle"},{"floor":26.0,"key":"Centennial Puzzle"},{"floor":28.0,"key":"Toxic Egg 2"},{"floor":30.0,"key":"Bag of Marbles"},{"floor":36.0,"key":"Peace Pipe"},{"floor":40.0,"key":"Juzu Bracelet"},{"floor":42.0,"key":"War Paint"},{"floor":43.0,"key":"Dream Catcher"}],"event_choices":[{"event_name":"Liars Game","player_choice":"disagreed","floor":5.0,"damage_taken":0.0},{"event_name":"The Lab","player_choice":"Got Potions","floor":10.0,"damage_taken":0.0},{"event_name":"The Library","player_choice":"Read","floor":19.0,"damage_taken":0.0},{"event_name":"Beggar","player_choice":"Gave Gold","floor":21.0,"damage_taken":0.0},{"event_name":"Vampires","player_choice":"Became a vampire","floor":25.0,"damage_taken":0.0},{"event_name":"Golden Shrine","player_choice":"Pray","floor":31.0,"damage_taken":0.0},{"event_name":"Mysterious Sphere","player_choice":"Fight","floor":36.0,"damage_taken":0.0},{"event_name":"Winding Halls","player_choice":"Embrace Madness","floor":44.0,"damage_taken":0.0},{"event_name":"SensoryStone","player_choice":"Memory 1","floor":47,"damage_taken":0}],"boss_relics":[{"not_picked":["Philosopher\u0027s Stone","Sozu"],"picked":"Velvet Choker"},{"not_picked":["Empty Cage","Pandora\u0027s Box"],"picked":"Runic Dome"}],"items_purged_floors":[],"is_endless":false,"potions_floor_spawned":[1,6,8,14,20,22,30,35,39,40,48],"killed_by":"Awakened One","ascension_level":15}