{"gold_per_floor":[114,114,289,289,312,347,372,372,372,393,393,413,413,457,457,457],"floor_reached":16,"playtime":1627,"items_purged":[],"score":116,"play_id":"1f9d41cd-b626-47eb-bfad-34eefdc552ee","local_time":"20190303005809","is_ascension_mode":true,"campfire_choices":[{"data":"Armaments","floor":8,"key":"SMITH"},{"floor":11,"key":"REST"},{"data":"Armaments","floor":13,"key":"SMITH"},{"floor":15,"key":"REST"}],"neow_cost":"NONE","seed_source_timestamp":1244512453283,"circlet_count":0,"master_deck":["Strike_R+1","Strike_R","Strike_R","Strike_R","Strike_R","Defend_R","Defend_R","Defend_R","Defend_R","Clothesline","Ghostly Armor","Doubt","True Grit","Armaments+1","Armaments+1","Metallicize","Double Tap","Pommel Strike"],"relics":["Burning Blood","Golden Idol","Ornamental Fan","Prayer Wheel"],"potions_floor_usage":[6],"damage_taken":[{"damage":2,"enemies":"Small Slimes","floor":1,"turns":4},{"damage":5,"enemies":"Jaw Worm","floor":5,"turns":8},{"damage":58,"enemies":"Gremlin Nob","floor":6,"turns":8},{"damage":0,"enemies":"Cultist","floor":7,"turns":4},{"damage":6,"enemies":"Lots of Slimes","floor":10,"turns":7},{"damage":0,"enemies":"Large Slime","floor":12,"turns":12},{"damage":14,"enemies":"Lagavulin","floor":14,"turns":15},{"damage":64,"enemies":"Hexaghost","floor":16,"turns":16}],"seed_played":"811829638205748684","potions_obtained":[{"floor":5,"key":"Weak Potion"},{"floor":12,"key":"Explosive Potion"}],"is_trial":false,"path_per_floor":["M","?","?","?","M","E","M","R","T","M","R","M","R","E","R","B"],"character_chosen":"IRONCLAD","items_purchased":[],"campfire_rested":2,"item_purchase_floors":[],"current_hp_per_floor":[80,80,80,60,61,9,15,15,15,15,39,45,45,37,61,0],"gold":457,"neow_bonus":"UPGRADE_CARD","is_prod":false,"is_daily":false,"chose_seed":false,"campfire_upgraded":2,"win_rate":0,"timestamp":1551596289,"path_taken":["M","?","?","?","M","E","M","R","T","M","R","?","R","E","R","BOSS"],"build_version":"2019-01-23","purchased_purges":0,"victory":false,"max_hp_per_floor":[80,80,80,80,80,80,80,80,80,80,80,80,80,80,80,80],"card_choices":[{"not_picked":["Thunderclap","Perfected Strike"],"picked":"Clothesline","floor":1},{"not_picked":["Evolve","Burning Pact"],"picked":"True Grit","floor":5},{"not_picked":["Cleave","Burning Pact"],"picked":"Armaments","floor":6},{"not_picked":["Rage","Thunderclap"],"picked":"Armaments","floor":7},{"not_picked":["Combust","Flame Barrier"],"picked":"Metallicize","floor":10},{"not_picked":["Blood for Blood","Carnage"],"picked":"Double Tap","floor":12},{"not_picked":["Whirlwind","Rupture"],"picked":"Pommel Strike","floor":14}],"player_experience":58854,"relics_obtained":[{"floor":6,"key":"Ornamental Fan"},{"floor":14,"key":"Prayer Wheel"}],"event_choices":[{"damage_healed":0,"gold_gain":0,"cards_transformed":["Bash"],"player_choice":"Change","damage_taken":0,"max_hp_gain":0,"max_hp_loss":0,"event_name":"Living Wall","floor":2,"gold_loss":0,"cards_obtained":["Ghostly Armor"]},{"damage_healed":0,"gold_gain":175,"player_choice":"AGREE","damage_taken":0,"max_hp_gain":0,"max_hp_loss":0,"event_name":"Liars Game","floor":3,"gold_loss":0,"cards_obtained":["Doubt"]},{"damage_healed":0,"gold_gain":0,"player_choice":"Take Damage","damage_taken":20,"relics_obtained":["Golden Idol"],"max_hp_gain":0,"max_hp_loss":0,"event_name":"Golden Idol","floor":4,"gold_loss":0}],"is_beta":false,"boss_relics":[],"items_purged_floors":[],"is_endless":false,"potions_floor_spawned":[5,12],"killed_by":"Hexaghost","ascension_level":1}