{"gold_per_floor":[117,131,148,148],"floor_reached":4,"playtime":183,"items_purged":[],"score":26,"play_id":"9d7b26a6-8963-4863-9db1-693c47a6d0dd","local_time":"20180912041720","daily_mods":["Draft"],"is_ascension_mode":false,"campfire_choices":[],"neow_cost":"","seed_source_timestamp":456707117658883,"circlet_count":0,"master_deck":["Clash","Body Slam","Inflame","Warcry","Headbutt","Bloodletting","Twin Strike","Perfected Strike","Whirlwind","Body Slam","Whirlwind","Armaments","Heavy Blade","Rage","Armaments","Wild Strike","Warcry"],"relics":["Burning Blood"],"potions_floor_usage":[],"damage_taken":[{"damage":0,"enemies":"Small Slimes","floor":1,"turns":2},{"damage":3,"enemies":"Cultist","floor":2,"turns":3},{"damage":0,"enemies":"Jaw Worm","floor":3,"turns":1},{"damage":0,"enemies":"2 Fungi Beasts","floor":4,"turns":1}],"seed_played":"-833656685662378822","potions_obtained":[{"floor":3,"key":"FearPotion"}],"is_trial":true,"path_per_floor":["M","M","M"],"character_chosen":"IRONCLAD","items_purchased":[],"campfire_rested":0,"item_purchase_floors":[],"current_hp_per_floor":[80,80,80,80],"gold":148,"neow_bonus":"","is_prod":false,"is_daily":false,"chose_seed":false,"campfire_upgraded":0,"win_rate":0,"timestamp":1536740240,"path_taken":["M","M","M","M"],"build_version":"2018-09-06","purchased_purges":0,"victory":false,"max_hp_per_floor":[80,80,80,80],"card_choices":[{"not_picked":["Heavy Blade","Blood for Blood"],"picked":"Clash","floor":0},{"not_picked":["Flame Barrier","Thunderclap"],"picked":"Body Slam","floor":0},{"not_picked":["Warcry","Intimidate"],"picked":"Inflame","floor":0},{"not_picked":["Iron Wave","Burning Pact"],"picked":"Warcry","floor":0},{"not_picked":["Warcry","Sword Boomerang"],"picked":"Headbutt","floor":0},{"not_picked":["Havoc","Entrench"],"picked":"Bloodletting","floor":0},{"not_picked":["Dropkick","Iron Wave"],"picked":"Twin Strike","floor":0},{"not_picked":["Intimidate","Rampage"],"picked":"Perfected Strike","floor":0},{"not_picked":["Corruption","Iron Wave"],"picked":"Whirlwind","floor":0},{"not_picked":["Combust","Hemokinesis"],"picked":"Body Slam","floor":0},{"not_picked":["Combust","Dual Wield"],"picked":"Whirlwind","floor":0},{"not_picked":["Thunderclap","Inflame"],"picked":"Armaments","floor":0},{"not_picked":["Iron Wave","Clothesline"],"picked":"Heavy Blade","floor":0},{"not_picked":["Anger","Uppercut"],"picked":"Rage","floor":0},{"not_picked":["True Grit","Searing Blow"],"picked":"Armaments","floor":0},{"not_picked":["Ghostly Armor","Clothesline"],"picked":"Wild Strike","floor":1},{"not_picked":["Dual Wield","Hemokinesis","Uppercut"],"picked":"SKIP","floor":2},{"not_picked":["Burning Pact","Shockwave"],"picked":"Warcry","floor":3}],"player_experience":121814,"relics_obtained":[],"event_choices":[],"is_beta":false,"boss_relics":[],"items_purged_floors":[],"is_endless":false,"potions_floor_spawned":[3],"killed_by":"2 Fungi Beasts","ascension_level":0}