{"gold_per_floor":[212,223,233,233,249,249,268,268,291,291,321,336,138,153,153,249,249,266,266,216,216,233,233,267,280,334,334,362,75,91,106,106,204,204,221,221,171,24,24,24,24,77,77,77,77,94,112,124,124,124],"floor_reached":51,"playtime":2878,"items_purged":["Strike_G","Writhe","Strike_G+1","Strike_G+1"],"score":898,"play_id":"b58fec9d-8f83-4ebe-aeff-be15f9b0992c","local_time":"20181122121333","is_ascension_mode":true,"campfire_choices":[{"data":"Neutralize","floor":6,"key":"SMITH"},{"data":"Crippling Poison","floor":8,"key":"SMITH"},{"data":"Survivor","floor":10,"key":"SMITH"},{"data":"Footwork","floor":15,"key":"SMITH"},{"data":"Malaise","floor":23,"key":"SMITH"},{"floor":27,"key":"REST"},{"data":"Bouncing Flask","floor":32,"key":"SMITH"},{"data":"PiercingWail","floor":40,"key":"SMITH"},{"floor":44,"key":"REST"},{"floor":49,"key":"REST"}],"neow_cost":"NONE","seed_source_timestamp":611190485292506,"circlet_count":0,"master_deck":["Defend_G+1","Defend_G+1","Defend_G+1","Defend_G+1","Defend_G+1","Strike_G+1","Survivor+1","Neutralize+1","Deadly Poison","Crippling Poison+1","Bouncing Flask+1","Distraction","Footwork+1","Burst","Venomology","Malaise+1","PiercingWail+1","Backstab","Footwork+1","Bandage Up","Wraith Form v2","Madness","Madness","Dark Shackles","All Out Attack+1"],"relics":["Ring of the Snake","Smiling Mask","Odd Mushroom","Velvet Choker","Boot","Centennial Puzzle","Ancient Tea Set","Red Mask","Bronze Scales","Cursed Key","Omamori","Gremlin Horn","Torii","Question Card"],"potions_floor_usage":[16,18,22,24,28,33,35,42,46,48,50,50,50],"damage_taken":[{"damage":7,"enemies":"Jaw Worm","floor":1,"turns":6},{"damage":7,"enemies":"Small Slimes","floor":2,"turns":4},{"damage":0,"enemies":"2 Louse","floor":3,"turns":4},{"damage":0,"enemies":"Blue Slaver","floor":5,"turns":5},{"damage":13,"enemies":"Exordium Wildlife","floor":7,"turns":5},{"damage":7,"enemies":"The Mushroom Lair","floor":11,"turns":3},{"damage":1,"enemies":"Lots of Slimes","floor":12,"turns":2},{"damage":5,"enemies":"3 Louse","floor":14,"turns":3},{"damage":0,"enemies":"Hexaghost","floor":16,"turns":8},{"damage":19,"enemies":"2 Thieves","floor":18,"turns":4},{"damage":0,"enemies":"Shell Parasite","floor":22,"turns":5},{"damage":12,"enemies":"Slavers","floor":24,"turns":5},{"damage":23,"enemies":"Centurion and Healer","floor":25,"turns":9},{"damage":0,"enemies":"Masked Bandits","floor":28,"turns":3},{"damage":0,"enemies":"3 Cultists","floor":30,"turns":5},{"damage":0,"enemies":"Chosen and Byrds","floor":31,"turns":6},{"damage":0,"enemies":"Collector","floor":33,"turns":9},{"damage":0,"enemies":"3 Shapes","floor":35,"turns":5},{"damage":16,"enemies":"2 Orb Walkers","floor":42,"turns":8},{"damage":4,"enemies":"Orb Walker","floor":46,"turns":5},{"damage":9,"enemies":"4 Shapes","floor":47,"turns":4},{"damage":29,"enemies":"Spire Growth","floor":48,"turns":6},{"damage":31,"enemies":"Awakened One","floor":50,"turns":23}],"seed_played":"-9055533717973573553","potions_obtained":[{"floor":2,"key":"SpeedPotion"},{"floor":5,"key":"Explosive Potion"},{"floor":14,"key":"Block Potion"},{"floor":33,"key":"SkillPotion"},{"floor":35,"key":"AttackPotion"}],"is_trial":false,"path_per_floor":["M","M","M","?","M","R","M","R","T","R","?","M","$","M","R","B",null,"M","?","$","?","M","R","E","M","T","R","?","$","M","M","R","B",null,"M","?","$","$","T","R","?","?","T","R","?","M","M","M","R","B",null],"character_chosen":"THE_SILENT","items_purchased":["Footwork","Burst","Bronze Scales","Bandage Up","Omamori"],"campfire_rested":3,"item_purchase_floors":[13,13,29,29,38],"current_hp_per_floor":[63,56,56,49,49,49,36,36,36,36,29,28,28,23,23,23,70,51,51,51,51,51,51,39,16,16,37,37,37,41,45,45,49,70,70,61,61,61,61,61,61,49,49,70,65,65,60,39,60,33],"gold":124,"neow_bonus":"HUNDRED_GOLD","is_prod":false,"is_daily":false,"chose_seed":false,"campfire_upgraded":7,"win_rate":0,"timestamp":1542906813,"path_taken":["M","M","M","?","M","R","M","R","T","R","?","M","$","M","R","BOSS","M","?","$","?","M","R","E","M","T","R","?","?","?","?","R","BOSS","M","?","?","$","?","R","?","?","T","R","?","M","M","?","R","BOSS"],"build_version":"2018-11-15","purchased_purges":4,"victory":true,"max_hp_per_floor":[70,70,70,70,70,70,70,70,70,70,70,70,70,70,70,70,70,70,70,70,70,70,70,70,70,70,70,70,70,70,70,70,70,70,70,70,70,70,70,70,70,70,70,70,70,70,70,70,70,70],"card_choices":[{"not_picked":["Outmaneuver","Dodge and Roll"],"picked":"Deadly Poison","floor":1},{"not_picked":["Underhanded Strike","Endless Agony"],"picked":"Crippling Poison","floor":2},{"not_picked":["Dodge and Roll","Dagger Spray"],"picked":"Bouncing Flask","floor":3},{"not_picked":["Cloak And Dagger","Setup"],"picked":"Distraction","floor":5},{"not_picked":["Quick Slash","Sucker Punch","Expertise"],"picked":"SKIP","floor":7},{"not_picked":["Flechettes","Cloak And Dagger"],"picked":"Poisoned Stab","floor":11},{"not_picked":["Deflect","Outmaneuver","Dagger Spray"],"picked":"SKIP","floor":12},{"not_picked":["Flying Knee","Terror"],"picked":"Venomology","floor":14},{"not_picked":["Corpse Explosion","Glass Knife"],"picked":"Malaise","floor":16},{"not_picked":["Outmaneuver","Endless Agony"],"picked":"PiercingWail","floor":18},{"not_picked":["Dagger Spray","Burst","Slice"],"picked":"SKIP","floor":22},{"not_picked":["Bane","Quick Slash"],"picked":"Backstab","floor":24},{"not_picked":["Concentrate","Dagger Spray","Blade Dance+1"],"picked":"SKIP","floor":25},{"not_picked":["Expertise","Underhanded Strike+1"],"picked":"Footwork+1","floor":28},{"not_picked":["Dagger Spray","Sucker Punch","Slice"],"picked":"SKIP","floor":30},{"not_picked":["Expertise","Outmaneuver+1","Dagger Spray"],"picked":"SKIP","floor":31},{"not_picked":["Envenom","Doppelganger"],"picked":"Wraith Form v2","floor":33},{"not_picked":["Concentrate","Deflect","Sucker Punch+1"],"picked":"SKIP","floor":35},{"not_picked":["Panache","Finesse","Master of Strategy"],"picked":"Dark Shackles","floor":45},{"not_picked":["Poisoned Stab","Sucker Punch+1","Infinite Blades"],"picked":"All Out Attack+1","floor":46},{"not_picked":["Deflect+1","Finisher+1","Dagger Spray+1","Terror+1"],"picked":"SKIP","floor":47},{"not_picked":["Sucker Punch","Acrobatics","Underhanded Strike","Flying Knee+1"],"picked":"SKIP","floor":48}],"player_experience":408061,"relics_obtained":[{"floor":9,"key":"Smiling Mask"},{"floor":11,"key":"Odd Mushroom"},{"floor":24,"key":"Centennial Puzzle"},{"floor":26,"key":"Ancient Tea Set"},{"floor":28,"key":"Red Mask"},{"floor":39,"key":"Gremlin Horn"},{"floor":42,"key":"Torii"},{"floor":43,"key":"Question Card"}],"event_choices":[{"cards_removed":["Strike_G"],"damage_healed":0,"gold_gain":0,"player_choice":"Card Removal","damage_taken":7,"max_hp_gain":0,"max_hp_loss":0,"event_name":"Golden Wing","floor":4,"gold_loss":0},{"damage_healed":0,"gold_gain":0,"player_choice":"Fought Mushrooms","damage_taken":0,"max_hp_gain":0,"max_hp_loss":0,"event_name":"Mushrooms","floor":11,"gold_loss":0},{"damage_healed":0,"gold_gain":0,"player_choice":"Opened","damage_taken":0,"relics_obtained":["Boot"],"max_hp_gain":0,"max_hp_loss":0,"event_name":"The Mausoleum","floor":19,"gold_loss":0,"cards_obtained":["Writhe"]},{"damage_healed":0,"gold_gain":0,"player_choice":"Simplicity","damage_taken":0,"max_hp_gain":0,"max_hp_loss":0,"event_name":"Back to Basics","floor":21,"gold_loss":0,"cards_upgraded":["Defend_G","Defend_G","Defend_G","Defend_G","Defend_G","Strike_G","Strike_G","Strike_G"]},{"damage_healed":0,"gold_gain":0,"player_choice":"Fought Bandits","damage_taken":0,"max_hp_gain":0,"max_hp_loss":0,"event_name":"Masked Bandits","floor":28,"gold_loss":0},{"damage_healed":0,"gold_gain":0,"player_choice":"Embrace Madness","damage_taken":9,"max_hp_gain":0,"max_hp_loss":0,"event_name":"Winding Halls","floor":36,"gold_loss":0,"cards_obtained":["Madness","Madness"]},{"cards_removed":["Poisoned Stab"],"damage_healed":0,"gold_gain":0,"player_choice":"Removed Attack","damage_taken":0,"max_hp_gain":0,"max_hp_loss":0,"event_name":"Falling","floor":41,"gold_loss":0},{"damage_healed":0,"gold_gain":0,"player_choice":"Fight","damage_taken":0,"max_hp_gain":0,"max_hp_loss":0,"event_name":"Mysterious Sphere","floor":42,"gold_loss":0},{"damage_healed":0,"gold_gain":0,"player_choice":"Memory 2","damage_taken":5,"max_hp_gain":0,"max_hp_loss":0,"event_name":"SensoryStone","floor":45,"gold_loss":0}],"is_beta":true,"boss_relics":[{"not_picked":["Calling Bell","HoveringKite"],"picked":"Velvet Choker"},{"not_picked":["WristBlade","Empty Cage"],"picked":"Cursed Key"}],"items_purged_floors":[13,20,29,37],"is_endless":false,"potions_floor_spawned":[2,5,14,16,28,30,31,33,35,46,48],"ascension_level":4}