{"gold_per_floor":[119,137,154,164,175,175,209,209,209,219,236,268,268,284,284,381,381,398,398,229,246,262,279,279,291,369,401,412,430,450,468,468,566,566,576,595,595,614,614,614,836,856,856,206,222,222,233,243,243,243],"floor_reached":51,"playtime":1794,"items_purged":["Defend_R","Defend_R"],"score":723,"play_id":"a7a8adff-5558-4a44-bf47-662c27cc08f0","local_time":"20181002220334","is_ascension_mode":false,"campfire_choices":[{"data":"Seeing Red","floor":6,"key":"SMITH"},{"data":"Clash","floor":8,"key":"SMITH"},{"data":"Heavy Blade","floor":13,"key":"SMITH"},{"data":"Inflame","floor":15,"key":"SMITH"},{"floor":32,"key":"REST"},{"floor":40,"key":"REST"},{"data":"Limit Break","floor":46,"key":"SMITH"},{"floor":49,"key":"REST"}],"neow_cost":"NONE","seed_source_timestamp":95541533115409,"circlet_count":0,"master_deck":["Strike_R","Strike_R","Strike_R","Strike_R","Strike_R","Defend_R","Bash","Twin Strike","Cleave","Seeing Red+1","Twin Strike","Inflame+1","Clash+1","Inflame","Heavy Blade+1","Cleave","Demon Form","Heavy Blade","Flex","Clash","Inflame+1","Limit Break","Flex+1","Limit Break+1","Clash+1"],"relics":["Burning Blood","Red Skull","Vajra","Pear","Meat on the Bone","Velvet Choker","MutagenicStrength","Frozen Egg 2","Red Mask","Runic Dome","Incense Burner","Anchor","Self Forming Clay"],"potions_floor_usage":[5,12,16,23,27,29,33,33,42],"damage_taken":[{"damage":10,"enemies":"Jaw Worm","floor":1,"turns":4},{"damage":5,"enemies":"Small Slimes","floor":2,"turns":4},{"damage":6,"enemies":"Cultist","floor":3,"turns":3},{"damage":11,"enemies":"Lots of Slimes","floor":4,"turns":3},{"damage":4,"enemies":"Exordium Wildlife","floor":5,"turns":2},{"damage":22,"enemies":"3 Sentries","floor":7,"turns":6},{"damage":7,"enemies":"Blue Slaver","floor":10,"turns":2},{"damage":6,"enemies":"Gremlin Gang","floor":11,"turns":3},{"damage":6,"enemies":"Gremlin Nob","floor":12,"turns":3},{"damage":0,"enemies":"Large Slime","floor":14,"turns":2},{"damage":35,"enemies":"Slime Boss","floor":16,"turns":4},{"damage":23,"enemies":"3 Byrds","floor":18,"turns":4},{"damage":20,"enemies":"2 Thieves","floor":21,"turns":3},{"damage":8,"enemies":"Snecko","floor":22,"turns":3},{"damage":32,"enemies":"Snake Plant","floor":23,"turns":4},{"damage":0,"enemies":"Sentry and Sphere","floor":25,"turns":2},{"damage":16,"enemies":"Masked Bandits","floor":27,"turns":3},{"damage":10,"enemies":"3 Cultists","floor":28,"turns":4},{"damage":10,"enemies":"Centurion and Healer","floor":29,"turns":3},{"damage":20,"enemies":"Snecko","floor":30,"turns":4},{"damage":15,"enemies":"Snake Plant","floor":31,"turns":2},{"damage":42,"enemies":"Automaton","floor":33,"turns":6},{"damage":46,"enemies":"3 Darklings","floor":35,"turns":5},{"damage":7,"enemies":"3 Shapes","floor":36,"turns":3},{"damage":18,"enemies":"Maw","floor":38,"turns":5},{"damage":16,"enemies":"Spire Growth","floor":42,"turns":3},{"damage":10,"enemies":"3 Darklings","floor":45,"turns":3},{"damage":2,"enemies":"Reptomancer","floor":47,"turns":2},{"damage":32,"enemies":"Spire Growth","floor":48,"turns":3},{"damage":33,"enemies":"Time Eater","floor":50,"turns":5}],"seed_played":"-7195886047080922635","potions_obtained":[{"floor":2,"key":"Fire Potion"},{"floor":3,"key":"Dexterity Potion"},{"floor":10,"key":"Regen Potion"},{"floor":11,"key":"Fruit Juice"},{"floor":12,"key":"Regen Potion"},{"floor":14,"key":"AttackPotion"},{"floor":22,"key":"SkillPotion"},{"floor":23,"key":"Swift Potion"},{"floor":31,"key":"Ancient Potion"},{"floor":38,"key":"Weak Potion"},{"floor":48,"key":"GamblersBrew"}],"is_trial":false,"path_per_floor":["M","M","M","M","M","R","E","R","T","M","M","E","R","M","R","B",null,"M","?","$","M","M","M","?","M","T","?","M","M","M","M","R","B",null,"M","M","?","M","?","R","?","M","T","$","M","R","M","M","R","B"],"character_chosen":"IRONCLAD","items_purchased":["Heavy Blade","Flex","Anchor","Self Forming Clay","Limit Break"],"campfire_rested":3,"item_purchase_floors":[20,20,44,44,44],"current_hp_per_floor":[76,77,77,72,74,74,58,58,68,67,67,72,72,78,78,61,95,78,78,78,64,62,48,48,54,54,61,57,58,56,59,87,63,95,55,54,54,54,54,82,82,72,72,72,68,68,72,58,86,59],"gold":243,"neow_bonus":"RANDOM_COMMON_RELIC","is_prod":false,"is_daily":false,"chose_seed":false,"campfire_upgraded":5,"win_rate":0,"timestamp":1538532214,"path_taken":["M","M","M","M","M","R","E","R","T","M","M","E","R","M","R","BOSS","M","?","$","?","M","M","?","M","T","?","?","M","?","M","R","BOSS","M","M","?","M","?","R","?","M","T","$","M","R","?","M","R","BOSS"],"build_version":"2018-09-27","purchased_purges":2,"victory":true,"max_hp_per_floor":[80,80,80,80,80,80,80,80,90,90,90,95,95,95,95,95,95,95,95,95,95,95,95,95,95,95,95,95,95,95,95,95,95,95,95,95,95,95,95,95,95,95,95,95,95,95,95,95,95,95],"card_choices":[{"not_picked":["Flex","Power Through"],"picked":"Twin Strike","floor":1},{"not_picked":["Evolve","Shrug It Off"],"picked":"Cleave","floor":2},{"not_picked":["Pommel Strike","Sword Boomerang"],"picked":"Seeing Red","floor":3},{"not_picked":["Heavy Blade","Rage"],"picked":"Twin Strike","floor":4},{"not_picked":["Blood for Blood","Body Slam"],"picked":"Inflame","floor":5},{"not_picked":["Flex","Armaments"],"picked":"Clash","floor":7},{"not_picked":["Sever Soul","Shockwave"],"picked":"Inflame","floor":10},{"not_picked":["Perfected Strike","Exhume"],"picked":"Heavy Blade","floor":11},{"not_picked":["Iron Wave","Headbutt"],"picked":"Cleave","floor":12},{"not_picked":["Headbutt","Thunderclap","Wild Strike"],"picked":"SKIP","floor":14},{"not_picked":["Feed","Impervious"],"picked":"Demon Form","floor":16},{"not_picked":["Warcry+1","Havoc","Sword Boomerang"],"picked":"SKIP","floor":18},{"not_picked":["Uppercut","Shockwave","Anger"],"picked":"SKIP","floor":21},{"not_picked":["Havoc","Rupture","Perfected Strike"],"picked":"SKIP","floor":22},{"not_picked":["Intimidate","Armaments"],"picked":"Clash","floor":23},{"not_picked":["Ghostly Armor","Perfected Strike+1","Hemokinesis"],"picked":"SKIP","floor":25},{"not_picked":["Uppercut","Intimidate"],"picked":"Inflame+1","floor":28},{"not_picked":["Perfected Strike","Corruption+1","Power Through"],"picked":"SKIP","floor":29},{"not_picked":["Rampage","Blood for Blood","Perfected Strike"],"picked":"SKIP","floor":30},{"not_picked":["Evolve+1","Rage+1","Clothesline"],"picked":"SKIP","floor":31},{"not_picked":["Juggernaut+1","Offering"],"picked":"Limit Break","floor":33},{"not_picked":["Intimidate","Wild Strike","Iron Wave"],"picked":"SKIP","floor":35},{"not_picked":["Hemokinesis+1","Sword Boomerang+1","Power Through+1"],"picked":"SKIP","floor":36},{"not_picked":["Flex","Pommel Strike+1","Body Slam+1"],"picked":"SKIP","floor":38},{"not_picked":["Rampage+1","Warcry"],"picked":"Flex+1","floor":42},{"not_picked":["Pommel Strike","Rage"],"picked":"Clash+1","floor":45},{"not_picked":["Power Through+1","Double Tap","Infernal Blade"],"picked":"SKIP","floor":47},{"not_picked":["Armaments+1","Flex+1","Uppercut+1"],"picked":"SKIP","floor":48}],"player_experience":162911,"relics_obtained":[{"floor":7,"key":"Vajra"},{"floor":9,"key":"Pear"},{"floor":12,"key":"Meat on the Bone"},{"floor":26,"key":"Frozen Egg 2"},{"floor":27,"key":"Red Mask"},{"floor":43,"key":"Incense Burner"}],"event_choices":[{"event_name":"The Mausoleum","player_choice":"No","floor":19,"damage_taken":0},{"event_name":"Drug Dealer","player_choice":"Inject Mutagens","floor":24,"damage_taken":0},{"event_name":"Masked Bandits","player_choice":"Fought Bandits","floor":27,"damage_taken":0},{"event_name":"Mysterious Sphere","player_choice":"Ignore","floor":37,"damage_taken":0},{"event_name":"Falling","player_choice":"Removed Skill","floor":39,"damage_taken":0},{"event_name":"Tomb of Lord Red Mask","player_choice":"Wore Mask","floor":41,"damage_taken":0}],"is_beta":false,"boss_relics":[{"not_picked":["Runic Cube","Tiny House"],"picked":"Velvet Choker"},{"not_picked":["Orrery","Philosopher\u0027s Stone"],"picked":"Runic Dome"}],"items_purged_floors":[20,44],"is_endless":false,"potions_floor_spawned":[2,3,10,11,12,14,22,23,25,31,38,48],"ascension_level":0}