{"gold_per_floor":[113,130,130,11,11,11,11,41,41,41,41,51,16,44,44,115,115,129,129,148,148],"floor_reached":21,"playtime":730,"items_purged":["Regret"],"score":378,"play_id":"aa6c42f6-d724-47cf-bd38-19879e72c61c","local_time":"20190116095310","is_ascension_mode":true,"campfire_choices":[{"data":"Zap","floor":6,"key":"SMITH"},{"data":"Defragment","floor":11,"key":"SMITH"},{"data":"Static Discharge","floor":15,"key":"SMITH"}],"neow_cost":"NONE","seed_source_timestamp":494986493921500,"circlet_count":0,"master_deck":["AscendersBane","Strike_B","Strike_B","Strike_B","Strike_B","Defend_B","Defend_B","Defend_B","Defend_B","Zap+1","Dualcast","Storm","Conserve Battery","Static Discharge+1","Defragment+1","Coolheaded","Machine Learning","Seek","Steam Power+1"],"relics":["Cracked Core","NeowsBlessing","Pen Nib","Dodecahedron","Bottled Lightning","Bag of Marbles","Bottled Flame","Inserter","Enchiridion"],"potions_floor_usage":[16,20],"damage_taken":[{"damage":0,"enemies":"Small Slimes","floor":1,"turns":1},{"damage":0,"enemies":"Jaw Worm","floor":2,"turns":1},{"damage":0,"enemies":"Gremlin Nob","floor":8,"turns":1},{"damage":0,"enemies":"2 Louse","floor":12,"turns":2},{"damage":12,"enemies":"3 Sentries","floor":14,"turns":4},{"damage":28,"enemies":"Hexaghost","floor":16,"turns":11},{"damage":2,"enemies":"Spheric Guardian","floor":18,"turns":3},{"damage":25,"enemies":"3 Byrds","floor":20,"turns":2},{"damage":13,"enemies":"Centurion and Healer","floor":21,"turns":2}],"seed_played":"4600987583915972678","potions_obtained":[{"floor":2,"key":"Dexterity Potion"},{"floor":16,"key":"PowerPotion"},{"floor":20,"key":"LiquidBronze"}],"is_trial":false,"path_per_floor":["M","M","?","$","?","R","?","E","T","$","R","M","?","E","R","B",null,"M","?","M","M"],"character_chosen":"DEFECT","items_purchased":["Static Discharge"],"campfire_rested":0,"item_purchase_floors":[4],"current_hp_per_floor":[64,64,64,64,64,64,59,59,59,59,59,59,71,59,59,31,61,59,38,13,0],"gold":148,"neow_bonus":"THREE_ENEMY_KILL","is_prod":false,"is_daily":false,"chose_seed":false,"campfire_upgraded":3,"win_rate":0,"timestamp":1547661190,"path_taken":["M","M","?","$","?","R","?","E","T","$","R","M","?","E","R","BOSS","M","?","M","M"],"build_version":"2019-01-10","purchased_purges":1,"victory":false,"max_hp_per_floor":[71,71,71,71,71,71,71,71,71,71,71,71,71,71,71,71,71,71,71,71,71],"card_choices":[{"not_picked":["Beam Cell","Streamline"],"picked":"Storm","floor":1},{"not_picked":["Hello World","Beam Cell"],"picked":"Conserve Battery","floor":2},{"not_picked":["Fusion","Darkness"],"picked":"Defragment","floor":8},{"not_picked":["Aggregate","Auto Shields"],"picked":"Coolheaded","floor":12},{"not_picked":["Gash","Stack"],"picked":"Machine Learning","floor":14},{"not_picked":["All For One","Reboot"],"picked":"Seek","floor":16},{"not_picked":["Stack","Turbo"],"picked":"Steam Power+1","floor":18},{"not_picked":["Melter","Undo+1","Beam Cell"],"picked":"SKIP","floor":20}],"player_experience":493917,"relics_obtained":[{"floor":8,"key":"Bottled Lightning"},{"floor":9,"key":"Bag of Marbles"},{"floor":14,"key":"Bottled Flame"},{"floor":19,"key":"Enchiridion"}],"event_choices":[{"damage_healed":0,"gold_gain":0,"player_choice":"Box","damage_taken":0,"relics_obtained":["Pen Nib"],"max_hp_gain":0,"max_hp_loss":0,"event_name":"Big Fish","floor":3,"gold_loss":0,"cards_obtained":["Regret"]},{"damage_healed":0,"gold_gain":0,"player_choice":"Ignored","damage_taken":0,"max_hp_gain":0,"max_hp_loss":0,"event_name":"Liars Game","floor":5,"gold_loss":0},{"damage_healed":0,"gold_gain":0,"player_choice":"Success","damage_taken":5,"relics_obtained":["Dodecahedron"],"max_hp_gain":0,"max_hp_loss":0,"event_name":"Scrap Ooze","floor":7,"gold_loss":0},{"damage_healed":17,"gold_gain":0,"player_choice":"Healed","damage_taken":0,"max_hp_gain":0,"max_hp_loss":0,"event_name":"The Cleric","floor":13,"gold_loss":35},{"damage_healed":0,"gold_gain":0,"player_choice":"Obtained Book","damage_taken":21,"max_hp_gain":0,"max_hp_loss":0,"event_name":"Cursed Tome","floor":19,"gold_loss":0}],"is_beta":false,"boss_relics":[{"not_picked":["Runic Pyramid","Busted Crown"],"picked":"Inserter"}],"items_purged_floors":[4],"is_endless":false,"potions_floor_spawned":[2,16,20],"killed_by":"Centurion and Healer","ascension_level":16}