{"gold_per_floor":[109,121,71,146,15,41,53,53,53,53,67,97,9,25,25,130,130,118,132,132,57,57,57,57,57,108,108,108,108,127,140,140,140],"floor_reached":33,"playtime":1674,"items_purged":["Writhe"],"score":392,"play_id":"fb83d0f6-39bf-4990-936f-6c5304e80d49","local_time":"20190307023713","is_ascension_mode":true,"campfire_choices":[{"data":"True Grit","floor":8,"key":"SMITH"},{"data":"Bash","floor":10,"key":"SMITH"},{"data":"Metallicize","floor":15,"key":"SMITH"},{"data":"Uppercut","floor":23,"key":"SMITH"},{"data":"Pommel Strike","floor":25,"key":"SMITH"},{"data":"Berserk","floor":27,"key":"SMITH"},{"floor":28,"key":"DIG"},{"floor":29,"key":"DIG"},{"floor":32,"key":"REST"}],"neow_cost":"NONE","seed_source_timestamp":2275860295120,"circlet_count":0,"master_deck":["AscendersBane","Strike_R","Strike_R","Strike_R","Strike_R+1","Defend_R","Defend_R","Defend_R","Bash+1","Rampage+1","True Grit+1","Metallicize+1","Pommel Strike+1","Shrug It Off","Berserk+1","Bandage Up","Offering","Uppercut+1"],"relics":["Black Blood","Torii","Shovel","WingedGreaves","Blue Candle","MutagenicStrength","Whetstone","Smiling Mask","Letter Opener"],"potions_floor_usage":[6,12,12,16,33,33],"damage_taken":[{"damage":4,"enemies":"Jaw Worm","floor":1,"turns":4},{"damage":11,"enemies":"Small Slimes","floor":2,"turns":4},{"damage":6,"enemies":"3 Sentries","floor":6,"turns":9},{"damage":0,"enemies":"Cultist","floor":7,"turns":3},{"damage":7,"enemies":"2 Fungi Beasts","floor":11,"turns":4},{"damage":15,"enemies":"Lagavulin","floor":12,"turns":7},{"damage":12,"enemies":"Exordium Wildlife","floor":14,"turns":6},{"damage":63,"enemies":"The Guardian","floor":16,"turns":11},{"damage":34,"enemies":"2 Thieves","floor":18,"turns":4},{"damage":7,"enemies":"Shell Parasite","floor":19,"turns":9},{"damage":16,"enemies":"3 Cultists","floor":30,"turns":6},{"damage":31,"enemies":"Sentry and Sphere","floor":31,"turns":6},{"damage":101,"enemies":"Champ","floor":33,"turns":11}],"seed_played":"1785972708288825796","potions_obtained":[{"floor":1,"key":"Weak Potion"},{"floor":11,"key":"FearPotion"},{"floor":14,"key":"Regen Potion"},{"floor":19,"key":"BloodPotion"},{"floor":31,"key":"FearPotion"}],"is_trial":false,"path_per_floor":["M","M","?","?","$","E","M","R","T","R","M","E","$","M","R","B",null,"M","M","?","$","?","R","?","R","T","R","R","R","M","M","R","B"],"character_chosen":"IRONCLAD","items_purchased":["Metallicize","Fire Potion","Bandage Up"],"campfire_rested":1,"item_purchase_floors":[5,5,13],"current_hp_per_floor":[74,69,69,58,58,58,64,64,64,64,63,54,54,52,52,14,64,44,51,51,51,77,77,77,77,77,77,77,77,74,57,80,0],"gold":140,"neow_bonus":"REMOVE_CARD","is_prod":false,"is_daily":false,"chose_seed":false,"campfire_upgraded":6,"win_rate":0,"timestamp":1551947833,"path_taken":["M","M","?","?","$","E","M","R","T","R","M","E","?","M","R","BOSS","M","M","?","$","?","R","?","R","T","R","R","R","M","?","R","BOSS"],"build_version":"2019-01-23","purchased_purges":1,"victory":false,"max_hp_per_floor":[80,80,80,80,80,80,80,80,80,80,80,80,80,80,80,80,80,80,80,80,80,80,80,80,80,80,80,80,80,80,80,80,80],"card_choices":[{"not_picked":["Entrench","Heavy Blade"],"picked":"Rampage","floor":1},{"not_picked":["Thunderclap","Whirlwind"],"picked":"True Grit","floor":2},{"not_picked":["Anger","Fiend Fire"],"picked":"Pommel Strike","floor":6},{"not_picked":["Cleave","Body Slam","Sword Boomerang"],"picked":"SKIP","floor":7},{"not_picked":["Heavy Blade","Cleave"],"picked":"Shrug It Off","floor":11},{"not_picked":["Headbutt","Shrug It Off"],"picked":"Berserk","floor":12},{"not_picked":["Corruption","Carnage","Armaments"],"picked":"SKIP","floor":14},{"not_picked":["Feed","Reaper"],"picked":"Offering","floor":16},{"not_picked":["Clothesline","Pommel Strike"],"picked":"Uppercut","floor":18},{"not_picked":["Armaments","Sword Boomerang","Clash"],"picked":"SKIP","floor":19},{"not_picked":["Armaments+1","Impervious","Sword Boomerang"],"picked":"SKIP","floor":30},{"not_picked":["Iron Wave","Dual Wield","Perfected Strike+1"],"picked":"SKIP","floor":31}],"player_experience":241498,"relics_obtained":[{"floor":6,"key":"Torii"},{"floor":9,"key":"Shovel"},{"floor":12,"key":"WingedGreaves"},{"floor":26,"key":"Whetstone"},{"floor":28,"key":"Smiling Mask"},{"floor":29,"key":"Letter Opener"}],"event_choices":[{"cards_removed":["Defend_R"],"damage_healed":0,"gold_gain":0,"player_choice":"Card Removal","damage_taken":0,"max_hp_gain":0,"max_hp_loss":0,"event_name":"The Cleric","floor":3,"gold_loss":50},{"damage_healed":0,"gold_gain":75,"player_choice":"Gather Gold","damage_taken":11,"max_hp_gain":0,"max_hp_loss":0,"event_name":"World of Goop","floor":4,"gold_loss":0},{"damage_healed":0,"gold_gain":0,"player_choice":"Opened","damage_taken":0,"relics_obtained":["Blue Candle"],"max_hp_gain":0,"max_hp_loss":0,"event_name":"The Mausoleum","floor":20,"gold_loss":0,"cards_obtained":["Writhe"]},{"damage_healed":26,"gold_gain":0,"player_choice":"Heal","damage_taken":0,"max_hp_gain":0,"max_hp_loss":0,"event_name":"The Library","floor":22,"gold_loss":0},{"damage_healed":0,"gold_gain":0,"player_choice":"Inject Mutagens","damage_taken":0,"relics_obtained":["MutagenicStrength"],"max_hp_gain":0,"max_hp_loss":0,"event_name":"Drug Dealer","floor":24,"gold_loss":0}],"is_beta":false,"boss_relics":[{"not_picked":["Velvet Choker","Black Star"],"picked":"Black Blood"}],"items_purged_floors":[21],"is_endless":false,"potions_floor_spawned":[1,11,14,19,31],"killed_by":"Champ","ascension_level":11}