{"gold_per_floor":[110,110,35,45,45,76,87,107,182,217,230,264,264,294,294,395,395,409,162,181,181,200,200,210,265,343,368,368,368,293,322,322,423,423,433,433,452,503,54,89,104,134,134,144,156,156,156,170,170,170,170,170,69,98,98],"floor_reached":56,"playtime":22073,"items_purged":["Strike_G","Doppelganger"],"score":1535,"play_id":"cd2241f5-82ba-4ee8-a518-d88398b24e4c","local_time":"20190226113557","is_ascension_mode":true,"campfire_choices":[{"data":"Prepared","floor":15.0,"key":"SMITH"},{"data":"Infinite Blades","floor":23.0,"key":"SMITH"},{"data":"After Image","floor":28.0,"key":"SMITH"},{"floor":32.0,"key":"REST"},{"data":"After Image","floor":47.0,"key":"SMITH"},{"floor":49,"key":"RECALL"},{"data":"Burst","floor":52,"key":"SMITH"}],"neow_cost":"NONE","seed_source_timestamp":0,"circlet_count":0,"master_deck":["Survivor","Neutralize+1","Infinite Blades+1","Poisoned Stab","Terror","Poisoned Stab","Heel Hook","Blur","Backflip","Prepared+1","After Image+1","Envenom","Doppelganger","Calculated Gamble","Burst+1","Endless Agony","After Image+1","Prepared","Footwork","Infinite Blades+1","Finisher","Backflip","Adrenaline","Madness","Madness","Corpse Explosion","Footwork+1","Expertise+1","Accuracy+1","Catalyst+1","Venomology","Prepared+1"],"special_seed":0,"relics":["Ring of the Snake","NeowsBlessing","StoneCalendar","Mummified Hand","Centennial Puzzle","Juzu Bracelet","Kunai","Pandora\u0027s Box","Vajra","Tiny Chest","Paper Crane","Lantern","Red Mask","Lizard Tail","Mango","Chemical X","Sundial","Art of War","Strawberry","Bottled Tornado"],"potions_floor_usage":[50,50,54,54],"damage_taken":[{"damage":0.0,"enemies":"Jaw Worm","floor":1.0,"turns":1.0},{"damage":0.0,"enemies":"2 Louse","floor":4.0,"turns":1.0},{"damage":0.0,"enemies":"3 Sentries","floor":6.0,"turns":1.0},{"damage":2.0,"enemies":"Small Slimes","floor":7.0,"turns":4.0},{"damage":0.0,"enemies":"Blue Slaver","floor":8.0,"turns":4.0},{"damage":18.0,"enemies":"Lagavulin","floor":10.0,"turns":6.0},{"damage":3.0,"enemies":"3 Louse","floor":11.0,"turns":3.0},{"damage":2.0,"enemies":"Gremlin Nob","floor":12.0,"turns":4.0},{"damage":0.0,"enemies":"Lagavulin","floor":14.0,"turns":7.0},{"damage":0.0,"enemies":"Slime Boss","floor":16.0,"turns":9.0},{"damage":0.0,"enemies":"3 Byrds","floor":18.0,"turns":6.0},{"damage":0.0,"enemies":"Chosen","floor":20.0,"turns":4.0},{"damage":3.0,"enemies":"Sentry and Sphere","floor":22.0,"turns":7.0},{"damage":0.0,"enemies":"3 Cultists","floor":24.0,"turns":6.0},{"damage":0.0,"enemies":"Gremlin Leader","floor":25.0,"turns":7.0},{"damage":34.0,"enemies":"Slavers","floor":27.0,"turns":5.0},{"damage":3.0,"enemies":"Masked Bandits","floor":31.0,"turns":6.0},{"damage":0.0,"enemies":"Automaton","floor":33.0,"turns":11.0},{"damage":0.0,"enemies":"3 Shapes","floor":35.0,"turns":4.0},{"damage":1.0,"enemies":"Orb Walker","floor":37.0,"turns":3.0},{"damage":0.0,"enemies":"2 Orb Walkers","floor":38.0,"turns":5.0},{"damage":3.0,"enemies":"Nemesis","floor":40.0,"turns":7.0},{"damage":0.0,"enemies":"3 Darklings","floor":41.0,"turns":4.0},{"damage":0.0,"enemies":"Reptomancer","floor":42.0,"turns":7.0},{"damage":3.0,"enemies":"Spire Growth","floor":44.0,"turns":3.0},{"damage":0.0,"enemies":"Jaw Worm Horde","floor":45.0,"turns":3.0},{"damage":0,"enemies":"Sphere and 2 Shapes","floor":48,"turns":4},{"damage":1,"enemies":"Awakened One","floor":50,"turns":14},{"damage":1,"enemies":"Shield and Spear","floor":54,"turns":4},{"damage":1,"enemies":"The Heart","floor":55,"turns":9}],"seed_played":"9046409940106298800","potions_obtained":[{"floor":7.0,"key":"Weak Potion"},{"floor":8.0,"key":"Strength Potion"},{"floor":14.0,"key":"Poison Potion"},{"floor":16.0,"key":"Swift Potion"},{"floor":18.0,"key":"Fire Potion"},{"floor":20.0,"key":"Fire Potion"},{"floor":27.0,"key":"LiquidBronze"},{"floor":33.0,"key":"GhostInAJar"},{"floor":35.0,"key":"Explosive Potion"},{"floor":38.0,"key":"Ancient Potion"},{"floor":45.0,"key":"Poison Potion"}],"is_trial":false,"path_per_floor":["M","?","$","M","$","E","M","M","T","E","M","E","?","E","R","B",null,"M","$","M","?","M","R","M","E","T","E","R","?","?","?","R","B",null,"M","?","M","?","$","E","M","E","T","M","M","$","R","M","R","B",null,"R","$","E","B",null],"character_chosen":"THE_SILENT","items_purchased":["Vajra","Chemical X","Sundial","SkillPotion","SteroidPotion"],"campfire_rested":1,"item_purchase_floors":[19,39,39,53,53],"current_hp_per_floor":[70,56,56,56,56,56,54,54,54,36,33,31,31,31,31,31,70,70,70,70,70,67,67,67,67,67,33,33,17,17,14,35,35,70,70,61,60,74,74,71,71,78,78,75,75,75,75,75,75,74,91,91,91,90,89],"gold":98,"neow_bonus":"THREE_ENEMY_KILL","is_prod":false,"is_daily":false,"chose_seed":false,"campfire_upgraded":5,"win_rate":0,"timestamp":1551180957,"path_taken":["M","?","$","M","$","E","M","M","T","E","M","E","?","E","R","BOSS","M","$","M","?","M","R","M","E","T","E","R","?","?","?","R","BOSS","M","?","M","?","$","E","M","E","T","M","M","?","R","M","R","BOSS","R","$","E","BOSS"],"build_version":"2019-01-23","purchased_purges":2,"victory":true,"max_hp_per_floor":[70,70,70,70,70,70,70,70,70,70,70,70,70,70,70,70,70,70,70,70,70,70,70,70,70,70,70,70,70,70,70,70,70,70,70,70,70,84,84,84,84,91,91,91,91,91,91,91,91,91,91,91,91,91,91],"card_choices":[{"not_picked":["Blade Dance","Dagger Spray"],"picked":"Infinite Blades","floor":1.0},{"not_picked":["Reflex","Choke","Quick Slash"],"picked":"SKIP","floor":4.0},{"not_picked":["Endless Agony","Bane"],"picked":"Poisoned Stab","floor":6.0},{"not_picked":["Concentrate","Blade Dance"],"picked":"Terror","floor":7.0},{"not_picked":["Bane","Underhanded Strike"],"picked":"Poisoned Stab","floor":8.0},{"not_picked":["Dash","Endless Agony"],"picked":"Heel Hook","floor":10.0},{"not_picked":["Bane","Tactician"],"picked":"Blur","floor":11.0},{"not_picked":["Dagger Spray","Sucker Punch"],"picked":"Backflip","floor":12.0},{"not_picked":["Blade Dance","Expertise"],"picked":"Prepared","floor":14.0},{"not_picked":["Storm of Steel","Night Terror"],"picked":"After Image","floor":16.0},{"not_picked":["PiercingWail+1","Tactician","Deflect+1"],"picked":"SKIP","floor":18.0},{"not_picked":["Well Laid Plans","Quick Slash"],"picked":"Footwork","floor":20.0},{"not_picked":["PiercingWail","Cloak And Dagger"],"picked":"Infinite Blades+1","floor":22.0},{"not_picked":["Slice","Dagger Spray","Deadly Poison"],"picked":"SKIP","floor":24.0},{"not_picked":["After Image","PiercingWail"],"picked":"Finisher","floor":25.0},{"not_picked":["Underhanded Strike","Deflect"],"picked":"Backflip","floor":27.0},{"not_picked":["Wraith Form v2","Night Terror"],"picked":"Adrenaline","floor":33.0},{"not_picked":["Flying Knee","Dagger Throw","Bane"],"picked":"SKIP","floor":35.0},{"not_picked":["Dagger Spray","Flying Knee+1","Bane+1"],"picked":"SKIP","floor":37.0},{"not_picked":["Slice","Sucker Punch+1"],"picked":"Corpse Explosion","floor":38.0},{"not_picked":["Underhanded Strike+1","Cloak And Dagger"],"picked":"Footwork+1","floor":40.0},{"not_picked":["Prepared","Heel Hook+1"],"picked":"Expertise+1","floor":41.0},{"not_picked":["Backflip","Poisoned Stab+1"],"picked":"Accuracy+1","floor":42.0},{"not_picked":["Poisoned Stab+1","Flechettes","Deadly Poison+1"],"picked":"SKIP","floor":44.0},{"not_picked":["Heel Hook+1","Sucker Punch+1"],"picked":"Catalyst+1","floor":45.0},{"not_picked":["Dodge and Roll+1","Blade Dance"],"picked":"Venomology","floor":48},{"not_picked":["Slice+1","Dagger Spray"],"picked":"Prepared+1","floor":54}],"player_experience":453755,"relics_obtained":[{"floor":6.0,"key":"StoneCalendar"},{"floor":9.0,"key":"Mummified Hand"},{"floor":10.0,"key":"Centennial Puzzle"},{"floor":12.0,"key":"Juzu Bracelet"},{"floor":14.0,"key":"Kunai"},{"floor":25.0,"key":"Tiny Chest"},{"floor":26.0,"key":"Paper Crane"},{"floor":27.0,"key":"Lantern"},{"floor":31.0,"key":"Red Mask"},{"floor":38.0,"key":"Mango"},{"floor":40.0,"key":"Art of War"},{"floor":42.0,"key":"Strawberry"},{"floor":54,"key":"Bottled Tornado"}],"event_choices":[{"damage_healed":0.0,"max_hp_gain":0.0,"max_hp_loss":0.0,"gold_gain":0.0,"event_name":"Shining Light","player_choice":"Entered Light","floor":2.0,"gold_loss":0.0,"damage_taken":14.0,"cards_upgraded":["Neutralize","Strike_G"]},{"damage_healed":0.0,"max_hp_gain":0.0,"max_hp_loss":0.0,"gold_gain":0.0,"event_name":"Golden Wing","player_choice":"Ignored","floor":13.0,"gold_loss":0.0,"damage_taken":0.0},{"damage_healed":0.0,"max_hp_gain":0.0,"max_hp_loss":0.0,"gold_gain":0.0,"event_name":"Vampires","player_choice":"Ignored","floor":21.0,"gold_loss":0.0,"damage_taken":0.0},{"damage_healed":0.0,"max_hp_gain":0.0,"max_hp_loss":0.0,"gold_gain":0.0,"event_name":"Cursed Tome","player_choice":"Obtained Book","floor":29.0,"gold_loss":0.0,"damage_taken":16.0},{"cards_removed":["Distraction"],"damage_healed":0.0,"max_hp_gain":0.0,"max_hp_loss":0.0,"gold_gain":0.0,"event_name":"Beggar","player_choice":"Gave Gold","floor":30.0,"gold_loss":75.0,"damage_taken":0.0},{"damage_healed":0.0,"max_hp_gain":0.0,"max_hp_loss":0.0,"gold_gain":0.0,"event_name":"Masked Bandits","player_choice":"Fought Bandits","floor":31.0,"gold_loss":0.0,"damage_taken":0.0},{"damage_healed":0.0,"max_hp_gain":0.0,"max_hp_loss":0.0,"gold_gain":0.0,"event_name":"Winding Halls","player_choice":"Embrace Madness","floor":36.0,"gold_loss":0.0,"damage_taken":9.0,"cards_obtained":["Madness","Madness"]},{"damage_healed":0.0,"max_hp_gain":0.0,"max_hp_loss":0.0,"gold_gain":0.0,"event_name":"Mysterious Sphere","player_choice":"Fight","floor":38.0,"gold_loss":0.0,"damage_taken":0.0}],"is_beta":false,"boss_relics":[{"not_picked":["Coffee Dripper","WristBlade"],"picked":"Pandora\u0027s Box"},{"not_picked":["HoveringKite","Orrery"],"picked":"Lizard Tail"}],"items_purged_floors":[3,19],"is_endless":false,"potions_floor_spawned":[7,8,14,16,18,20,22,27,33,35,38,45],"ascension_level":1}