{"gold_per_floor":[116,133,133,133,133,133,148,148,172,200,212,237,249,279,291,303],"floor_reached":16,"playtime":395,"items_purged":[],"score":184,"play_id":"089f964e-9bd7-4dbb-a0f6-8e6b54d60749","local_time":"20181103114056","is_ascension_mode":true,"campfire_choices":[{"data":"Neutralize","floor":6,"key":"SMITH"},{"floor":8,"key":"REST"},{"data":"Blur","floor":13,"key":"SMITH"},{"floor":15,"key":"REST"}],"neow_cost":"NONE","seed_source_timestamp":141889714227256,"circlet_count":0,"master_deck":["AscendersBane","Defend_G","Defend_G","Defend_G","Defend_G","Defend_G","Strike_G","Strike_G","Strike_G","Strike_G","Survivor","Neutralize+1","Quick Slash","Blur+1","Backflip","Cloak And Dagger"],"relics":["Lizard Tail","Matryoshka","Bag of Preparation","MawBank"],"potions_floor_usage":[16],"damage_taken":[{"damage":4,"enemies":"Small Slimes","floor":1,"turns":4},{"damage":0,"enemies":"2 Louse","floor":2,"turns":3},{"damage":0,"enemies":"Cultist","floor":7,"turns":3},{"damage":6,"enemies":"3 Louse","floor":10,"turns":6},{"damage":0,"enemies":"Blue Slaver","floor":12,"turns":6},{"damage":46,"enemies":"Exordium Thugs","floor":14,"turns":11},{"damage":56,"enemies":"Slime Boss","floor":16,"turns":6}],"seed_played":"-1017066438293169933","potions_obtained":[{"floor":2,"key":"Ancient Potion"}],"is_trial":false,"path_per_floor":["M","M","?","?","?","R","M","R","T","M","?","M","R","M","R","B"],"character_chosen":"THE_SILENT","items_purchased":[],"campfire_rested":2,"item_purchase_floors":[],"current_hp_per_floor":[55,55,48,30,30,30,30,49,49,43,43,43,43,33,52,0],"gold":303,"neow_bonus":"BOSS_RELIC","is_prod":false,"is_daily":false,"chose_seed":false,"campfire_upgraded":2,"win_rate":0,"timestamp":1541270456,"path_taken":["M","M","?","?","?","R","?","R","T","M","?","M","R","M","R","BOSS"],"build_version":"2018-11-01","purchased_purges":0,"victory":false,"max_hp_per_floor":[66,66,66,66,66,66,66,66,66,66,66,66,66,66,66,66],"card_choices":[{"not_picked":["Flying Knee","Dodge and Roll"],"picked":"Quick Slash","floor":1},{"not_picked":["Deflect","Dagger Spray","Slice"],"picked":"SKIP","floor":2},{"not_picked":["Prepared","Slice"],"picked":"Blur","floor":7},{"not_picked":["PiercingWail","Acrobatics"],"picked":"Backflip","floor":10},{"not_picked":["Outmaneuver","Slice","Sucker Punch"],"picked":"SKIP","floor":12},{"not_picked":["Outmaneuver","Dagger Spray"],"picked":"Cloak And Dagger","floor":14}],"player_experience":601644,"relics_obtained":[{"floor":9,"key":"Bag of Preparation"},{"floor":9,"key":"MawBank"}],"event_choices":[{"cards_removed":["Strike_G"],"damage_healed":0,"gold_gain":0,"player_choice":"Card Removal","damage_taken":7,"max_hp_gain":0,"max_hp_loss":0,"event_name":"Golden Wing","floor":3,"gold_loss":0},{"damage_healed":0,"gold_gain":0,"player_choice":"Success","damage_taken":18,"relics_obtained":["Matryoshka"],"max_hp_gain":0,"max_hp_loss":0,"event_name":"Scrap Ooze","floor":4,"gold_loss":0},{"damage_healed":0,"gold_gain":0,"player_choice":"0 cards matched","damage_taken":0,"max_hp_gain":0,"max_hp_loss":0,"event_name":"Match and Keep!","floor":5,"gold_loss":0,"cards_obtained":[]},{"damage_healed":0,"gold_gain":30,"player_choice":"Searched \u00271\u0027 times","damage_taken":0,"max_hp_gain":0,"max_hp_loss":0,"event_name":"Dead Adventurer","floor":11,"gold_loss":0}],"is_beta":false,"boss_relics":[],"items_purged_floors":[],"is_endless":false,"potions_floor_spawned":[2],"killed_by":"Slime Boss","ascension_level":20}