{"gold_per_floor":[113,14,26,26,26,26,45,45,45,65,65,80,110,10,10,106,106,125,125,125,125,0,0,0,0,50,64,79,96,112,127,127,226,226,243,25,25,25,35,64,64,164,190,202,52,64,64,92,92,92],"floor_reached":50,"playtime":2850,"items_purged":["Strike_G","Wraith Form v2","Defend_G","Distraction+1"],"score":603,"play_id":"3548cda1-6f48-462b-8199-ff9dbb74bbe2","local_time":"20190308110550","is_ascension_mode":true,"campfire_choices":[{"data":"Noxious Fumes","floor":6,"key":"SMITH"},{"data":"Defend_G","floor":8,"key":"SMITH"},{"floor":15,"key":"REST"},{"data":"Survivor","floor":23,"key":"SMITH"},{"floor":32,"key":"REST"},{"floor":41,"key":"REST"},{"floor":47,"key":"REST"},{"floor":49,"key":"REST"}],"neow_cost":"NONE","seed_source_timestamp":2579572782427,"circlet_count":0,"master_deck":["Defend_G+1","Defend_G+1","Defend_G+1","Strike_G+1","Strike_G+1","Strike_G+1","Strike_G+1","Survivor+1","Neutralize","Slice","Noxious Fumes+1","Deep Breath","Concentrate","Accuracy+1","Cloak And Dagger","Cloak And Dagger","Deflect+1","Apotheosis","Slice","Dramatic Entrance","Backstab","Cloak And Dagger+1","Infinite Blades+1"],"relics":["Ring of the Snake","Unceasing Top","Dream Catcher","Shuriken","Lizard Tail","Pen Nib","Orichalcum","Empty Cage","Matryoshka","Calipers","Happy Flower","Omamori","Bottled Flame"],"potions_floor_usage":[18,30,30,30,39,42,46,46],"damage_taken":[{"damage":2,"enemies":"Jaw Worm","floor":1,"turns":6},{"damage":0,"enemies":"Cultist","floor":3,"turns":4},{"damage":0,"enemies":"Small Slimes","floor":7,"turns":3},{"damage":6,"enemies":"Looter","floor":10,"turns":4},{"damage":6,"enemies":"Blue Slaver","floor":12,"turns":4},{"damage":15,"enemies":"Lagavulin","floor":13,"turns":6},{"damage":0,"enemies":"Slime Boss","floor":16,"turns":7},{"damage":11,"enemies":"3 Byrds","floor":18,"turns":5},{"damage":5,"enemies":"2 Thieves","floor":27,"turns":3},{"damage":16,"enemies":"Cultist and Chosen","floor":28,"turns":6},{"damage":9,"enemies":"Snake Plant","floor":29,"turns":4},{"damage":2,"enemies":"Chosen and Byrds","floor":30,"turns":4},{"damage":6,"enemies":"Snecko","floor":31,"turns":5},{"damage":24,"enemies":"Champ","floor":33,"turns":11},{"damage":35,"enemies":"3 Shapes","floor":35,"turns":4},{"damage":5,"enemies":"Orb Walker","floor":39,"turns":3},{"damage":17,"enemies":"Giant Head","floor":40,"turns":7},{"damage":9,"enemies":"Mind Bloom Boss Battle","floor":42,"turns":7},{"damage":2,"enemies":"Maw","floor":44,"turns":6},{"damage":20,"enemies":"Jaw Worm Horde","floor":46,"turns":4},{"damage":16,"enemies":"Reptomancer","floor":48,"turns":6},{"damage":106,"enemies":"Awakened One","floor":50,"turns":10}],"seed_played":"-3140937277922578884","potions_obtained":[{"floor":3,"key":"Poison Potion"},{"floor":7,"key":"EssenceOfSteel"},{"floor":18,"key":"Explosive Potion"},{"floor":27,"key":"PowerPotion"},{"floor":33,"key":"EssenceOfSteel"},{"floor":40,"key":"PowerPotion"},{"floor":42,"key":"AttackPotion"},{"floor":44,"key":"PowerPotion"}],"is_trial":false,"path_per_floor":["M","$","M","?","?","R","M","R","T","M","T","M","E","$","R","B",null,"M","?","?","?","$","R","?","$","T","M","M","M","M","M","R","B",null,"M","$","?","?","M","E","R","?","T","M","$","M","R","E","R","B"],"character_chosen":"THE_SILENT","items_purchased":["Slice","Apotheosis","Slice"],"campfire_rested":5,"item_purchase_floors":[2,36,36],"current_hp_per_floor":[68,68,68,73,73,73,73,73,73,67,67,61,46,46,68,68,75,64,64,50,50,50,50,50,50,50,45,29,20,18,12,36,12,80,45,45,45,45,40,23,45,36,36,34,34,14,36,20,42,0],"gold":92,"neow_bonus":"ONE_RANDOM_RARE_CARD","is_prod":false,"is_daily":false,"chose_seed":false,"campfire_upgraded":3,"win_rate":0,"timestamp":1552003550,"path_taken":["M","$","M","?","?","R","M","R","T","?","?","?","E","?","R","BOSS","M","?","?","?","?","R","?","$","T","M","M","?","M","?","R","BOSS","M","$","?","?","M","E","R","?","T","M","?","M","R","E","R","BOSS"],"build_version":"2019-02-06","purchased_purges":4,"victory":false,"max_hp_per_floor":[70,70,70,75,75,75,75,75,75,75,75,75,75,75,75,75,75,75,75,80,80,80,80,80,80,80,80,80,80,80,80,80,80,80,80,80,76,76,76,76,76,76,76,76,76,76,76,76,76,76],"card_choices":[{"not_picked":["Outmaneuver","Acrobatics"],"picked":"Quick Slash","floor":1},{"not_picked":["Skewer","Quick Slash"],"picked":"Noxious Fumes","floor":3},{"not_picked":["Burst","Slice","Dagger Throw"],"picked":"SKIP","floor":7},{"not_picked":["Bane","Quick Slash","Outmaneuver"],"picked":"SKIP","floor":10},{"not_picked":["Dodge and Roll","Eviscerate"],"picked":"Concentrate","floor":12},{"not_picked":["After Image","Sucker Punch","Tactician"],"picked":"SKIP","floor":13},{"not_picked":["Underhanded Strike+1","Finisher"],"picked":"Accuracy+1","floor":18},{"not_picked":["Bane","Sucker Punch","Flying Knee"],"picked":"SKIP","floor":27},{"not_picked":["Catalyst","All Out Attack","Dagger Throw"],"picked":"SKIP","floor":28},{"not_picked":["Bouncing Flask","Flechettes+1","Outmaneuver+1"],"picked":"SKIP","floor":29},{"not_picked":["Backflip+1","Masterful Stab"],"picked":"Cloak And Dagger","floor":30},{"not_picked":["PiercingWail","Well Laid Plans"],"picked":"Cloak And Dagger","floor":31},{"not_picked":["Dagger Spray+1","Flying Knee+1"],"picked":"Deflect+1","floor":35},{"not_picked":["Madness","PanicButton"],"picked":"Dramatic Entrance","floor":38},{"not_picked":["Backflip","Dodge and Roll","Deadly Poison+1"],"picked":"SKIP","floor":39},{"not_picked":["Dash","Well Laid Plans"],"picked":"Backstab","floor":40},{"not_picked":["Caltrops","Acrobatics"],"picked":"Distraction+1","floor":42},{"not_picked":["PiercingWail","Heel Hook+1","Dodge and Roll"],"picked":"SKIP","floor":44},{"not_picked":["Backflip+1","Acrobatics","Dagger Spray"],"picked":"SKIP","floor":46},{"not_picked":["Dodge and Roll+1","Sucker Punch"],"picked":"Cloak And Dagger+1","floor":47},{"not_picked":["Calculated Gamble+1","Cloak And Dagger+1"],"picked":"Infinite Blades+1","floor":48}],"player_experience":498797,"relics_obtained":[{"floor":9,"key":"Unceasing Top"},{"floor":11,"key":"Dream Catcher"},{"floor":13,"key":"Shuriken"},{"floor":26,"key":"Orichalcum"},{"floor":40,"key":"Matryoshka"},{"floor":42,"key":"Calipers"},{"floor":43,"key":"Happy Flower"},{"floor":43,"key":"Omamori"},{"floor":48,"key":"Bottled Flame"}],"event_choices":[{"damage_healed":0,"gold_gain":0,"player_choice":"Donut","damage_taken":0,"max_hp_gain":5,"max_hp_loss":0,"event_name":"Big Fish","floor":4,"gold_loss":0},{"damage_healed":0,"gold_gain":0,"player_choice":"1 cards matched","damage_taken":0,"max_hp_gain":0,"max_hp_loss":0,"event_name":"Match and Keep!","floor":5,"gold_loss":0,"cards_obtained":["Deep Breath"]},{"damage_healed":0,"gold_gain":0,"player_choice":"Ignored","damage_taken":0,"max_hp_gain":0,"max_hp_loss":0,"event_name":"Ghosts","floor":19,"gold_loss":0},{"damage_healed":0,"gold_gain":0,"player_choice":"Shed Blood","damage_taken":19,"max_hp_gain":5,"max_hp_loss":0,"event_name":"Forgotten Altar","floor":20,"gold_loss":0},{"damage_healed":0,"gold_gain":0,"player_choice":"Opened","damage_taken":0,"relics_obtained":["Pen Nib"],"max_hp_gain":0,"max_hp_loss":0,"event_name":"The Mausoleum","floor":21,"gold_loss":0},{"damage_healed":0,"gold_gain":0,"player_choice":"Simplicity","damage_taken":0,"max_hp_gain":0,"max_hp_loss":0,"event_name":"Back to Basics","floor":24,"gold_loss":0,"cards_upgraded":["Defend_G","Defend_G","Defend_G","Strike_G","Strike_G","Strike_G","Strike_G"]},{"damage_healed":0,"gold_gain":0,"player_choice":"Max HP","damage_taken":0,"max_hp_gain":0,"max_hp_loss":4,"event_name":"Winding Halls","floor":37,"gold_loss":0},{"damage_healed":0,"gold_gain":0,"player_choice":"Memory 1","damage_taken":0,"max_hp_gain":0,"max_hp_loss":0,"event_name":"SensoryStone","floor":38,"gold_loss":0},{"damage_healed":0,"gold_gain":0,"player_choice":"Fight","damage_taken":0,"max_hp_gain":0,"max_hp_loss":0,"event_name":"MindBloom","floor":42,"gold_loss":0}],"is_beta":true,"boss_relics":[{"not_picked":["Coffee Dripper","Ring of the Serpent"],"picked":"Lizard Tail"},{"not_picked":["Tiny House","Eternal Feather"],"picked":"Empty Cage"}],"items_purged_floors":[2,14,22,45],"is_endless":false,"potions_floor_spawned":[3,7,18,27,28,33,40,42,44],"killed_by":"Awakened One","ascension_level":1}