{"gold_per_floor":[118,118,293,293,312,312,325,325,325,325,344,3,24,62,62,181,181,195,209,17,17,17,17,57,57,57,91,91,91,115,115,115,243,243,256,256],"floor_reached":36,"playtime":1911,"items_purged":["Doubt"],"score":563,"play_id":"74f10f70-c991-436b-bd10-f454e42b6560","local_time":"20180929014045","is_ascension_mode":true,"campfire_choices":[{"data":"Zap","floor":6,"key":"SMITH"},{"data":"Storm","floor":8,"key":"SMITH"},{"floor":15,"key":"REST"},{"data":"Defragment","floor":23,"key":"SMITH"},{"data":"Buffer","floor":25,"key":"SMITH"},{"data":"1","floor":29,"key":"LIFT"},{"floor":32,"key":"REST"}],"neow_cost":"NONE","seed_source_timestamp":466206637212414,"circlet_count":0,"master_deck":["Strike_B+1","Strike_B+1","Strike_B+1","Strike_B+1","Defend_B+1","Defend_B+1","Defend_B+1","Defend_B+1","Zap+1","Dualcast","Turbo","Go for the Eyes","Storm+1","Loop","Storm","Defragment+1","Cold Snap","Amplify","Chaos+1","Hello World","Buffer+1","Sweeping Beam","Lockon","Electrodynamics","Rebound"],"relics":["FrozenCore","Lantern","PreservedInsect","Golden Idol","Mummified Hand","Runic Capacitor","Kunai","Strange Spoon","Mercury Hourglass","Girya","Shuriken","Busted Crown"],"potions_floor_usage":[13,14,16,28,35],"damage_taken":[{"damage":0,"enemies":"Small Slimes","floor":1,"turns":3},{"damage":1,"enemies":"2 Louse","floor":5,"turns":2},{"damage":9,"enemies":"Jaw Worm","floor":7,"turns":4},{"damage":15,"enemies":"Exordium Thugs","floor":11,"turns":4},{"damage":11,"enemies":"Looter","floor":13,"turns":2},{"damage":4,"enemies":"3 Sentries","floor":14,"turns":4},{"damage":0,"enemies":"Slime Boss","floor":16,"turns":6},{"damage":0,"enemies":"Shell Parasite","floor":18,"turns":5},{"damage":14,"enemies":"3 Byrds","floor":19,"turns":6},{"damage":18,"enemies":"Gremlin Leader","floor":24,"turns":5},{"damage":17,"enemies":"Slavers","floor":27,"turns":3},{"damage":0,"enemies":"Snake Plant","floor":28,"turns":1},{"damage":0,"enemies":"Cultist and Chosen","floor":30,"turns":4},{"damage":8,"enemies":"Automaton","floor":33,"turns":8},{"damage":12,"enemies":"3 Darklings","floor":35,"turns":4},{"damage":52,"enemies":"Mysterious Sphere","floor":36,"turns":3}],"seed_played":"-1929061238387153198","potions_obtained":[{"floor":5,"key":"Regen Potion"},{"floor":13,"key":"SkillPotion"},{"floor":14,"key":"AttackPotion"},{"floor":19,"key":"Dexterity Potion"},{"floor":24,"key":"SmokeBomb"},{"floor":27,"key":"SpeedPotion"},{"floor":33,"key":"Weak Potion"}],"is_trial":false,"path_per_floor":["M","?","?","?","M","R","M","R","T","?","M","$","M","E","R","B",null,"M","M","$","?","$","R","E","R","T","E","M","R","M","?","R","B",null,"M"],"character_chosen":"DEFECT","items_purchased":["Runic Capacitor","Storm","Strange Spoon"],"campfire_rested":2,"item_purchase_floors":[12,12,20],"current_hp_per_floor":[75,72,72,54,53,53,44,44,44,29,14,14,8,4,26,26,63,63,49,49,49,49,49,31,31,31,14,14,14,14,14,36,28,63,51,0],"gold":256,"neow_bonus":"RANDOM_COMMON_RELIC","is_prod":false,"is_daily":false,"chose_seed":false,"campfire_upgraded":4,"win_rate":0,"timestamp":1538210445,"path_taken":["M","?","?","?","M","R","M","R","T","?","M","$","M","E","R","BOSS","M","M","$","?","$","R","E","R","T","E","M","R","M","?","R","BOSS","M","?"],"build_version":"2018-09-27","purchased_purges":1,"victory":false,"max_hp_per_floor":[75,75,75,75,75,75,75,75,75,75,75,75,75,75,75,75,75,75,75,75,75,75,75,75,75,75,75,75,75,75,75,75,75,75,75,75],"card_choices":[{"not_picked":["Compile Driver","Steam"],"picked":"Turbo","floor":1},{"not_picked":["Redo","Ball Lightning"],"picked":"Go for the Eyes","floor":5},{"not_picked":["Force Field","Steam"],"picked":"Storm","floor":7},{"not_picked":["Scrape","Chaos"],"picked":"Loop","floor":11},{"not_picked":["Compile Driver","Redo"],"picked":"Defragment","floor":13},{"not_picked":["Steam Power","Turbo"],"picked":"Cold Snap","floor":14},{"not_picked":["Seek","Rainbow"],"picked":"Amplify","floor":16},{"not_picked":["Turbo+1","Barrage+1"],"picked":"Chaos+1","floor":18},{"not_picked":["Hologram","Aggregate"],"picked":"Hello World","floor":19},{"not_picked":["Barrage","Rebound"],"picked":"Buffer","floor":24},{"not_picked":["Steam Power","Hologram"],"picked":"Sweeping Beam","floor":27},{"not_picked":["Compile Driver","Go for the Eyes+1"],"picked":"Lockon","floor":30},{"not_picked":["Biased Cognition","Multi-Cast"],"picked":"Electrodynamics","floor":33},{"not_picked":[],"picked":"Rebound","floor":35}],"player_experience":190008,"relics_obtained":[{"floor":9,"key":"Mummified Hand"},{"floor":14,"key":"Kunai"},{"floor":24,"key":"Mercury Hourglass"},{"floor":26,"key":"Girya"},{"floor":27,"key":"Shuriken"}],"event_choices":[{"event_name":"Scrap Ooze","player_choice":"success","floor":2,"damage_taken":3},{"event_name":"Liars Game","player_choice":"agreed","floor":3,"damage_taken":0},{"event_name":"Golden Idol","player_choice":"Take Damage","floor":4,"damage_taken":0},{"event_name":"Shining Light","player_choice":"Entered Light","floor":10,"damage_taken":0},{"event_name":"Back to Basics","player_choice":"Simplicity","floor":21,"damage_taken":0},{"event_name":"Vampires","player_choice":"Ignored","floor":31,"damage_taken":0},{"event_name":"Mysterious Sphere","player_choice":"Fight","floor":36,"damage_taken":0}],"is_beta":false,"boss_relics":[{"not_picked":["Orrery","Pandora\u0027s Box"],"picked":"FrozenCore"},{"not_picked":["Inserter","Empty Cage"],"picked":"Busted Crown"}],"items_purged_floors":[12],"is_endless":false,"potions_floor_spawned":[5,13,14,19,24,27,33],"killed_by":"Mysterious Sphere","ascension_level":5}