{"gold_per_floor":[109,6,6,19,19,19,31,31,54,98,20,37,92,103,103,179,179,189,189,199,16,16],"floor_reached":22,"playtime":696,"items_purged":["Defend_B","Strike_B"],"score":445,"play_id":"a6faeeee-a8bd-4be0-b85f-93f20c66818c","local_time":"20181001123338","is_ascension_mode":true,"campfire_choices":[{"data":"Streamline","floor":6,"key":"SMITH"},{"data":"Zap","floor":8,"key":"SMITH"},{"data":"Conserve Battery","floor":15,"key":"SMITH"}],"neow_cost":"NONE","seed_source_timestamp":1448424853521230,"circlet_count":0,"master_deck":["Strike_B","Strike_B","Defend_B","Defend_B","Defend_B","Zap+1","Dualcast","AscendersBane","Conserve Battery+1","Streamline+1","Auto Shields","FTL","Melter","Defragment+1","BootSequence","Amplify","Skim","Fusion","Seek"],"relics":["Cracked Core","MawBank","Frozen Egg 2","Tiny Chest","Eternal Feather"],"potions_floor_usage":[14,16],"damage_taken":[{"damage":4,"enemies":"2 Louse","floor":1,"turns":3},{"damage":2,"enemies":"Jaw Worm","floor":4,"turns":4},{"damage":0,"enemies":"Small Slimes","floor":7,"turns":3},{"damage":14,"enemies":"Gremlin Nob","floor":10,"turns":3},{"damage":1,"enemies":"Exordium Thugs","floor":12,"turns":4},{"damage":14,"enemies":"Gremlin Gang","floor":14,"turns":3},{"damage":0,"enemies":"The Guardian","floor":16,"turns":8},{"damage":11,"enemies":"Spheric Guardian","floor":18,"turns":3},{"damage":22,"enemies":"Chosen","floor":20,"turns":6},{"damage":34,"enemies":"Shelled Parasite and Fungi","floor":22,"turns":5}],"seed_played":"-4171675958581537066","potions_obtained":[{"floor":10,"key":"Poison Potion"},{"floor":12,"key":"LiquidBronze"},{"floor":14,"key":"PowerPotion"},{"floor":20,"key":"Ancient Potion"}],"is_trial":false,"path_per_floor":["M","$","?","M","$","R","M","R","T","E","$","M","T","M","R","B",null,"M","$","M","$"],"character_chosen":"DEFECT","items_purchased":["Streamline","Defragment+1","Seek"],"campfire_rested":0,"item_purchase_floors":[2,11,21],"current_hp_per_floor":[60,60,65,63,63,63,63,63,63,49,49,48,48,34,34,34,66,55,55,33,33,0],"gold":16,"neow_bonus":"REMOVE_CARD","is_prod":false,"is_daily":false,"chose_seed":false,"campfire_upgraded":3,"win_rate":0,"timestamp":1538411618,"path_taken":["M","$","?","M","?","R","?","R","T","E","?","?","?","M","R","BOSS","M","$","M","$","M"],"build_version":"2018-09-27","purchased_purges":2,"victory":false,"max_hp_per_floor":[71,71,76,76,76,76,76,76,76,76,76,76,76,76,76,76,76,76,76,76,76,76],"card_choices":[{"not_picked":["Lockon","Chill"],"picked":"Conserve Battery","floor":1},{"not_picked":["Lockon","Doom and Gloom"],"picked":"Auto Shields","floor":4},{"not_picked":["Cold Snap","Compile Driver"],"picked":"FTL","floor":7},{"not_picked":["Static Discharge","Chill"],"picked":"Melter","floor":10},{"not_picked":["Steam","Ball Lightning","Stack"],"picked":"SKIP","floor":12},{"not_picked":["Compile Driver","Hyperbeam"],"picked":"BootSequence","floor":14},{"not_picked":["Multi-Cast","Fission"],"picked":"Amplify","floor":16},{"not_picked":["Gash","Conserve Battery"],"picked":"Skim","floor":18},{"not_picked":["Genetic Algorithm","Conserve Battery+1"],"picked":"Fusion","floor":20}],"player_experience":295383,"relics_obtained":[{"floor":9,"key":"MawBank"},{"floor":10,"key":"Frozen Egg 2"},{"floor":13,"key":"Tiny Chest"}],"event_choices":[{"event_name":"Big Fish","player_choice":"Donut","floor":3,"damage_taken":0}],"is_beta":false,"boss_relics":[{"not_picked":["Coffee Dripper","Tiny House"],"picked":"Eternal Feather"}],"items_purged_floors":[2,21],"is_endless":false,"potions_floor_spawned":[10,12,14,20],"killed_by":"Shelled Parasite and Fungi","ascension_level":18}