{"gold_per_floor":[111,111,126,136,147,147,173,173,173,173,190,51,76,86,86,181,181,200,218,318,318,417,417,431,431,482,496,411,411,411,426,426,522,522,536,550,475,475,491,526,526,626,626,643,643,80,0,0,0,0],"floor_reached":51,"playtime":3093,"items_purged":["Strike_G","Strike_G"],"score":785,"play_id":"33c4ee6f-c843-4ae6-807c-bab3a378e4ea","local_time":"20190306210559","is_ascension_mode":false,"campfire_choices":[{"data":"Neutralize","floor":6,"key":"SMITH"},{"data":"Bullet Time","floor":8,"key":"SMITH"},{"data":"Deflect","floor":10,"key":"SMITH"},{"data":"Predator","floor":15,"key":"SMITH"},{"data":"Burst","floor":23,"key":"SMITH"},{"data":"Catalyst","floor":25,"key":"SMITH"},{"floor":30,"key":"REST"},{"floor":32,"key":"REST"},{"data":"Well Laid Plans","floor":41,"key":"SMITH"},{"data":"Bouncing Flask","floor":45,"key":"SMITH"},{"floor":49,"key":"REST"}],"neow_cost":"NONE","seed_source_timestamp":33361667177113,"circlet_count":0,"master_deck":["Defend_G","Defend_G","Defend_G","Strike_G","Survivor+1","Neutralize+1","Deflect+1","Flying Knee","Crippling Poison+1","Bullet Time+1","Sucker Punch","Well Laid Plans+1","Bouncing Flask+1","Predator+1","Burst+1","Deadly Poison+1","Unload+1","Terror+1","Backflip","Catalyst+1","Necronomicurse","Leg Sweep+1","PiercingWail+1","Mind Blast","Noxious Fumes+1"],"relics":["Ring of the Serpent","Ancient Tea Set","War Paint","Sundial","Meat on the Bone","Astrolabe","Calipers","Frozen Egg 2","Mercury Hourglass","Vajra","Thread and Needle","Necronomicon","Bag of Preparation","Peace Pipe","Shuriken","Oddly Smooth Stone","The Specimen","Red Mask"],"potions_floor_usage":[7,13,18,20,20,20,39,44,50],"damage_taken":[{"damage":0,"enemies":"2 Louse","floor":1,"turns":3},{"damage":1,"enemies":"Cultist","floor":3,"turns":4},{"damage":5,"enemies":"Jaw Worm","floor":4,"turns":6},{"damage":0,"enemies":"2 Fungi Beasts","floor":5,"turns":5},{"damage":14,"enemies":"Lagavulin","floor":7,"turns":6},{"damage":2,"enemies":"Large Slime","floor":11,"turns":7},{"damage":22,"enemies":"Gremlin Nob","floor":13,"turns":4},{"damage":0,"enemies":"3 Louse","floor":14,"turns":2},{"damage":17,"enemies":"The Guardian","floor":16,"turns":8},{"damage":0,"enemies":"Chosen","floor":18,"turns":3},{"damage":10,"enemies":"Shell Parasite","floor":19,"turns":4},{"damage":2,"enemies":"Colosseum Slavers","floor":20,"turns":3},{"damage":31,"enemies":"Colosseum Nobs","floor":20,"turns":5},{"damage":0,"enemies":"Chosen and Byrds","floor":24,"turns":4},{"damage":27,"enemies":"Shelled Parasite and Fungi","floor":27,"turns":4},{"damage":0,"enemies":"Cultist and Chosen","floor":31,"turns":4},{"damage":30,"enemies":"Automaton","floor":33,"turns":5},{"damage":0,"enemies":"3 Shapes","floor":35,"turns":3},{"damage":0,"enemies":"Orb Walker","floor":36,"turns":1},{"damage":0,"enemies":"Sphere and 2 Shapes","floor":39,"turns":5},{"damage":35,"enemies":"Nemesis","floor":40,"turns":5},{"damage":0,"enemies":"Mind Bloom Boss Battle","floor":42,"turns":4},{"damage":0,"enemies":"3 Darklings","floor":44,"turns":4},{"damage":22,"enemies":"Donu and Deca","floor":50,"turns":3}],"seed_played":"8801584671654555938","potions_obtained":[{"floor":3,"key":"Weak Potion"},{"floor":4,"key":"Fire Potion"},{"floor":7,"key":"Ancient Potion"},{"floor":13,"key":"Ancient Potion"},{"floor":16,"key":"Weak Potion"},{"floor":18,"key":"Strength Potion"},{"floor":19,"key":"AttackPotion"},{"floor":35,"key":"Swift Potion"},{"floor":39,"key":"LiquidBronze"},{"floor":42,"key":"Fire Potion"}],"is_trial":false,"path_per_floor":["M","?","M","M","M","R","E","R","T","R","M","$","E","M","R","B",null,"M","M","?","T","?","R","M","R","T","M","?","?","R","M","R","B",null,"M","M","$","?","M","E","R","?","T","M","R","$","?","$","R","B",null],"character_chosen":"THE_SILENT","items_purchased":["Well Laid Plans","Bouncing Flask","Oddly Smooth Stone","The Specimen"],"campfire_rested":3,"item_purchase_floors":[12,12,46,46],"current_hp_per_floor":[70,70,69,64,64,64,50,50,50,50,48,48,26,38,38,33,70,70,60,39,39,39,39,39,39,39,24,24,8,29,41,62,44,70,70,70,70,70,70,47,47,47,47,47,47,47,47,47,68,46],"gold":0,"neow_bonus":"RANDOM_COMMON_RELIC","is_prod":false,"is_daily":false,"chose_seed":false,"campfire_upgraded":8,"win_rate":0,"timestamp":1551935159,"path_taken":["M","?","?","M","?","R","E","R","T","R","M","$","E","M","R","BOSS","M","M","?","?","?","R","M","R","T","M","?","?","R","M","R","BOSS","M","M","$","?","M","E","R","?","T","M","R","$","?","?","R","BOSS"],"build_version":"2019-01-23","purchased_purges":2,"victory":true,"max_hp_per_floor":[70,70,70,70,70,70,70,70,70,70,70,70,70,70,70,70,70,70,70,70,70,70,70,70,70,70,70,70,70,70,70,70,70,70,70,70,70,70,70,70,70,70,70,70,70,70,70,70,70,70],"card_choices":[{"not_picked":["Prepared","Flechettes"],"picked":"Deflect","floor":1},{"not_picked":["Endless Agony","Deflect","Outmaneuver"],"picked":"SKIP","floor":3},{"not_picked":["Terror","Flechettes"],"picked":"Flying Knee","floor":4},{"not_picked":["Eviscerate","Underhanded Strike"],"picked":"Crippling Poison","floor":5},{"not_picked":["Blade Dance","Underhanded Strike"],"picked":"Bullet Time","floor":7},{"not_picked":["PiercingWail","Endless Agony"],"picked":"Sucker Punch","floor":11},{"not_picked":["Poisoned Stab","Setup","Sucker Punch"],"picked":"SKIP","floor":13},{"not_picked":["Skewer","Dodge and Roll"],"picked":"Predator","floor":14},{"not_picked":["Tools of the Trade","Phantasmal Killer"],"picked":"Burst","floor":16},{"not_picked":["Slice","Cloak And Dagger"],"picked":"Backflip","floor":18},{"not_picked":["Quick Slash","Flechettes","Choke+1"],"picked":"SKIP","floor":19},{"not_picked":["Skewer","Accuracy+1"],"picked":"Catalyst","floor":24},{"not_picked":["Outmaneuver+1","Deflect","Backflip"],"picked":"SKIP","floor":27},{"not_picked":["Expertise","Sucker Punch"],"picked":"Leg Sweep+1","floor":31},{"not_picked":["Poisoned Stab+1","Bane+1"],"picked":"PiercingWail+1","floor":35},{"not_picked":["Poisoned Stab","Leg Sweep","Slice"],"picked":"SKIP","floor":36},{"not_picked":["Secret Technique","Trip"],"picked":"Mind Blast","floor":38},{"not_picked":["Calculated Gamble","Accuracy+1","Blade Dance+1"],"picked":"SKIP","floor":39},{"not_picked":["Outmaneuver+1","Dash+1"],"picked":"Noxious Fumes+1","floor":40},{"not_picked":["Slice","Sucker Punch","Dagger Throw+1"],"picked":"SKIP","floor":44}],"player_experience":323626,"relics_obtained":[{"floor":7,"key":"War Paint"},{"floor":9,"key":"Sundial"},{"floor":13,"key":"Meat on the Bone"},{"floor":20,"key":"Calipers"},{"floor":20,"key":"Frozen Egg 2"},{"floor":21,"key":"Mercury Hourglass"},{"floor":26,"key":"Vajra"},{"floor":29,"key":"Necronomicon"},{"floor":40,"key":"Bag of Preparation"},{"floor":42,"key":"Peace Pipe"},{"floor":43,"key":"Shuriken"}],"event_choices":[{"cards_removed":["Defend_G"],"damage_healed":0,"gold_gain":0,"player_choice":"Purged","damage_taken":0,"max_hp_gain":0,"max_hp_loss":0,"event_name":"Purifier","floor":2,"gold_loss":0},{"damage_healed":0,"gold_gain":0,"player_choice":"Fight","damage_taken":0,"max_hp_gain":0,"max_hp_loss":0,"event_name":"Colosseum","floor":20,"gold_loss":0},{"damage_healed":0,"gold_gain":0,"player_choice":"Fought Nobs","damage_taken":0,"max_hp_gain":0,"max_hp_loss":0,"event_name":"Colosseum","floor":20,"gold_loss":0},{"damage_healed":0,"gold_gain":99,"player_choice":"Stole From Cult","damage_taken":0,"max_hp_gain":0,"max_hp_loss":0,"event_name":"Nest","floor":22,"gold_loss":0},{"damage_healed":0,"gold_gain":0,"player_choice":"Obtained Relic","damage_taken":0,"relics_obtained":["Thread and Needle"],"max_hp_gain":0,"max_hp_loss":0,"event_name":"Addict","floor":28,"gold_loss":85},{"damage_healed":0,"gold_gain":0,"player_choice":"Obtained Book","damage_taken":16,"max_hp_gain":0,"max_hp_loss":0,"event_name":"Cursed Tome","floor":29,"gold_loss":0},{"damage_healed":0,"gold_gain":0,"player_choice":"Memory 1","damage_taken":0,"max_hp_gain":0,"max_hp_loss":0,"event_name":"SensoryStone","floor":38,"gold_loss":0},{"damage_healed":0,"gold_gain":0,"player_choice":"Fight","damage_taken":0,"max_hp_gain":0,"max_hp_loss":0,"event_name":"MindBloom","floor":42,"gold_loss":0},{"damage_healed":0,"gold_gain":0,"player_choice":"Paid","damage_taken":0,"relics_obtained":["Red Mask"],"max_hp_gain":0,"max_hp_loss":0,"event_name":"Tomb of Lord Red Mask","floor":47,"gold_loss":80}],"is_beta":false,"boss_relics":[{"not_picked":["Lizard Tail","Ectoplasm"],"picked":"Astrolabe"},{"not_picked":["Runic Pyramid","Velvet Choker"],"picked":"Ring of the Serpent"}],"items_purged_floors":[37,46],"is_endless":false,"potions_floor_spawned":[3,4,7,13,16,18,19,35,39,42],"ascension_level":0}