{"gold_per_floor":[118,37,37,51,64,64,75,150,150,163,198,198,233,249,249,321,321,337,337,366,366,566,599,142,142,166,197,197,224,243,213,213,290,290,303,323,337,206,284,284,284],"floor_reached":41,"playtime":1784,"items_purged":[],"score":862,"play_id":"e69744d0-250a-43f7-bf8b-08a2b72d5784","local_time":"20190219055357","is_ascension_mode":true,"campfire_choices":[{"data":"Thunderclap","floor":6.0,"key":"SMITH"},{"data":"Hemokinesis","floor":12.0,"key":"SMITH"},{"data":"Flame Barrier","floor":15.0,"key":"SMITH"},{"data":"Panacea","floor":25.0,"key":"SMITH"},{"data":"Pommel Strike","floor":32.0,"key":"SMITH"},{"data":"Armaments","floor":40.0,"key":"SMITH"}],"neow_cost":"NONE","seed_source_timestamp":110792458084364,"circlet_count":0,"master_deck":["AscendersBane","Defend_R","Defend_R","Defend_R","Defend_R","Bash","Feel No Pain","Twin Strike","Iron Wave","Thunderclap+1","Burning Pact","Twin Strike","Flame Barrier+1","Hemokinesis+1","Inflame","Wild Strike","Demon Form","Feel No Pain+1","J.A.X.","Pommel Strike+1","Bite","Bite","Bite","Bite","Bite","Power Through","Panacea+1","Footwork+1","Thunderclap+1","Magnetism","Dropkick","Corruption","Blind","Feel No Pain","Armaments+1"],"special_seed":0,"relics":["Burning Blood","NeowsBlessing","Juzu Bracelet","Mummified Hand","PreservedInsect","Runic Cube","Red Mask","Anchor","PrismaticShard","Tiny Chest","Potion Belt","Singing Bowl","Strawberry","Coffee Dripper","Meat on the Bone"],"potions_floor_usage":[41],"damage_taken":[{"damage":0.0,"enemies":"Small Slimes","floor":1.0,"turns":1.0},{"damage":0.0,"enemies":"Cultist","floor":4.0,"turns":1.0},{"damage":0.0,"enemies":"Jaw Worm","floor":5.0,"turns":1.0},{"damage":0.0,"enemies":"Exordium Thugs","floor":7.0,"turns":4.0},{"damage":10.0,"enemies":"Looter","floor":10.0,"turns":4.0},{"damage":14.0,"enemies":"3 Sentries","floor":11.0,"turns":11.0},{"damage":19.0,"enemies":"Gremlin Nob","floor":13.0,"turns":4.0},{"damage":2.0,"enemies":"Exordium Wildlife","floor":14.0,"turns":2.0},{"damage":9.0,"enemies":"Slime Boss","floor":16.0,"turns":6.0},{"damage":23.0,"enemies":"2 Thieves","floor":18.0,"turns":4.0},{"damage":31.0,"enemies":"Masked Bandits","floor":20.0,"turns":4.0},{"damage":33.0,"enemies":"Slavers","floor":23.0,"turns":5.0},{"damage":17.0,"enemies":"Book of Stabbing","floor":27.0,"turns":4.0},{"damage":12.0,"enemies":"Spheric Guardian","floor":30.0,"turns":4.0},{"damage":33.0,"enemies":"Collector","floor":33.0,"turns":10.0},{"damage":31.0,"enemies":"3 Darklings","floor":35.0,"turns":6.0},{"damage":19.0,"enemies":"Orb Walker","floor":36.0,"turns":3.0},{"damage":23.0,"enemies":"3 Darklings","floor":37.0,"turns":5.0},{"damage":34,"enemies":"Reptomancer","floor":41,"turns":3}],"seed_played":"-6540300019163427750","potions_obtained":[{"floor":4.0,"key":"Fire Potion"},{"floor":5.0,"key":"SpeedPotion"},{"floor":13.0,"key":"PowerPotion"},{"floor":14.0,"key":"Regen Potion"},{"floor":18.0,"key":"Energy Potion"},{"floor":23.0,"key":"Swift Potion"},{"floor":30.0,"key":"SpeedPotion"},{"floor":31.0,"key":"Weak Potion"},{"floor":31.0,"key":"EntropicBrew"},{"floor":36.0,"key":"Fire Potion"},{"floor":37.0,"key":"BloodPotion"}],"is_trial":false,"path_per_floor":["M","$","?","M","M","R","M","?","T","M","E","R","E","M","R","B",null,"M","?","?","?","?","E","$","R","T","E","?","T","M","?","R","B",null,"M","M","M","$","T","R","E"],"character_chosen":"IRONCLAD","items_purchased":["Twin Strike","Iron Wave","PrismaticShard","Tiny Chest","Panacea","Feel No Pain","Armaments"],"campfire_rested":0,"item_purchase_floors":[2,2,24,24,24,38,38],"current_hp_per_floor":[74,74,74,75,75,75,75,64,64,60,52,52,39,43,43,40,66,49,49,24,24,24,21,21,21,21,16,16,23,25,25,25,16,48,35,28,21,21,21,21,0],"gold":284,"neow_bonus":"THREE_ENEMY_KILL","is_prod":false,"is_daily":false,"chose_seed":false,"campfire_upgraded":6,"win_rate":0,"timestamp":1550573637,"path_taken":["M","$","?","M","?","R","M","?","T","M","E","R","E","M","R","BOSS","M","?","?","?","?","E","?","R","T","E","?","?","M","?","R","BOSS","M","M","M","$","?","R","E"],"build_version":"2019-01-23","purchased_purges":0,"victory":false,"max_hp_per_floor":[75,75,75,75,75,75,75,75,75,75,75,75,75,75,75,75,75,75,75,75,52,52,52,52,52,52,52,52,59,59,59,59,59,59,59,59,59,59,59,59,59],"card_choices":[{"not_picked":["Twin Strike","Pummel"],"picked":"Feel No Pain","floor":1.0},{"not_picked":["Warcry","Flex"],"picked":"Thunderclap","floor":4.0},{"not_picked":["Flex","Sword Boomerang"],"picked":"Burning Pact","floor":5.0},{"not_picked":["Flex","Entrench"],"picked":"Twin Strike","floor":7.0},{"not_picked":["Flex","Thunderclap"],"picked":"Flame Barrier","floor":10.0},{"not_picked":["Sword Boomerang","Rage"],"picked":"Hemokinesis","floor":11.0},{"not_picked":["Barricade","Iron Wave"],"picked":"Inflame","floor":13.0},{"not_picked":["Flame Barrier","Carnage"],"picked":"Wild Strike","floor":14.0},{"not_picked":["Feed","Berserk"],"picked":"Demon Form","floor":16.0},{"not_picked":["Uppercut","Sword Boomerang"],"picked":"Feel No Pain+1","floor":18.0},{"not_picked":["Heavy Blade","Thunderclap"],"picked":"Pommel Strike","floor":20.0},{"not_picked":["Heavy Blade","Pommel Strike"],"picked":"Power Through","floor":23.0},{"not_picked":["Loop","Endless Agony"],"picked":"Footwork+1","floor":27.0},{"not_picked":["Poisoned Stab","Blade Dance"],"picked":"Thunderclap+1","floor":30.0},{"not_picked":["Panache","Storm of Steel"],"picked":"Magnetism","floor":33.0},{"not_picked":["Dagger Throw","Stack"],"picked":"Dropkick","floor":35.0},{"not_picked":["Clothesline","Redo+1"],"picked":"Corruption","floor":36.0},{"not_picked":["Wild Strike+1","Prepared"],"picked":"Blind","floor":37.0}],"player_experience":490215,"relics_obtained":[{"floor":9.0,"key":"Juzu Bracelet"},{"floor":11.0,"key":"Mummified Hand"},{"floor":13.0,"key":"PreservedInsect"},{"floor":20.0,"key":"Red Mask"},{"floor":23.0,"key":"Anchor"},{"floor":26.0,"key":"Potion Belt"},{"floor":27.0,"key":"Singing Bowl"},{"floor":29.0,"key":"Strawberry"},{"floor":39.0,"key":"Meat on the Bone"}],"event_choices":[{"cards_removed":["Strike_R"],"damage_healed":0.0,"max_hp_gain":0.0,"max_hp_loss":0.0,"gold_gain":0.0,"event_name":"Purifier","player_choice":"Purged","floor":3.0,"gold_loss":0.0,"damage_taken":0.0},{"damage_healed":0.0,"max_hp_gain":0.0,"max_hp_loss":0.0,"gold_gain":75.0,"event_name":"World of Goop","player_choice":"Gather Gold","floor":8.0,"gold_loss":0.0,"damage_taken":11.0},{"damage_healed":0.0,"max_hp_gain":0.0,"max_hp_loss":0.0,"gold_gain":0.0,"event_name":"Drug Dealer","player_choice":"Obtain J.A.X.","floor":19.0,"gold_loss":0.0,"damage_taken":0.0,"cards_obtained":["J.A.X."]},{"damage_healed":0.0,"max_hp_gain":0.0,"max_hp_loss":0.0,"gold_gain":0.0,"event_name":"Masked Bandits","player_choice":"Fought Bandits","floor":20.0,"gold_loss":0.0,"damage_taken":0.0},{"damage_healed":0.0,"max_hp_gain":0.0,"max_hp_loss":23.0,"gold_gain":0.0,"event_name":"Vampires","player_choice":"Became a vampire","floor":21.0,"gold_loss":0.0,"damage_taken":0.0,"cards_obtained":["Bite","Bite","Bite","Bite","Bite"]},{"damage_healed":0.0,"max_hp_gain":0.0,"max_hp_loss":0.0,"gold_gain":200.0,"event_name":"Wheel of Change","player_choice":"Gold","floor":22.0,"gold_loss":0.0,"damage_taken":0.0},{"damage_healed":0.0,"max_hp_gain":0.0,"max_hp_loss":0.0,"gold_gain":0.0,"event_name":"Cursed Tome","player_choice":"Ignored","floor":28.0,"gold_loss":0.0,"damage_taken":0.0},{"damage_healed":0.0,"max_hp_gain":0.0,"max_hp_loss":0.0,"gold_gain":0.0,"event_name":"The Woman in Blue","player_choice":"Bought 2 Potions","floor":31.0,"gold_loss":0.0,"damage_taken":0.0}],"is_beta":false,"boss_relics":[{"not_picked":["Calling Bell","Lizard Tail"],"picked":"Runic Cube"},{"not_picked":["Velvet Choker","Cursed Key"],"picked":"Coffee Dripper"}],"items_purged_floors":[],"is_endless":false,"potions_floor_spawned":[4,5,13,14,18,23,30,36,37],"killed_by":"Reptomancer","ascension_level":16}