{"path_per_floor":["M","M","?","M","M","E","R","M","T","E","$","E","M","M","R","B",null,"M","?","?","?","M"],"character_chosen":"IRONCLAD","items_purchased":["Whetstone"],"gold_per_floor":[110,125,85,104,115,149,149,168,168,197,53,78,98,112,112,189,189,169,169,169,169,184,184],"floor_reached":23,"campfire_rested":0,"playtime":1309,"current_hp_per_floor":[74,74,74,70,69,51,51,48,48,43,43,28,32,38,38,26,67,60,60,60,60,54,0],"items_purged":[],"gold":184,"score":351,"play_id":"c06ec1f3-007e-4563-a25c-928f06e36f89","local_time":"20180429181633","is_prod":false,"is_daily":false,"chose_seed":false,"is_ascension_mode":true,"campfire_upgraded":2,"timestamp":1525018593,"path_taken":["M","M","?","?","M","E","R","M","T","E","$","E","M","M","R","BOSS","M","?","?","?","M","E"],"build_version":"2018-04-28v2","seed_source_timestamp":2495933330975,"purchased_purges":0,"victory":false,"master_deck":["Strike_R","Strike_R","Strike_R","Strike_R","Strike_R","Defend_R","Defend_R","Defend_R","Defend_R","Bash+1","AscendersBane","Iron Wave","Rampage","Headbutt+1","Headbutt","Armaments+1","Twin Strike+1","Metallicize","Cleave","Clothesline","Offering","Headbutt"],"max_hp_per_floor":[80,80,80,80,80,80,80,80,80,80,80,80,80,80,80,80,80,80,80,80,80,80,80],"relics":["Burning Blood","Ornamental Fan","Dodecahedron","Bottled Lightning","Whetstone","Frozen Egg 2","Snecko Eye","Vajra"],"card_choices":[{"not_picked":["Sword Boomerang","Warcry"],"picked":"Iron Wave","floor":1},{"not_picked":["Perfected Strike","Burning Pact"],"picked":"Rampage","floor":2},{"not_picked":["Shrug It Off","Dropkick"],"picked":"Headbutt","floor":4},{"not_picked":["Pommel Strike","Dual Wield"],"picked":"Headbutt","floor":5},{"not_picked":["Heavy Blade","Double Tap"],"picked":"Armaments","floor":6},{"not_picked":["Combust","Entrench"],"picked":"Twin Strike","floor":8},{"not_picked":["Rampage","Dropkick"],"picked":"Metallicize","floor":10},{"not_picked":["Fire Breathing","Hemokinesis"],"picked":"Cleave","floor":12},{"not_picked":["Body Slam","Flex"],"picked":"Clothesline","floor":14},{"not_picked":["Dark Embrace","Immolate"],"picked":"Offering","floor":16},{"not_picked":["Twin Strike","Shockwave"],"picked":"Headbutt","floor":22}],"player_experience":473370,"potions_floor_usage":[10,10,10,16,16],"damage_taken":[{"damage":4,"enemies":"2 Louse","floor":1,"turns":3},{"damage":6,"enemies":"Cultist","floor":2,"turns":3},{"damage":10,"enemies":"Small Slimes","floor":4,"turns":4},{"damage":7,"enemies":"Looter","floor":5,"turns":3},{"damage":24,"enemies":"3 Sentries","floor":6,"turns":9},{"damage":9,"enemies":"Exordium Wildlife","floor":8,"turns":5},{"damage":11,"enemies":"Lagavulin","floor":10,"turns":5},{"damage":21,"enemies":"Gremlin Nob","floor":12,"turns":4},{"damage":2,"enemies":"3 Louse","floor":13,"turns":3},{"damage":0,"enemies":"Blue Slaver","floor":14,"turns":4},{"damage":18,"enemies":"Hexaghost","floor":16,"turns":11},{"damage":13,"enemies":"2 Thieves","floor":18,"turns":4},{"damage":12,"enemies":"Shell Parasite","floor":22,"turns":4},{"damage":54,"enemies":"Slavers","floor":23,"turns":3}],"event_choices":[{"event_name":"The Woman in Blue","player_choice":"Bought 3 Potions","floor":3,"damage_taken":0},{"event_name":"The Mausoleum","player_choice":"Yes","floor":19,"damage_taken":0},{"event_name":"Ghosts","player_choice":"Ignored","floor":20,"damage_taken":0},{"event_name":"Drug Dealer","player_choice":"Ignored","floor":21,"damage_taken":0}],"boss_relics":[{"not_picked":["White Beast Statue","Tiny House"],"picked":"Snecko Eye"}],"potions_floor_spawned":[5,6,12,13,22],"seed_played":"-3264223543377386149","killed_by":"Slavers","ascension_level":13,"is_trial":false}