{"gold_per_floor":[116,132,150,150,165,199,199,225,251,261,272,272,62,81,81,159,159,175,175,175,185,196,229,229],"floor_reached":24,"playtime":1175,"items_purged":["Strike_B"],"score":460,"play_id":"a6bb0acc-d3b0-4fdb-bb41-7382b19d2399","local_time":"20190208131056","is_ascension_mode":true,"campfire_choices":[{"data":"Go for the Eyes","floor":7,"key":"SMITH"},{"data":"Hologram","floor":12,"key":"SMITH"},{"data":"Storm","floor":15,"key":"SMITH"}],"neow_cost":"TEN_PERCENT_HP_LOSS","seed_source_timestamp":1908998709598346,"circlet_count":0,"master_deck":["AscendersBane","Strike_B","Defend_B","Defend_B","Defend_B","Defend_B","Zap+1","Dualcast+1","Leap","Go for the Eyes+1","Consume+1","Storm+1","Tempest","Coolheaded","Self Repair","Genetic Algorithm+1","Leap","Hologram+1","All For One","Cold Snap","Gash","Seek","Gash","Go for the Eyes","Gash"],"relics":["Cracked Core","Mummified Hand","Strawberry","War Paint","Nuclear Battery","Omamori"],"potions_floor_usage":[3,8,16,18,21,23],"damage_taken":[{"damage":0,"enemies":"Cultist","floor":1,"turns":4},{"damage":0,"enemies":"2 Louse","floor":2,"turns":2},{"damage":9,"enemies":"Jaw Worm","floor":3,"turns":4},{"damage":3,"enemies":"Blue Slaver","floor":5,"turns":4},{"damage":3,"enemies":"Lagavulin","floor":6,"turns":8},{"damage":11,"enemies":"3 Sentries","floor":8,"turns":6},{"damage":12,"enemies":"Large Slime","floor":10,"turns":6},{"damage":13,"enemies":"3 Louse","floor":11,"turns":3},{"damage":4,"enemies":"Looter","floor":14,"turns":3},{"damage":15,"enemies":"Slime Boss","floor":16,"turns":8},{"damage":12,"enemies":"2 Thieves","floor":18,"turns":4},{"damage":22,"enemies":"Shell Parasite","floor":21,"turns":4},{"damage":22,"enemies":"Cultist and Chosen","floor":22,"turns":6},{"damage":30,"enemies":"Book of Stabbing","floor":23,"turns":4},{"damage":17,"enemies":"Sentry and Sphere","floor":24,"turns":3}],"seed_played":"5458655761419304877","potions_obtained":[{"floor":1,"key":"Dexterity Potion"},{"floor":2,"key":"SkillPotion"},{"floor":5,"key":"PowerPotion"},{"floor":14,"key":"Swift Potion"},{"floor":16,"key":"Explosive Potion"},{"floor":18,"key":"FairyPotion"},{"floor":21,"key":"Fruit Juice"},{"floor":22,"key":"PowerPotion"}],"is_trial":false,"path_per_floor":["M","M","M","?","M","E","R","E","T","M","M","R","$","M","R","B",null,"M","?","?","M","M","E","M"],"character_chosen":"DEFECT","items_purchased":["All For One","Cold Snap"],"campfire_rested":0,"item_purchase_floors":[13,13],"current_hp_per_floor":[64,64,55,36,33,30,30,40,40,35,29,29,29,32,32,24,59,54,54,54,44,29,14,0],"gold":229,"neow_bonus":"TRANSFORM_TWO_CARDS","is_prod":false,"is_daily":false,"chose_seed":false,"campfire_upgraded":3,"win_rate":0,"timestamp":1549660256,"path_taken":["M","?","M","?","M","E","R","E","T","M","M","R","?","M","R","BOSS","M","?","?","M","M","E","M"],"build_version":"2019-01-23","purchased_purges":1,"victory":false,"max_hp_per_floor":[64,64,64,64,64,64,64,71,71,71,71,71,71,71,71,71,71,71,71,71,76,76,76,76],"card_choices":[{"not_picked":["Steam","Darkness"],"picked":"Consume","floor":1},{"not_picked":["Compile Driver","Barrage"],"picked":"Storm","floor":2},{"not_picked":["Chaos","Redo"],"picked":"Tempest","floor":3},{"not_picked":["Aggregate","Streamline"],"picked":"Coolheaded","floor":5},{"not_picked":["Skim","Doom and Gloom"],"picked":"Self Repair","floor":6},{"not_picked":["Fusion","Self Repair"],"picked":"Genetic Algorithm","floor":8},{"not_picked":["Turbo","Redo"],"picked":"Leap","floor":10},{"not_picked":["Aggregate","Undo"],"picked":"Hologram","floor":11},{"not_picked":["Stack","Scrape"],"picked":"Gash","floor":14},{"not_picked":["Meteor Strike","Machine Learning"],"picked":"Seek","floor":16},{"not_picked":["Rebound","Sunder"],"picked":"Gash","floor":18},{"not_picked":["Turbo","Undo","Conserve Battery"],"picked":"SKIP","floor":21},{"not_picked":["Scrape","Compile Driver"],"picked":"Go for the Eyes","floor":22},{"not_picked":["Fission","Rebound"],"picked":"Gash","floor":23}],"player_experience":663014,"relics_obtained":[{"floor":6,"key":"Mummified Hand"},{"floor":8,"key":"Strawberry"},{"floor":9,"key":"War Paint"},{"floor":23,"key":"Omamori"}],"event_choices":[{"damage_healed":0,"gold_gain":0,"player_choice":"Entered Light","damage_taken":19,"max_hp_gain":0,"max_hp_loss":0,"event_name":"Shining Light","floor":4,"gold_loss":0,"cards_upgraded":["Consume","Zap"]},{"damage_healed":0,"gold_gain":0,"player_choice":"Ignored","damage_taken":0,"max_hp_gain":0,"max_hp_loss":0,"event_name":"The Mausoleum","floor":19,"gold_loss":0},{"damage_healed":0,"gold_gain":0,"player_choice":"Ignored","damage_taken":0,"max_hp_gain":0,"max_hp_loss":0,"event_name":"Vampires","floor":20,"gold_loss":0}],"is_beta":false,"boss_relics":[{"not_picked":["Astrolabe","Coffee Dripper"],"picked":"Nuclear Battery"}],"items_purged_floors":[13],"is_endless":false,"potions_floor_spawned":[1,2,5,14,16,18,21,22],"killed_by":"Sentry and Sphere","ascension_level":20}