{"gold_per_floor":[116,41,141,157,29,29,49,61,61,87,105,105,123,143,143,242,242,260,137,137,137,154,154,154],"floor_reached":24,"playtime":1165,"items_purged":["Defend_B","Defend_B"],"score":198,"play_id":"33850670-7541-4279-b50a-3521886101fa","local_time":"20181229172038","is_ascension_mode":false,"campfire_choices":[{"data":"Blizzard","floor":6,"key":"SMITH"},{"floor":12,"key":"REST"},{"data":"Chill","floor":15,"key":"SMITH"},{"data":"Multi-Cast","floor":23,"key":"SMITH"}],"neow_cost":"NONE","seed_source_timestamp":368040339878402,"circlet_count":0,"master_deck":["Strike_B","Strike_B","Strike_B","Strike_B","Defend_B","Defend_B","Zap","Dualcast","Leap","Blizzard+1","Coolheaded","Chill+1","Cold Snap","Multi-Cast+1","Cold Snap","BootSequence"],"relics":["Cracked Core","Matryoshka","Meat on the Bone","Inserter"],"potions_floor_usage":[10,16,16,16],"damage_taken":[{"damage":0,"enemies":"2 Louse","floor":1,"turns":2},{"damage":0,"enemies":"Cultist","floor":4,"turns":3},{"damage":0,"enemies":"Small Slimes","floor":7,"turns":3},{"damage":0,"enemies":"Exordium Wildlife","floor":8,"turns":3},{"damage":28,"enemies":"3 Sentries","floor":10,"turns":6},{"damage":0,"enemies":"Exordium Thugs","floor":11,"turns":5},{"damage":8,"enemies":"Blue Slaver","floor":13,"turns":4},{"damage":5,"enemies":"2 Fungi Beasts","floor":14,"turns":3},{"damage":27,"enemies":"Slime Boss","floor":16,"turns":13},{"damage":5,"enemies":"Chosen","floor":18,"turns":8},{"damage":17,"enemies":"3 Byrds","floor":22,"turns":4},{"damage":62,"enemies":"Gremlin Leader","floor":24,"turns":5}],"seed_played":"-3188047815464336341","potions_obtained":[{"floor":1,"key":"AttackPotion"},{"floor":10,"key":"Dexterity Potion"},{"floor":11,"key":"Block Potion"},{"floor":13,"key":"SkillPotion"},{"floor":14,"key":"Block Potion"},{"floor":18,"key":"Swift Potion"}],"is_trial":false,"path_per_floor":["M","$","?","M","$","R","M","M","T","E","M","R","M","M","R","B",null,"M","$","?","?","M","R","E"],"character_chosen":"DEFECT","items_purchased":["Blizzard","Coolheaded","Cold Snap"],"campfire_rested":1,"item_purchase_floors":[5,5,19],"current_hp_per_floor":[75,75,75,75,75,75,75,75,75,47,47,69,61,56,56,41,75,70,70,70,70,53,53,0],"gold":154,"neow_bonus":"THREE_CARDS","is_prod":false,"is_daily":false,"chose_seed":false,"campfire_upgraded":3,"win_rate":0,"timestamp":1546122038,"path_taken":["M","$","?","M","$","R","M","M","T","E","M","R","M","?","R","BOSS","M","$","?","?","M","R","E"],"build_version":"2018-12-20","purchased_purges":2,"victory":false,"max_hp_per_floor":[75,75,75,75,75,75,75,75,75,75,75,75,75,75,75,75,75,75,75,75,75,75,75,75],"card_choices":[{"not_picked":["Double Energy","Steam"],"picked":"Leap","floor":0},{"not_picked":["Force Field","Beam Cell","Chaos"],"picked":"SKIP","floor":1},{"not_picked":["Beam Cell","Turbo","Rebound"],"picked":"SKIP","floor":4},{"not_picked":["Gash","Stack","Undo"],"picked":"SKIP","floor":7},{"not_picked":["Hologram","Hello World","Rebound"],"picked":"SKIP","floor":8},{"not_picked":["Capacitor","Ball Lightning"],"picked":"Chill","floor":10},{"not_picked":["Storm","Ball Lightning","Sunder"],"picked":"SKIP","floor":11},{"not_picked":["Genetic Algorithm","Streamline"],"picked":"Cold Snap","floor":13},{"not_picked":["Recycle","Sunder","Go for the Eyes"],"picked":"SKIP","floor":14},{"not_picked":["Machine Learning","Meteor Strike"],"picked":"Multi-Cast","floor":16},{"not_picked":["Barrage","Rip and Tear","Lockon+1"],"picked":"SKIP","floor":18},{"not_picked":["Steam","Sunder","Auto Shields"],"picked":"SKIP","floor":22}],"player_experience":360139,"relics_obtained":[{"floor":9,"key":"Matryoshka"},{"floor":10,"key":"Meat on the Bone"}],"event_choices":[{"damage_healed":0,"gold_gain":100,"player_choice":"Pray","damage_taken":0,"max_hp_gain":0,"max_hp_loss":0,"event_name":"Golden Shrine","floor":3,"gold_loss":0},{"damage_healed":0,"gold_gain":0,"player_choice":"Ignored","damage_taken":0,"max_hp_gain":0,"max_hp_loss":0,"event_name":"Vampires","floor":20,"gold_loss":0},{"damage_healed":0,"gold_gain":0,"player_choice":"Read","damage_taken":0,"max_hp_gain":0,"max_hp_loss":0,"event_name":"The Library","floor":21,"gold_loss":0,"cards_obtained":["BootSequence"]}],"is_beta":false,"boss_relics":[{"not_picked":["Pandora\u0027s Box","Snecko Eye"],"picked":"Inserter"}],"items_purged_floors":[2,19],"is_endless":false,"potions_floor_spawned":[1,10,11,13,14,18],"killed_by":"Gremlin Leader","ascension_level":0}