{"path_per_floor":["M","?","?","?","$","R","M","R","T","$","M","?","M","M","R","B",null,"M","?","?","M","?","R","M","$","T","R","?","M","?","M","R"],"character_chosen":"THE_SILENT","items_purchased":["Deadly Poison","Bane","Anchor","Juzu Bracelet"],"gold_per_floor":[114,114,114,114,43,43,60,60,60,60,70,70,93,116,116,237,275,299,337,337,358,358,358,376,79,155,155,155,169,169,189,189,189],"floor_reached":33,"campfire_rested":4,"playtime":3438,"current_hp_per_floor":[70,63,63,49,49,70,66,66,66,66,66,65,53,46,46,11,70,45,22,22,13,13,34,25,25,25,46,46,12,35,16,37,0],"items_purged":[],"gold":189,"score":235,"play_id":"b31de5dd-0597-42b0-966b-7adbb3f18bad","local_time":"20180507192648","is_prod":false,"is_daily":false,"chose_seed":false,"is_ascension_mode":false,"campfire_upgraded":2,"timestamp":1525685208,"path_taken":["M","?","?","?","?","R","?","R","T","$","M","?","M","M","R","BOSS","M","?","?","M","?","R","M","?","T","R","?","M","?","M","R","BOSS"],"build_version":"2018-05-03","seed_source_timestamp":85041357885861,"purchased_purges":0,"victory":false,"master_deck":["Defend_G","Defend_G","Defend_G","Strike_G","Strike_G+1","Strike_G+1","Strike_G","Strike_G+1","Survivor","Neutralize+1","Regret","Deadly Poison","Bane","Backstab+1","Die Die Die","Poisoned Stab","Backstab+1","Bouncing Flask","Poisoned Stab+1"],"max_hp_per_floor":[70,70,70,70,70,70,70,70,70,70,70,65,65,65,65,65,70,70,70,70,70,70,70,70,70,70,70,70,70,70,70,70,70],"relics":["Ring of the Snake","Omamori","Bag of Preparation","Bloody Idol","Tiny House","Red Mask","Orichalcum","Anchor","Juzu Bracelet","Smiling Mask"],"card_choices":[{"not_picked":["Flechettes","Slice"],"picked":"Backstab","floor":11},{"not_picked":["Glass Knife","Venomology"],"picked":"Die Die Die","floor":16},{"not_picked":["Acrobatics","Quick Slash"],"picked":"Poisoned Stab","floor":18},{"not_picked":["Dagger Spray","Underhanded Strike"],"picked":"Bouncing Flask","floor":29},{"not_picked":["Tools of the Trade","Flying Knee"],"picked":"Poisoned Stab","floor":31}],"player_experience":164722,"potions_floor_usage":[16,16,18,19,24,33],"damage_taken":[{"damage":0,"enemies":"Jaw Worm","floor":1,"turns":4},{"damage":4,"enemies":"Small Slimes","floor":7,"turns":3},{"damage":0,"enemies":"2 Louse","floor":11,"turns":1},{"damage":12,"enemies":"Large Slime","floor":13,"turns":5},{"damage":7,"enemies":"Exordium Wildlife","floor":14,"turns":5},{"damage":35,"enemies":"The Guardian","floor":16,"turns":12},{"damage":31,"enemies":"Spheric Guardian","floor":18,"turns":6},{"damage":23,"enemies":"Masked Bandits","floor":19,"turns":5},{"damage":9,"enemies":"Shell Parasite","floor":21,"turns":3},{"damage":9,"enemies":"Snake Plant","floor":24,"turns":3},{"damage":39,"enemies":"Cultist and Chosen","floor":29,"turns":6},{"damage":24,"enemies":"Chosen and Byrds","floor":31,"turns":5},{"damage":43,"enemies":"Collector","floor":33,"turns":5}],"event_choices":[{"event_name":"Golden Wing","player_choice":"Card Removal","floor":2,"damage_taken":0},{"event_name":"Big Fish","player_choice":"Box","floor":3,"damage_taken":0},{"event_name":"Shining Light","player_choice":"Entered Light","floor":4,"damage_taken":0},{"event_name":"Golden Idol","player_choice":"Lose Max HP","floor":12,"damage_taken":0},{"event_name":"Masked Bandits","player_choice":"Fought over 299 gold","floor":19,"damage_taken":0},{"event_name":"Duplicator","player_choice":"One dupe","floor":20,"damage_taken":0},{"event_name":"The Mausoleum","player_choice":"Yes","floor":22,"damage_taken":0},{"event_name":"Forgotten Altar","player_choice":"Gave Idol","floor":28,"damage_taken":0},{"event_name":"The Library","player_choice":"Heal","floor":30,"damage_taken":0}],"boss_relics":[{"not_picked":["Ectoplasm","Velvet Choker"],"picked":"Tiny House"}],"potions_floor_spawned":[7,14,18,21,31],"seed_played":"494181674590608245","killed_by":"Collector","ascension_level":0,"is_trial":false}