{"gold_per_floor":[111,111,111,131,131,158,175,186,234,234,327,6,6,21,21,121,421,393,225,225,243,260,260,275,275],"floor_reached":25,"playtime":994,"items_purged":["Strike_R","Regret"],"score":228,"play_id":"833c7253-c295-4eda-8af0-fcfe4dd4a6c3","local_time":"20190129192118","is_ascension_mode":false,"campfire_choices":[{"data":"Anger","floor":10.0,"key":"SMITH"},{"floor":15,"key":"REST"},{"floor":23,"key":"REST"}],"neow_cost":"NONE","seed_source_timestamp":0,"circlet_count":0,"master_deck":["Strike_R","Strike_R","Strike_R","Strike_R+1","Defend_R","Defend_R","Defend_R","Defend_R+1","Bash","Sword Boomerang","Armaments+1","Metallicize","Anger+1","Demon Form","Shame","Writhe","Metallicize","Rage+1","Disarm+1"],"special_seed":0,"relics":["Burning Blood","NeowsBlessing","Toxic Egg 2","Tiny Chest","Bottled Tornado","Calling Bell","Potion Belt","Letter Opener","Old Coin"],"potions_floor_usage":[18,25],"damage_taken":[{"damage":0.0,"enemies":"Small Slimes","floor":1.0,"turns":1.0},{"damage":0.0,"enemies":"Jaw Worm","floor":4.0,"turns":1.0},{"damage":0.0,"enemies":"Lagavulin","floor":6.0,"turns":1.0},{"damage":4.0,"enemies":"2 Louse","floor":7.0,"turns":3.0},{"damage":5.0,"enemies":"Looter","floor":8.0,"turns":3.0},{"damage":21.0,"enemies":"Gremlin Nob","floor":11.0,"turns":4.0},{"damage":9.0,"enemies":"Blue Slaver","floor":14.0,"turns":4.0},{"damage":42,"enemies":"Hexaghost","floor":16,"turns":12},{"damage":51,"enemies":"2 Thieves","floor":18,"turns":5},{"damage":11,"enemies":"Spheric Guardian","floor":21,"turns":4},{"damage":23,"enemies":"Centurion and Healer","floor":22,"turns":8},{"damage":31,"enemies":"Shelled Parasite and Fungi","floor":24,"turns":9},{"damage":25,"enemies":"Sentry and Sphere","floor":25,"turns":3}],"seed_played":"-6778021575637334210","potions_obtained":[{"floor":4.0,"key":"SneckoOil"},{"floor":11.0,"key":"GamblersBrew"},{"floor":16,"key":"Regen Potion"},{"floor":18,"key":"GamblersBrew"},{"floor":24,"key":"GamblersBrew"}],"is_trial":false,"path_per_floor":["M","?","$","M","?","E","M","M","T","R","?","$","?","M","R","B",null,"M","$","?","M","M","R","M","M"],"character_chosen":"IRONCLAD","items_purchased":["Bottled Tornado","Rage+1"],"campfire_rested":2,"item_purchase_floors":[12,19],"current_hp_per_floor":[80,80,80,80,64,70,72,73,73,73,58,58,58,55,79,43,80,45,45,45,40,23,47,22,0],"gold":275,"neow_bonus":"THREE_ENEMY_KILL","is_prod":false,"is_daily":false,"chose_seed":false,"campfire_upgraded":1,"win_rate":0,"timestamp":1548807678,"path_taken":["M","?","$","M","?","E","M","M","T","R","?","$","?","M","R","BOSS","M","$","?","M","M","R","M","M"],"build_version":"2019-01-23","purchased_purges":2,"victory":false,"max_hp_per_floor":[80,80,80,80,80,80,80,80,80,80,80,80,80,80,80,80,80,80,80,80,80,80,80,80,80],"card_choices":[{"not_picked":["Wild Strike","Twin Strike","Rupture"],"picked":"SKIP","floor":1.0},{"not_picked":["Armaments","Twin Strike"],"picked":"Sword Boomerang","floor":4.0},{"not_picked":["Pommel Strike","Clash"],"picked":"Armaments","floor":6.0},{"not_picked":["Sever Soul","Second Wind+1"],"picked":"Metallicize","floor":7.0},{"not_picked":["Thunderclap","Armaments+1"],"picked":"Anger","floor":8.0},{"not_picked":["Reckless Charge","Combust","Sever Soul"],"picked":"SKIP","floor":14.0},{"not_picked":["Bludgeon","Offering+1"],"picked":"Demon Form","floor":16},{"not_picked":["Second Wind+1","Battle Trance+1"],"picked":"Metallicize","floor":18},{"not_picked":["Clothesline","Twin Strike","Wild Strike+1"],"picked":"SKIP","floor":21},{"not_picked":["Ghostly Armor+1","Cleave"],"picked":"Disarm+1","floor":22},{"not_picked":["Iron Wave","True Grit+1","Armaments+1"],"picked":"SKIP","floor":24}],"player_experience":54177,"relics_obtained":[{"floor":6.0,"key":"Toxic Egg 2"},{"floor":17,"key":"Potion Belt"},{"floor":17,"key":"Letter Opener"},{"floor":17,"key":"Old Coin"}],"event_choices":[{"damage_healed":0.0,"max_hp_gain":0.0,"max_hp_loss":0.0,"gold_gain":0.0,"event_name":"The Cleric","player_choice":"Leave","floor":2.0,"gold_loss":0.0,"damage_taken":0.0},{"damage_healed":0.0,"max_hp_gain":0.0,"max_hp_loss":0.0,"gold_gain":0.0,"event_name":"Shining Light","player_choice":"Entered Light","floor":5.0,"gold_loss":0.0,"damage_taken":16.0,"cards_upgraded":["Defend_R","Strike_R"]},{"damage_healed":0.0,"max_hp_gain":0.0,"max_hp_loss":0.0,"gold_gain":0.0,"event_name":"Dead Adventurer","player_choice":"Searched \u00272\u0027 times","floor":11.0,"gold_loss":0.0,"damage_taken":0.0,"relics_obtained":["Tiny Chest"]},{"damage_healed":0.0,"max_hp_gain":0.0,"max_hp_loss":0.0,"gold_gain":0.0,"event_name":"Liars Game","player_choice":"Ignored","floor":13.0,"gold_loss":0.0,"damage_taken":0.0},{"damage_healed":0,"gold_gain":0,"player_choice":"Ignored","damage_taken":0,"max_hp_gain":0,"max_hp_loss":0,"event_name":"The Mausoleum","floor":20,"gold_loss":0}],"is_beta":false,"boss_relics":[{"not_picked":["Pandora\u0027s Box","Velvet Choker"],"picked":"Calling Bell"}],"items_purged_floors":[12,19],"is_endless":false,"potions_floor_spawned":[4,11,16,18,24],"killed_by":"Sentry and Sphere","ascension_level":0}