{"gold_per_floor":[218,236,411,8,8,38,49,78,78,93,107,118,143,153,153,258,258,275,295,314,229,229,259,259,274,274,274,303,303,338,338,338,440,490,508,560,960,574,594,594],"floor_reached":40,"playtime":1904,"items_purged":["Doubt","Pain"],"score":567,"play_id":"5d1337cf-ab43-43f1-8086-3008c4cab3f7","local_time":"20190223132132","is_ascension_mode":true,"campfire_choices":[{"data":"Crippling Poison","floor":15,"key":"SMITH"},{"data":"Night Terror","floor":24,"key":"SMITH"},{"floor":32,"key":"REST"}],"neow_cost":"NONE","seed_source_timestamp":756008692838199,"circlet_count":0,"master_deck":["Defend_G+1","Defend_G+1","Defend_G+1","Defend_G+1","Defend_G+1","Strike_G+1","Strike_G+1","Strike_G+1","Strike_G+1","Strike_G+1","Survivor+1","Neutralize","Dash","Dagger Spray","Well Laid Plans","Bane","Deadly Poison","Backstab+1","Poisoned Stab","Crippling Poison+1","Corpse Explosion","Dodge and Roll","Night Terror+1","Dash","Decay","Acrobatics","PiercingWail","Die Die Die","Quick Slash+1","PiercingWail+1"],"relics":["Ring of the Snake","TwistedFunnel","Bag of Marbles","Meat on the Bone","Gremlin Horn","Kunai","Sundial","Cursed Key","Letter Opener","Boot","Shuriken","Matryoshka","MutagenicStrength","Whetstone","Tiny House","Tough Bandages","Old Coin","Nunchaku"],"potions_floor_usage":[30,33,40,40,40],"damage_taken":[{"damage":2,"enemies":"Jaw Worm","floor":1,"turns":5},{"damage":3,"enemies":"2 Louse","floor":2,"turns":2},{"damage":18,"enemies":"Gremlin Nob","floor":6,"turns":4},{"damage":0,"enemies":"Small Slimes","floor":7,"turns":1},{"damage":14,"enemies":"3 Sentries","floor":8,"turns":6},{"damage":0,"enemies":"Exordium Wildlife","floor":10,"turns":2},{"damage":0,"enemies":"Red Slaver","floor":11,"turns":1},{"damage":0,"enemies":"Large Slime","floor":12,"turns":4},{"damage":0,"enemies":"Gremlin Nob","floor":13,"turns":3},{"damage":0,"enemies":"Looter","floor":14,"turns":2},{"damage":12,"enemies":"Slime Boss","floor":16,"turns":8},{"damage":1,"enemies":"Chosen","floor":18,"turns":3},{"damage":0,"enemies":"3 Byrds","floor":19,"turns":3},{"damage":7,"enemies":"Shelled Parasite and Fungi","floor":20,"turns":3},{"damage":9,"enemies":"Gremlin Leader","floor":23,"turns":5},{"damage":2,"enemies":"Centurion and Healer","floor":25,"turns":5},{"damage":30,"enemies":"Book of Stabbing","floor":28,"turns":5},{"damage":13,"enemies":"Slavers","floor":30,"turns":2},{"damage":40,"enemies":"Automaton","floor":33,"turns":12},{"damage":0,"enemies":"3 Darklings","floor":35,"turns":1},{"damage":15,"enemies":"2 Orb Walkers","floor":36,"turns":3},{"damage":18,"enemies":"Mind Bloom Boss Battle","floor":37,"turns":7},{"damage":0,"enemies":"3 Shapes","floor":39,"turns":1},{"damage":55,"enemies":"Giant Head","floor":40,"turns":8}],"seed_played":"3444127058125860601","potions_obtained":[{"floor":7,"key":"LiquidBronze"},{"floor":10,"key":"PowerPotion"},{"floor":11,"key":"AttackPotion"},{"floor":23,"key":"Regen Potion"},{"floor":34,"key":"Block Potion"},{"floor":37,"key":"GamblersBrew"}],"is_trial":false,"path_per_floor":["M","M","?","$","?","E","M","E","T","M","M","M","E","M","R","B",null,"M","M","M","?","?","E","R","M","T","?","E","?","E","?","R","B",null,"M","?","?","$","M","E"],"character_chosen":"THE_SILENT","items_purchased":["TwistedFunnel","Well Laid Plans","Bane","Nunchaku"],"campfire_rested":1,"item_purchase_floors":[4,4,4,38],"current_hp_per_floor":[68,65,65,65,53,35,47,45,45,45,45,45,45,45,45,45,70,69,69,62,62,62,53,53,51,51,51,33,33,32,32,53,40,75,75,60,42,42,42,0],"gold":594,"neow_bonus":"HUNDRED_GOLD","is_prod":false,"is_daily":false,"chose_seed":false,"campfire_upgraded":2,"win_rate":0,"timestamp":1550946092,"path_taken":["M","M","?","$","?","E","M","E","T","M","M","M","E","M","R","BOSS","M","M","M","?","?","E","R","?","T","?","E","?","E","?","R","BOSS","M","?","?","$","M","E"],"build_version":"2019-01-23","purchased_purges":2,"victory":false,"max_hp_per_floor":[70,70,70,70,70,70,70,70,70,70,70,70,70,70,70,70,70,70,70,70,70,70,70,70,70,70,70,70,70,70,70,70,70,75,75,75,75,75,75,75],"card_choices":[{"not_picked":["Prepared","Backstab"],"picked":"Dash","floor":1},{"not_picked":["PiercingWail","Deadly Poison"],"picked":"Dagger Spray","floor":2},{"not_picked":["Outmaneuver","Distraction","Prepared"],"picked":"SKIP","floor":6},{"not_picked":["Dagger Throw","Backflip"],"picked":"Deadly Poison","floor":7},{"not_picked":["Blur","A Thousand Cuts","Outmaneuver"],"picked":"SKIP","floor":8},{"not_picked":["Underhanded Strike","Leg Sweep"],"picked":"Backstab","floor":10},{"not_picked":["Accuracy","Bane"],"picked":"Poisoned Stab","floor":11},{"not_picked":["Heel Hook","Sucker Punch","Quick Slash"],"picked":"SKIP","floor":12},{"not_picked":["Sucker Punch","Endless Agony","Eviscerate"],"picked":"SKIP","floor":13},{"not_picked":["Endless Agony","Infinite Blades"],"picked":"Crippling Poison","floor":14},{"not_picked":["Storm of Steel","Doppelganger"],"picked":"Corpse Explosion","floor":16},{"not_picked":["Flechettes+1","Slice"],"picked":"Dodge and Roll","floor":18},{"not_picked":["Deflect","Crippling Poison"],"picked":"Night Terror","floor":19},{"not_picked":["Predator","Outmaneuver+1"],"picked":"Dash","floor":20},{"not_picked":["Blade Dance+1","Dagger Spray"],"picked":"Acrobatics","floor":23},{"not_picked":["Outmaneuver+1","Tools of the Trade"],"picked":"PiercingWail","floor":25},{"not_picked":["Deadly Poison","Prepared","Outmaneuver+1"],"picked":"SKIP","floor":28},{"not_picked":["Outmaneuver","Sucker Punch","All Out Attack"],"picked":"SKIP","floor":30},{"not_picked":["Unload","Night Terror"],"picked":"Die Die Die","floor":33},{"not_picked":["Eviscerate+1","Blade Dance"],"picked":"Quick Slash+1","floor":34},{"not_picked":["Outmaneuver","Masterful Stab"],"picked":"PiercingWail+1","floor":35},{"not_picked":["Skewer","Underhanded Strike","Bane"],"picked":"SKIP","floor":39}],"player_experience":223895,"relics_obtained":[{"floor":6,"key":"Meat on the Bone"},{"floor":8,"key":"Gremlin Horn"},{"floor":9,"key":"Kunai"},{"floor":13,"key":"Sundial"},{"floor":23,"key":"Boot"},{"floor":26,"key":"Shuriken"},{"floor":28,"key":"Matryoshka"},{"floor":30,"key":"Whetstone"},{"floor":36,"key":"Tough Bandages"},{"floor":37,"key":"Old Coin"}],"event_choices":[{"damage_healed":0,"gold_gain":175,"player_choice":"AGREE","damage_taken":0,"max_hp_gain":0,"max_hp_loss":0,"event_name":"Liars Game","floor":3,"gold_loss":0,"cards_obtained":["Doubt"]},{"damage_healed":0,"gold_gain":0,"player_choice":"Success","damage_taken":12,"relics_obtained":["Bag of Marbles"],"max_hp_gain":0,"max_hp_loss":0,"event_name":"Scrap Ooze","floor":5,"gold_loss":0},{"damage_healed":0,"gold_gain":0,"player_choice":"Obtained Relic","damage_taken":0,"relics_obtained":["Letter Opener"],"max_hp_gain":0,"max_hp_loss":0,"event_name":"Addict","floor":21,"gold_loss":85},{"damage_healed":0,"gold_gain":0,"player_choice":"Cursed","damage_taken":0,"max_hp_gain":0,"max_hp_loss":0,"event_name":"Wheel of Change","floor":22,"gold_loss":0,"cards_obtained":["Decay"]},{"damage_healed":0,"gold_gain":0,"player_choice":"Ignored","damage_taken":0,"max_hp_gain":0,"max_hp_loss":0,"event_name":"Vampires","floor":27,"gold_loss":0},{"damage_healed":0,"gold_gain":0,"player_choice":"Inject Mutagens","damage_taken":0,"relics_obtained":["MutagenicStrength"],"max_hp_gain":0,"max_hp_loss":0,"event_name":"Drug Dealer","floor":29,"gold_loss":0},{"damage_healed":0,"gold_gain":0,"player_choice":"Simplicity","damage_taken":0,"max_hp_gain":0,"max_hp_loss":0,"event_name":"Back to Basics","floor":31,"gold_loss":0,"cards_upgraded":["Defend_G","Defend_G","Defend_G","Defend_G","Defend_G","Strike_G","Strike_G","Strike_G","Strike_G"]},{"damage_healed":0,"gold_gain":0,"player_choice":"Fight","damage_taken":0,"max_hp_gain":0,"max_hp_loss":0,"event_name":"Mysterious Sphere","floor":36,"gold_loss":0},{"damage_healed":0,"gold_gain":0,"player_choice":"Fight","damage_taken":0,"max_hp_gain":0,"max_hp_loss":0,"event_name":"MindBloom","floor":37,"gold_loss":0}],"is_beta":false,"boss_relics":[{"not_picked":["Snecko Eye","Astrolabe"],"picked":"Cursed Key"},{"not_picked":["Lizard Tail","Calling Bell"],"picked":"Tiny House"}],"items_purged_floors":[4,38],"is_endless":false,"potions_floor_spawned":[7,10,11,12,16,20,23,25,37],"killed_by":"Giant Head","ascension_level":1}