{"gold_per_floor":[110,35,35,35,55,81,81,28,51,51,69,104,104,117,117,220,220,236,253,270,51,51,76,76,76,102,102],"floor_reached":27,"playtime":1826,"items_purged":["Strike_B","Strike_B"],"score":356,"play_id":"4f84d94b-7283-40c7-9336-438f4540788e","local_time":"20181117031056","is_ascension_mode":true,"campfire_choices":[{"data":"Dualcast","floor":7,"key":"SMITH"},{"floor":10,"key":"REST"},{"floor":15,"key":"RECALL"},{"floor":24,"key":"REST"}],"neow_cost":"NONE","seed_source_timestamp":52718389278663,"circlet_count":0,"master_deck":["Defend_B+1","Defend_B","Defend_B","Zap+1","Dualcast+1","Cold Snap","BootSequence","Self Repair","Auto Shields","Go for the Eyes","Genetic Algorithm","Seek","Defragment","Defragment","Coolheaded","Writhe","Thunder Strike"],"relics":["Cracked Core","Bottled Lightning","PreservedInsect","Pantograph","Black Star","Vajra","Turnip","Du-Vu Doll","Oddly Smooth Stone"],"potions_floor_usage":[16,23,23,27,27],"damage_taken":[{"damage":0,"enemies":"Small Slimes","floor":1,"turns":2},{"damage":0,"enemies":"2 Louse","floor":5,"turns":3},{"damage":22,"enemies":"3 Sentries","floor":6,"turns":9},{"damage":2,"enemies":"Cultist","floor":11,"turns":3},{"damage":0,"enemies":"Lagavulin","floor":12,"turns":7},{"damage":7,"enemies":"Large Slime","floor":14,"turns":5},{"damage":63,"enemies":"Hexaghost","floor":16,"turns":14},{"damage":17,"enemies":"Spheric Guardian","floor":18,"turns":6},{"damage":9,"enemies":"Shell Parasite","floor":19,"turns":8},{"damage":27,"enemies":"Centurion and Healer","floor":20,"turns":17},{"damage":17,"enemies":"Book of Stabbing","floor":23,"turns":7},{"damage":44,"enemies":"Gremlin Leader","floor":27,"turns":2}],"seed_played":"-3505718383608858985","potions_obtained":[{"floor":6,"key":"LiquidBronze"},{"floor":12,"key":"EssenceOfSteel"},{"floor":16,"key":"LiquidBronze"},{"floor":20,"key":"SteroidPotion"},{"floor":23,"key":"SkillPotion"}],"is_trial":false,"path_per_floor":["M","$","?","?","M","E","R","$","T","R","M","E","?","M","R","B",null,"M","M","M","$","?","E","R","?","T","E"],"character_chosen":"DEFECT","items_purchased":["Go for the Eyes","Defragment","Coolheaded"],"campfire_rested":2,"item_purchase_floors":[8,21,21],"current_hp_per_floor":[68,68,68,53,53,38,38,38,38,60,65,72,54,54,54,19,61,51,49,29,29,29,19,41,41,41,0],"gold":102,"neow_bonus":"TRANSFORM_CARD","is_prod":false,"is_daily":false,"chose_seed":false,"campfire_upgraded":1,"win_rate":0,"timestamp":1542420656,"path_taken":["M","$","?","?","M","E","R","$","T","R","M","E","?","M","R","BOSS","M","M","M","$","?","E","R","?","T","E"],"build_version":"2018-11-15","purchased_purges":2,"victory":false,"max_hp_per_floor":[75,75,75,75,75,75,75,75,75,75,75,75,75,75,75,75,75,75,75,75,75,75,75,75,75,75,75],"card_choices":[{"not_picked":["Go for the Eyes","Blizzard"],"picked":"BootSequence","floor":1},{"not_picked":["Steam","Barrage"],"picked":"Self Repair","floor":5},{"not_picked":["Go for the Eyes","Streamline"],"picked":"Auto Shields","floor":6},{"not_picked":["Gash","Stack","Turbo"],"picked":"SKIP","floor":11},{"not_picked":["Meteor Strike","Static Discharge","Gash"],"picked":"SKIP","floor":12},{"not_picked":["Turbo","FTL"],"picked":"Genetic Algorithm","floor":14},{"not_picked":["Hyperbeam","Fission"],"picked":"Seek","floor":16},{"not_picked":["Heatsinks","Stack","Static Discharge"],"picked":"SKIP","floor":18},{"not_picked":["Chill","Steam"],"picked":"Defragment","floor":19},{"not_picked":["Turbo+1","Steam","Amplify"],"picked":"SKIP","floor":20},{"not_picked":["Aggregate+1","Hello World"],"picked":"Thunder Strike","floor":23}],"player_experience":416337,"relics_obtained":[{"floor":6,"key":"Bottled Lightning"},{"floor":12,"key":"PreservedInsect"},{"floor":23,"key":"Turnip"},{"floor":23,"key":"Du-Vu Doll"},{"floor":26,"key":"Oddly Smooth Stone"}],"event_choices":[{"cards_removed":["Defend_B"],"damage_healed":0,"gold_gain":0,"player_choice":"Forget","damage_taken":0,"max_hp_gain":0,"max_hp_loss":0,"event_name":"Living Wall","floor":3,"gold_loss":0},{"damage_healed":0,"gold_gain":0,"player_choice":"Entered Light","damage_taken":15,"max_hp_gain":0,"max_hp_loss":0,"event_name":"Shining Light","floor":4,"gold_loss":0,"cards_upgraded":["Zap","Defend_B"]},{"damage_healed":0,"gold_gain":0,"player_choice":"Success","damage_taken":18,"relics_obtained":["Pantograph"],"max_hp_gain":0,"max_hp_loss":0,"event_name":"Scrap Ooze","floor":13,"gold_loss":0},{"damage_healed":0,"gold_gain":0,"player_choice":"Opened","damage_taken":0,"relics_obtained":["Vajra"],"max_hp_gain":0,"max_hp_loss":0,"event_name":"The Mausoleum","floor":22,"gold_loss":0,"cards_obtained":["Writhe"]},{"cards_removed":["Strike_B"],"damage_healed":0,"gold_gain":0,"player_choice":"Offered Basic","damage_taken":0,"max_hp_gain":0,"max_hp_loss":0,"event_name":"Bonfire Elementals","floor":25,"gold_loss":0}],"is_beta":true,"boss_relics":[{"not_picked":["Ectoplasm","Pandora\u0027s Box"],"picked":"Black Star"}],"items_purged_floors":[2,21],"is_endless":false,"potions_floor_spawned":[6,12,16,20,23],"killed_by":"Gremlin Leader","ascension_level":7}