{"gold_per_floor":[115,115,175,185,202,202,237,257,257,307,339,357,357,282,282,380,380,400,450,98,73,88,88,98,98],"floor_reached":25,"playtime":1026,"items_purged":["Strike_R","Defend_R"],"score":277,"play_id":"81bf249f-9a51-4b78-97f2-ae9342ed818d","local_time":"20190216205715","is_ascension_mode":true,"campfire_choices":[{"data":"Rampage","floor":6,"key":"SMITH"},{"floor":13,"key":"REST"},{"data":"Armaments","floor":15,"key":"SMITH"},{"floor":23,"key":"REST"}],"neow_cost":"TEN_PERCENT_HP_LOSS","seed_source_timestamp":78497542764852,"circlet_count":0,"master_deck":["Defend_R+1","Bash","Searing Blow","Rampage+1","Armaments+1","Offering","Feed+1","Spot Weakness","Dropkick+1"],"relics":["Burning Blood","SsserpentHead","Blood Vial","Molten Egg 2","Ancient Tea Set","Empty Cage","Paper Frog"],"potions_floor_usage":[7,7,11,16,16],"damage_taken":[{"damage":5,"enemies":"2 Louse","floor":1,"turns":3},{"damage":1,"enemies":"Cultist","floor":3,"turns":3},{"damage":7,"enemies":"Jaw Worm","floor":4,"turns":3},{"damage":11,"enemies":"Looter","floor":5,"turns":2},{"damage":30,"enemies":"3 Sentries","floor":7,"turns":10},{"damage":9,"enemies":"Blue Slaver","floor":8,"turns":5},{"damage":16,"enemies":"Gremlin Nob","floor":11,"turns":4},{"damage":4,"enemies":"2 Fungi Beasts","floor":12,"turns":4},{"damage":43,"enemies":"Slime Boss","floor":16,"turns":9},{"damage":19,"enemies":"Shell Parasite","floor":18,"turns":6},{"damage":42,"enemies":"2 Thieves","floor":22,"turns":4},{"damage":23,"enemies":"Centurion and Healer","floor":24,"turns":4},{"damage":42,"enemies":"Gremlin Leader","floor":25,"turns":5}],"seed_played":"-2042309048443029855","potions_obtained":[{"floor":4,"key":"Block Potion"},{"floor":5,"key":"Swift Potion"},{"floor":7,"key":"Energy Potion"},{"floor":8,"key":"SteroidPotion"},{"floor":12,"key":"SteroidPotion"},{"floor":24,"key":"FearPotion"}],"is_trial":false,"path_per_floor":["M","?","M","M","M","R","E","M","T","?","E","M","R","$","R","B",null,"M","?","$","?","M","R","M","E"],"character_chosen":"IRONCLAD","items_purchased":["Paper Frog"],"campfire_rested":2,"item_purchase_floors":[20],"current_hp_per_floor":[72,72,72,71,66,66,42,41,41,27,19,23,44,44,44,9,56,49,49,49,49,19,43,28,0],"gold":98,"neow_bonus":"REMOVE_TWO","is_prod":false,"is_daily":false,"chose_seed":false,"campfire_upgraded":2,"win_rate":0,"timestamp":1550339835,"path_taken":["M","?","?","M","M","R","E","M","T","?","E","M","R","$","R","BOSS","M","?","$","?","M","R","M","E"],"build_version":"2019-01-23","purchased_purges":2,"victory":false,"max_hp_per_floor":[72,72,72,72,72,72,72,72,72,72,72,72,72,72,72,72,72,76,76,76,76,80,80,80,80],"card_choices":[{"not_picked":["Clothesline","Metallicize"],"picked":"Searing Blow","floor":1},{"not_picked":["Burning Pact","Clash"],"picked":"Rampage","floor":3},{"not_picked":["Clothesline","Wild Strike","Intimidate"],"picked":"SKIP","floor":4},{"not_picked":["Anger","True Grit","Cleave"],"picked":"SKIP","floor":5},{"not_picked":["Flex","Havoc","Pommel Strike"],"picked":"SKIP","floor":7},{"not_picked":["Clothesline","Pommel Strike"],"picked":"Armaments","floor":8},{"not_picked":["Infernal Blade","Rage"],"picked":"Offering","floor":11},{"not_picked":["Twin Strike+1","Armaments","Burning Pact"],"picked":"SKIP","floor":12},{"not_picked":["Double Tap","Juggernaut"],"picked":"Feed+1","floor":16},{"not_picked":["Heavy Blade+1","True Grit"],"picked":"Spot Weakness","floor":18},{"not_picked":["Wild Strike+1","Cleave+1","Pommel Strike+1"],"picked":"SKIP","floor":22},{"not_picked":["Infernal Blade+1","Twin Strike+1"],"picked":"Dropkick+1","floor":24}],"player_experience":306011,"relics_obtained":[{"floor":7,"key":"Blood Vial"},{"floor":9,"key":"Molten Egg 2"},{"floor":11,"key":"Ancient Tea Set"}],"event_choices":[{"damage_healed":0,"gold_gain":0,"player_choice":"Trade","damage_taken":0,"relics_obtained":["SsserpentHead"],"max_hp_gain":0,"max_hp_loss":0,"event_name":"FaceTrader","floor":2,"gold_loss":0},{"damage_healed":0,"gold_gain":0,"player_choice":"Entered Light","damage_taken":14,"max_hp_gain":0,"max_hp_loss":0,"event_name":"Shining Light","floor":10,"gold_loss":0,"cards_upgraded":["Defend_R","Strike_R"]},{"cards_removed":["Strike_R"],"damage_healed":0,"gold_gain":0,"player_choice":"Elegance","damage_taken":0,"max_hp_gain":0,"max_hp_loss":0,"event_name":"Back to Basics","floor":19,"gold_loss":0},{"cards_removed":["Defend_R"],"damage_healed":0,"gold_gain":0,"player_choice":"Gave Gold","damage_taken":0,"max_hp_gain":0,"max_hp_loss":0,"event_name":"Beggar","floor":21,"gold_loss":75}],"is_beta":false,"boss_relics":[{"not_picked":["Lizard Tail","Snecko Eye"],"picked":"Empty Cage"}],"items_purged_floors":[14,20],"is_endless":false,"potions_floor_spawned":[4,5,7,8,12,24],"killed_by":"Gremlin Leader","ascension_level":6}