{"gold_per_floor":[118,118,43,67,87,87,104,104,104,118,178,210,226,226,226,322,322,338,52,219,219,239,239,239,253,253,253,97,206,223,223,223,319,319,335,349,363,363,363,391,391,391,391,391,462,161,36,36,36,36],"floor_reached":51,"playtime":2426,"items_purged":["Strike_R","Shame","Strike_R"],"score":864,"play_id":"92abd297-d19d-47d4-aa34-101b80092bed","local_time":"20190307194551","daily_mods":["Diverse"],"is_ascension_mode":false,"campfire_choices":[{"data":"Negative_Energy_Burst","floor":6,"key":"SMITH"},{"data":"animator_DwarfShaman","floor":8,"key":"SMITH"},{"data":"Agrypnos:BigShovel","floor":23,"key":"SMITH"},{"data":"RemiliaMod:CPHwYb","floor":27,"key":"SMITH"},{"data":"Enlightenment","floor":32,"key":"SMITH"},{"data":"mysticmod:SuddenClarity","floor":41,"key":"SMITH"},{"data":"Bash","floor":42,"key":"SMITH"},{"data":"Impatience","floor":44,"key":"SMITH"},{"data":"Yohane:Impressive_Display","floor":49,"key":"SMITH"}],"neow_cost":"","seed_source_timestamp":0,"circlet_count":0,"master_deck":["Defend_R","Defend_R","Bash+1","animator_DwarfShaman+1","Guardian:Gem_Crimson","Negative_Energy_Burst+1","Yohane:Impressive_Display+1","RemiliaMod:CPHwYb+1","Agrypnos:BigShovel+1","Glutton:Feast+1","mysticmod:SuddenClarity+1","Enlightenment+1","Impatience+1"],"relics":["Burning Blood","halation:LettersToHer","conspire:BottledYoYo","strawberrySpire:ElefentMask","strawberrySpire:KineticCharger","Blood Vial","Coffee Dripper","jedi:crownofsimplicity","theJungle:SpiritDisease","theJungle:SneckoAutograph","GiantMaggot","MiniBlackHole","halation:KoshaPiece","halation:YellowSoulGem","Runesmith:UraniumAnvil","halation:QuantumPhysicsTextbook","Runesmith:Nanobots","Meat on the Bone","Strange Spoon","infinitespire:Eraser"],"potions_floor_usage":[33],"damage_taken":[{"damage":0,"enemies":"conspire:RoseBush","floor":1,"turns":4},{"damage":0,"enemies":"Cultist","floor":5,"turns":2},{"damage":6,"enemies":"infinitespire:Voidling","floor":7,"turns":3},{"damage":8,"enemies":"Exordium Wildlife","floor":10,"turns":3},{"damage":19,"enemies":"strawberrySpire:EnergyPylons","floor":12,"turns":3},{"damage":0,"enemies":"Lots of Slimes","floor":13,"turns":1},{"damage":42,"enemies":"The Guardian","floor":16,"turns":15},{"damage":0,"enemies":"theJungle:GiantWrat","floor":18,"turns":4},{"damage":0,"enemies":"theJungle:5_Spyders","floor":22,"turns":2},{"damage":0,"enemies":"Snake Plant","floor":25,"turns":2},{"damage":10,"enemies":"Nightmare","floor":29,"turns":4},{"damage":0,"enemies":"theJungle:JungleHuntersEncounter","floor":30,"turns":2},{"damage":16,"enemies":"theJungle:FunGuy","floor":33,"turns":5},{"damage":0,"enemies":"Orb Walker","floor":35,"turns":2},{"damage":3,"enemies":"3 Shapes","floor":36,"turns":3},{"damage":1,"enemies":"Maw","floor":37,"turns":5},{"damage":5,"enemies":"Giant Head","floor":40,"turns":5},{"damage":0,"enemies":"Awakened One","floor":50,"turns":5}],"seed_played":"-6156773362059854880","potions_obtained":[{"floor":1,"key":"SpeedPotion"},{"floor":5,"key":"FearPotion"},{"floor":11,"key":"FearPotion"},{"floor":22,"key":"conspire:EchoDraught"},{"floor":33,"key":"Elixir"}],"is_trial":true,"path_per_floor":["M","?","$","T","M","R","M","R","T","M","?","E","M","T","R","B",null,"M","$","?","?","M","R","?","M","T","R","$","NM","M","?","R","B",null,"M","M","M","?","?","E","R","R","T","R","T","$","$","?","R","B",null],"character_chosen":"IRONCLAD","items_purchased":["Negative_Energy_Burst","Glutton:Feast+1","jedi:crownofsimplicity","PowerPotion","Enlightenment","Strange Spoon"],"campfire_rested":0,"item_purchase_floors":[3,19,19,28,28,46],"current_hp_per_floor":[80,80,80,80,80,80,80,80,80,78,78,65,71,71,71,37,80,80,80,80,80,84,84,84,84,84,84,84,82,84,84,84,83,84,84,90,90,90,90,90,90,90,90,90,90,90,90,90,90,90],"gold":36,"neow_bonus":"","is_prod":false,"is_daily":false,"chose_seed":false,"campfire_upgraded":9,"win_rate":0,"timestamp":1551948351,"path_taken":["M","?","$","?","M","R","?","R","T","M","?","E","?","?","R","BOSS","M","$","?","?","M","R","?","M","T","R","$","NM","M","?","R","BOSS","M","?","M","?","?","E","R","R","T","R","?","$","$","?","R","BOSS"],"build_version":"2019-01-23","purchased_purges":3,"victory":true,"max_hp_per_floor":[80,80,80,80,80,80,80,80,80,80,80,80,80,80,80,80,80,80,80,80,80,84,84,84,84,84,84,84,84,84,84,84,84,84,84,90,90,90,90,90,90,90,90,90,90,90,90,90,90,90],"card_choices":[{"not_picked":["Hologram","animator_DolaCouronne"],"picked":"animator_DwarfShaman","floor":1},{"not_picked":["GearUp","Twin Strike","theScribe:LiquidumScroll"],"picked":"SKIP","floor":5},{"not_picked":["AdministrixMod:DiversionaryTactic","Keepsakes","RefreshScreen"],"picked":"SKIP","floor":7},{"not_picked":["Yohane:Dark_Shield","Agrypnos:Prune"],"picked":"Yohane:Impressive_Display","floor":10},{"not_picked":["Scrape","Chen:ResistTemptation","DragonMeteor"],"picked":"SKIP","floor":12},{"not_picked":["KarmaDrain","theDuelist:ExodiaLA","Future_Time_Capsule"],"picked":"SKIP","floor":13},{"not_picked":["sagemod:Cultist_Form","Agrypnos:QueenOfTheNight"],"picked":"Agrypnos:BigShovel","floor":16},{"not_picked":["rat:SilverDagger","blackbeard:JollyRoger","Body Slam"],"picked":"SKIP","floor":18},{"not_picked":["theDuelist:OjamaKnight+1","Glutton:Borborygmi+1","hubris:PowerSurge+1"],"picked":"SKIP","floor":22},{"not_picked":["Beam Cell","SkullFlask"],"picked":"mysticmod:SuddenClarity","floor":25},{"not_picked":["strawberrySpire:Slide","theDuelist:DarkMagicianGirl","Glutton:Voracity"],"picked":"SKIP","floor":29},{"not_picked":["sagemod:Pincer_Repair+1","AdministrixMod:Katabasis+1","blackbeard:Revenge"],"picked":"SKIP","floor":30},{"not_picked":["Slimebound:FlameTackle","construct:HeavyBolt","Agrypnos:Snapdragon"],"picked":"SKIP","floor":35},{"not_picked":["Rage","RemiliaMod:CXXSJ","Glutton:Bite+1"],"picked":"SKIP","floor":36},{"not_picked":["ReplaySolidLightProjector","Chen:Spray","Chen:Adaptability"],"picked":"SKIP","floor":37},{"not_picked":["Apotheosis","sagemod:Perplexing_Glare"],"picked":"Impatience","floor":39},{"not_picked":["Guardian:Gem_White","Concentrate+1","animator_Gillette"],"picked":"SKIP","floor":40}],"player_experience":915931,"relics_obtained":[{"floor":4,"key":"halation:LettersToHer"},{"floor":9,"key":"halation:LettersToHer"},{"floor":9,"key":"conspire:BottledYoYo"},{"floor":11,"key":"strawberrySpire:ElefentMask"},{"floor":12,"key":"strawberrySpire:KineticCharger"},{"floor":14,"key":"halation:LettersToHer"},{"floor":14,"key":"Blood Vial"},{"floor":26,"key":"GiantMaggot"},{"floor":29,"key":"halation:KoshaPiece"},{"floor":40,"key":"halation:QuantumPhysicsTextbook"},{"floor":43,"key":"halation:LettersToHer"},{"floor":43,"key":"Runesmith:Nanobots"},{"floor":45,"key":"halation:LettersToHer"},{"floor":45,"key":"Meat on the Bone"}],"event_choices":[{"damage_healed":0,"gold_gain":0,"player_choice":"Memory 1","damage_taken":0,"max_hp_gain":0,"max_hp_loss":0,"event_name":"SensoryStone","floor":39,"gold_loss":0},{"damage_healed":0,"gold_gain":0,"player_choice":"Ignored","damage_taken":0,"max_hp_gain":0,"max_hp_loss":0,"event_name":"SecretPortal","floor":48,"gold_loss":0}],"is_beta":false,"boss_relics":[{"not_picked":["construct:ClawGrip","aspiration:InfernalBlood"],"picked":"Coffee Dripper"},{"not_picked":["Ooze Armor","conspire:RunicOctahedron"],"picked":"Runesmith:UraniumAnvil"}],"items_purged_floors":[19,46,47],"is_endless":false,"potions_floor_spawned":[1,5,22,29,33,35,37,40],"ascension_level":0}