{"gold_per_floor":[118,138,151,169,182,210,230,265,343,343,359,359,374,389,389,462,462,479,64,64,64,80,80,111,122,122,122,138,138,138,154,154,154],"floor_reached":33,"playtime":2573,"items_purged":[],"score":506,"play_id":"532c47fa-3894-4bd6-8fb3-e74db567d083","local_time":"20181224044023","is_ascension_mode":true,"campfire_choices":[{"data":"Perfected Strike","floor":10.0,"key":"SMITH"},{"data":"Heavy Blade","floor":12.0,"key":"SMITH"},{"data":"Perfected Strike","floor":15.0,"key":"SMITH"},{"floor":23,"key":"REST"},{"floor":27,"key":"REST"},{"floor":30,"key":"REST"},{"data":"Whirlwind","floor":32,"key":"SMITH"}],"neow_cost":"NONE","seed_source_timestamp":731837849748399,"circlet_count":0,"master_deck":["AscendersBane","Strike_R","Strike_R","Strike_R","Strike_R","Strike_R","Defend_R","Defend_R","Defend_R","Defend_R","Bash","Inflame","Twin Strike","Perfected Strike+1","Iron Wave","Cleave","Battle Trance","Wild Strike","Heavy Blade+1","Perfected Strike+1","Perfected Strike","Bludgeon","Ghostly Armor","Corruption","Shame","Second Wind","Seeing Red","Limit Break","Shrug It Off","Whirlwind+1"],"special_seed":0,"relics":["Burning Blood","Red Skull","Odd Mushroom","Turnip","Tiny Chest","Philosopher\u0027s Stone","Charon\u0027s Ashes","Question Card","Potion Belt","Darkstone Periapt","Toxic Egg 2"],"potions_floor_usage":[24,24],"damage_taken":[{"damage":11.0,"enemies":"Cultist","floor":1.0,"turns":4.0},{"damage":8.0,"enemies":"Jaw Worm","floor":2.0,"turns":4.0},{"damage":9.0,"enemies":"2 Louse","floor":3.0,"turns":3.0},{"damage":7.0,"enemies":"Looter","floor":4.0,"turns":3.0},{"damage":9.0,"enemies":"Blue Slaver","floor":5.0,"turns":4.0},{"damage":8.0,"enemies":"Gremlin Nob","floor":6.0,"turns":3.0},{"damage":16.0,"enemies":"The Mushroom Lair","floor":7.0,"turns":4.0},{"damage":6.0,"enemies":"3 Sentries","floor":8.0,"turns":5.0},{"damage":14.0,"enemies":"Exordium Wildlife","floor":11.0,"turns":4.0},{"damage":0.0,"enemies":"Large Slime","floor":13.0,"turns":3.0},{"damage":6.0,"enemies":"Looter","floor":14.0,"turns":2.0},{"damage":7,"enemies":"Slime Boss","floor":16,"turns":6},{"damage":30,"enemies":"Shell Parasite","floor":18,"turns":3},{"damage":7,"enemies":"Spheric Guardian","floor":22,"turns":3},{"damage":30,"enemies":"Gremlin Leader","floor":24,"turns":6},{"damage":8,"enemies":"Centurion and Healer","floor":25,"turns":3},{"damage":19,"enemies":"Cultist and Chosen","floor":28,"turns":5},{"damage":26,"enemies":"Snake Plant","floor":31,"turns":4},{"damage":45,"enemies":"Champ","floor":33,"turns":3}],"seed_played":"-491032638106096381","potions_obtained":[{"floor":0.0,"key":"Explosive Potion"},{"floor":0.0,"key":"LiquidBronze"},{"floor":1.0,"key":"Fire Potion"},{"floor":6.0,"key":"EssenceOfSteel"},{"floor":7.0,"key":"Explosive Potion"},{"floor":11.0,"key":"SneckoOil"},{"floor":22,"key":"Energy Potion"},{"floor":28,"key":"LiquidBronze"},{"floor":31,"key":"SteroidPotion"}],"is_trial":false,"path_per_floor":["M","M","M","M","M","E","?","E","T","R","M","R","M","M","R","B",null,"M","$","?","?","M","R","E","M","T","R","M","T","R","M","R","B"],"character_chosen":"IRONCLAD","items_purchased":["Charon\u0027s Ashes","Corruption"],"campfire_rested":3,"item_purchase_floors":[19,19],"current_hp_per_floor":[63,61,58,57,54,52,42,42,42,42,34,34,40,40,40,39,66,42,42,21,21,20,44,20,18,18,42,29,29,53,33,33,0],"gold":154,"neow_bonus":"THREE_SMALL_POTIONS","is_prod":false,"is_daily":false,"chose_seed":false,"campfire_upgraded":4,"win_rate":0,"timestamp":1545594023,"path_taken":["M","M","M","?","M","E","?","E","T","R","M","R","M","M","R","BOSS","M","$","?","?","M","R","E","M","T","R","M","?","R","M","R","BOSS"],"build_version":"2018-12-20","purchased_purges":0,"victory":false,"max_hp_per_floor":[75,75,75,75,75,75,75,75,75,75,75,75,75,75,75,75,75,75,75,80,80,80,80,80,80,80,80,80,80,80,80,80,80],"card_choices":[{"not_picked":["True Grit","Dual Wield","Thunderclap"],"picked":"SKIP","floor":1.0},{"not_picked":["True Grit","Iron Wave"],"picked":"Inflame","floor":2.0},{"not_picked":["Pommel Strike","Dual Wield"],"picked":"Twin Strike","floor":3.0},{"not_picked":["Second Wind","Disarm"],"picked":"Perfected Strike","floor":4.0},{"not_picked":["Flex","Body Slam"],"picked":"Iron Wave","floor":5.0},{"not_picked":["Metallicize","Dark Embrace"],"picked":"Cleave","floor":6.0},{"not_picked":["Seeing Red","Rampage"],"picked":"Battle Trance","floor":7.0},{"not_picked":["Rage","Anger"],"picked":"Wild Strike","floor":8.0},{"not_picked":["Shrug It Off","Searing Blow"],"picked":"Heavy Blade","floor":11.0},{"not_picked":["Carnage","Twin Strike"],"picked":"Perfected Strike","floor":13.0},{"not_picked":["Ghostly Armor","Seeing Red"],"picked":"Perfected Strike","floor":14.0},{"not_picked":["Impervious","Reaper"],"picked":"Bludgeon","floor":16},{"not_picked":["Cleave","Clash"],"picked":"Ghostly Armor","floor":18},{"not_picked":["Uppercut","Warcry","Anger"],"picked":"Second Wind","floor":22},{"not_picked":["Flame Barrier","Burning Pact","Armaments"],"picked":"Seeing Red","floor":24},{"not_picked":["Carnage","Inflame","Warcry"],"picked":"Limit Break","floor":25},{"not_picked":["Body Slam","Armaments","Second Wind"],"picked":"Shrug It Off","floor":28},{"not_picked":["Metallicize","Havoc+1","Clash"],"picked":"Whirlwind","floor":31}],"player_experience":755224,"relics_obtained":[{"floor":6.0,"key":"Red Skull"},{"floor":7.0,"key":"Odd Mushroom"},{"floor":8.0,"key":"Turnip"},{"floor":9.0,"key":"Tiny Chest"},{"floor":24,"key":"Potion Belt"},{"floor":26,"key":"Darkstone Periapt"},{"floor":29,"key":"Toxic Egg 2"}],"event_choices":[{"damage_healed":0.0,"max_hp_gain":0.0,"max_hp_loss":0.0,"gold_gain":0.0,"event_name":"Mushrooms","player_choice":"Fought Mushrooms","floor":7.0,"gold_loss":0.0,"damage_taken":0.0},{"damage_healed":0,"gold_gain":0,"player_choice":"Shed Blood","damage_taken":26,"max_hp_gain":5,"max_hp_loss":0,"event_name":"Forgotten Altar","floor":20,"gold_loss":0},{"damage_healed":0,"gold_gain":0,"player_choice":"Stole Relic","damage_taken":0,"relics_obtained":["Question Card"],"max_hp_gain":0,"max_hp_loss":0,"event_name":"Addict","floor":21,"gold_loss":0,"cards_obtained":["Shame"]}],"is_beta":false,"boss_relics":[{"not_picked":["Tiny House","Mark of Pain"],"picked":"Philosopher\u0027s Stone"}],"items_purged_floors":[],"is_endless":false,"potions_floor_spawned":[1,2,3,6,7,11,22,28,31],"killed_by":"Champ","ascension_level":16}