{"gold_per_floor":[118,135,210,175,190,190,190,203,203,63,63,63,63,81,81,179,179,190,209,209,209,226,226,151,168,194,206,206,225,225,241,241,336,336,355,375,391,410,410],"floor_reached":39,"playtime":1668,"items_purged":["Strike_B"],"score":377,"play_id":"2e1abf02-bc86-49ab-9249-e0a8b2333692","local_time":"20190302114228","is_ascension_mode":false,"campfire_choices":[{"data":"Zap","floor":6,"key":"SMITH"},{"data":"Electrodynamics","floor":11,"key":"SMITH"},{"data":"Auto Shields","floor":13,"key":"SMITH"},{"data":"Ball Lightning","floor":15,"key":"SMITH"},{"data":"Rainbow","floor":23,"key":"SMITH"},{"data":"Glacier","floor":28,"key":"SMITH"},{"floor":30,"key":"REST"},{"data":"Conserve Battery","floor":32,"key":"SMITH"}],"neow_cost":"NONE","seed_source_timestamp":122499205880888,"circlet_count":0,"master_deck":["Strike_B","Strike_B","Defend_B","Defend_B","Defend_B","Defend_B","Zap+1","Dualcast+1","Cold Snap","Auto Shields+1","Ball Lightning+1","Cold Snap","Electrodynamics+1","Glacier+1","Rainbow+1","Conserve Battery+1","Leap","Cold Snap","Coolheaded+1","Core Surge","Machine Learning","Static Discharge","Sweeping Beam+1"],"relics":["Cracked Core"],"potions_floor_usage":[33,39],"damage_taken":[{"damage":5,"enemies":"Small Slimes","floor":1,"turns":3},{"damage":5,"enemies":"2 Louse","floor":2,"turns":3},{"damage":0,"enemies":"Cultist","floor":5,"turns":3},{"damage":10,"enemies":"Exordium Thugs","floor":8,"turns":4},{"damage":1,"enemies":"Looter","floor":14,"turns":2},{"damage":6,"enemies":"Slime Boss","floor":16,"turns":9},{"damage":5,"enemies":"Shell Parasite","floor":18,"turns":9},{"damage":0,"enemies":"Chosen","floor":19,"turns":4},{"damage":19,"enemies":"3 Cultists","floor":22,"turns":5},{"damage":4,"enemies":"Cultist and Chosen","floor":25,"turns":4},{"damage":8,"enemies":"Centurion and Healer","floor":27,"turns":5},{"damage":0,"enemies":"3 Cultists","floor":29,"turns":2},{"damage":0,"enemies":"Snecko","floor":31,"turns":6},{"damage":60,"enemies":"Collector","floor":33,"turns":20},{"damage":4,"enemies":"3 Darklings","floor":35,"turns":3},{"damage":9,"enemies":"3 Shapes","floor":36,"turns":7},{"damage":48,"enemies":"Transient","floor":37,"turns":5},{"damage":7,"enemies":"Spire Growth","floor":38,"turns":7},{"damage":19,"enemies":"Jaw Worm Horde","floor":39,"turns":1}],"seed_played":"1039043681681507968","potions_obtained":[{"floor":8,"key":"FearPotion"},{"floor":16,"key":"FearPotion"},{"floor":19,"key":"FearPotion"},{"floor":22,"key":"GamblersBrew"},{"floor":29,"key":"Dexterity Potion"},{"floor":38,"key":"Weak Potion"}],"is_trial":false,"path_per_floor":["M","M","?","?","M","R","?","M","T","$","R","$","R","M","R","B",null,"M","M","?","?","M","R","$","M","T","M","R","M","R","M","R","B",null,"M","M","M","M","M"],"character_chosen":"DEFECT","items_purchased":["Electrodynamics"],"campfire_rested":1,"item_purchase_floors":[10],"current_hp_per_floor":[77,72,61,81,81,81,81,71,71,71,71,71,71,70,70,64,82,77,77,77,77,58,58,58,54,54,46,46,46,70,70,70,10,82,78,69,21,14,0],"gold":410,"neow_bonus":"TEN_PERCENT_HP_BONUS","is_prod":false,"is_daily":false,"chose_seed":false,"campfire_upgraded":7,"win_rate":0,"timestamp":1551544948,"path_taken":["M","M","?","?","M","R","?","?","T","$","R","?","R","M","R","BOSS","M","M","?","?","M","R","$","M","T","?","R","M","R","M","R","BOSS","M","M","?","M","M"],"build_version":"2019-01-23","purchased_purges":1,"victory":false,"max_hp_per_floor":[82,82,82,82,82,82,82,82,82,82,82,82,82,82,82,82,82,82,82,82,82,82,82,82,82,82,82,82,82,82,82,82,82,82,82,82,82,82,82],"card_choices":[{"not_picked":["Sweeping Beam","Coolheaded"],"picked":"Cold Snap","floor":1},{"not_picked":["Leap","Capacitor"],"picked":"Auto Shields","floor":2},{"not_picked":["Compile Driver","Auto Shields"],"picked":"Ball Lightning","floor":5},{"not_picked":["Go for the Eyes","Beam Cell"],"picked":"Cold Snap","floor":8},{"not_picked":["Meteor Strike","Coolheaded"],"picked":"Glacier","floor":14},{"not_picked":["Hyperbeam","All For One"],"picked":"Rainbow","floor":16},{"not_picked":["Cold Snap","Sweeping Beam","Gash+1"],"picked":"SKIP","floor":18},{"not_picked":["Reprogram+1","Aggregate"],"picked":"Conserve Battery","floor":19},{"not_picked":["Stack","Darkness"],"picked":"Coolheaded+1","floor":22},{"not_picked":["Melter","Steam","Gash"],"picked":"SKIP","floor":25},{"not_picked":["Barrage","Consume","White Noise"],"picked":"SKIP","floor":27},{"not_picked":["Aggregate","Compile Driver+1","Lockon"],"picked":"SKIP","floor":29},{"not_picked":["Stack+1","Auto Shields"],"picked":"Core Surge","floor":31},{"not_picked":["All For One","Fission"],"picked":"Machine Learning","floor":33},{"not_picked":["Hologram+1","Coolheaded","Double Energy"],"picked":"SKIP","floor":35},{"not_picked":["Ball Lightning+1","Storm+1"],"picked":"Static Discharge","floor":36},{"not_picked":["Barrage","Fusion+1","Rebound+1"],"picked":"SKIP","floor":37},{"not_picked":["Capacitor+1","Steam+1"],"picked":"Sweeping Beam+1","floor":38}],"player_experience":257129,"relics_obtained":[],"event_choices":[{"damage_healed":0,"gold_gain":75,"player_choice":"Gather Gold","damage_taken":11,"max_hp_gain":0,"max_hp_loss":0,"event_name":"World of Goop","floor":3,"gold_loss":0},{"damage_healed":20,"gold_gain":0,"player_choice":"Healed","damage_taken":0,"max_hp_gain":0,"max_hp_loss":0,"event_name":"The Cleric","floor":4,"gold_loss":35},{"damage_healed":0,"gold_gain":0,"player_choice":"Forge","damage_taken":0,"max_hp_gain":0,"max_hp_loss":0,"event_name":"Accursed Blacksmith","floor":7,"gold_loss":0,"cards_upgraded":["Dualcast"]},{"damage_healed":0,"gold_gain":0,"player_choice":"Read","damage_taken":0,"max_hp_gain":0,"max_hp_loss":0,"event_name":"The Library","floor":20,"gold_loss":0,"cards_obtained":["Leap"]},{"damage_healed":0,"gold_gain":0,"cards_transformed":["Strike_B"],"player_choice":"Transformed","damage_taken":0,"max_hp_gain":0,"max_hp_loss":0,"event_name":"Transmorgrifier","floor":21,"gold_loss":0,"cards_obtained":["Cold Snap"]}],"is_beta":false,"boss_relics":[{"not_picked":["Runic Dome","Pandora\u0027s Box","FrozenCore"]},{"not_picked":["Calling Bell","Nuclear Battery","White Beast Statue"]}],"items_purged_floors":[24],"is_endless":false,"potions_floor_spawned":[8,16,19,22,29,38],"killed_by":"Jaw Worm Horde","ascension_level":0}