{"gold_per_floor":[116,116,126,145,159,159,176,204,204,214,214,214,214,234,234,234],"floor_reached":16,"playtime":427,"items_purged":[],"score":182,"play_id":"6a63645f-c82f-4949-a9ad-d6f41ca9d5d4","local_time":"20190207193854","is_ascension_mode":true,"campfire_choices":[{"data":"Carnage","floor":6,"key":"SMITH"},{"data":"Infernal Blade","floor":12,"key":"SMITH"},{"data":"Shockwave","floor":15,"key":"SMITH"}],"neow_cost":"NONE","seed_source_timestamp":345386764402659,"circlet_count":0,"master_deck":["AscendersBane","Strike_R","Strike_R","Strike_R","Strike_R","Defend_R","Defend_R","Defend_R","Defend_R","Bash","Pommel Strike","Carnage+1","Shockwave+1","Carnage","Infernal Blade+1","Headbutt","True Grit+1"],"relics":["Burning Blood","NeowsBlessing","Art of War","Pantograph"],"potions_floor_usage":[16,16],"damage_taken":[{"damage":0,"enemies":"Small Slimes","floor":1,"turns":1},{"damage":0,"enemies":"Cultist","floor":3,"turns":1},{"damage":0,"enemies":"Jaw Worm","floor":4,"turns":1},{"damage":0,"enemies":"Large Slime","floor":5,"turns":5},{"damage":9,"enemies":"Exordium Thugs","floor":7,"turns":4},{"damage":26,"enemies":"Gremlin Nob","floor":8,"turns":4},{"damage":14,"enemies":"Red Slaver","floor":10,"turns":3},{"damage":8,"enemies":"Blue Slaver","floor":14,"turns":2},{"damage":69,"enemies":"Hexaghost","floor":16,"turns":12}],"seed_played":"-253324627366031835","potions_obtained":[{"floor":2,"key":"Fire Potion"},{"floor":2,"key":"Swift Potion"}],"is_trial":false,"path_per_floor":["M","?","M","M","M","R","M","E","T","M","?","R","?","M","R","B"],"character_chosen":"IRONCLAD","items_purchased":[],"campfire_rested":0,"item_purchase_floors":[],"current_hp_per_floor":[74,74,75,75,75,75,72,52,52,44,44,44,44,42,42,0],"gold":234,"neow_bonus":"THREE_ENEMY_KILL","is_prod":false,"is_daily":false,"chose_seed":false,"campfire_upgraded":3,"win_rate":0,"timestamp":1549528734,"path_taken":["M","?","M","M","?","R","M","E","T","M","?","R","?","M","R","BOSS"],"build_version":"2019-01-23","purchased_purges":0,"victory":false,"max_hp_per_floor":[75,75,75,75,75,75,75,75,75,75,75,75,75,75,75,75],"card_choices":[{"not_picked":["Body Slam","Warcry"],"picked":"Pommel Strike","floor":1},{"not_picked":["Headbutt","Body Slam"],"picked":"Carnage","floor":3},{"not_picked":["Cleave","Headbutt"],"picked":"Shockwave","floor":4},{"not_picked":["Flex","Combust"],"picked":"Carnage","floor":5},{"not_picked":["Berserk","Clothesline"],"picked":"Infernal Blade","floor":7},{"not_picked":["Twin Strike","Flame Barrier"],"picked":"Headbutt","floor":8},{"not_picked":["Armaments","Wild Strike"],"picked":"True Grit","floor":10},{"not_picked":["Cleave","Reckless Charge","Clash"],"picked":"SKIP","floor":14}],"player_experience":701009,"relics_obtained":[{"floor":8,"key":"Art of War"},{"floor":9,"key":"Pantograph"}],"event_choices":[{"damage_healed":0,"gold_gain":0,"player_choice":"Got Potions","damage_taken":0,"max_hp_gain":0,"max_hp_loss":0,"event_name":"Lab","floor":2,"gold_loss":0},{"damage_healed":0,"gold_gain":0,"player_choice":"Grow","damage_taken":0,"max_hp_gain":0,"max_hp_loss":0,"event_name":"Living Wall","floor":11,"gold_loss":0,"cards_upgraded":["True Grit"]},{"cards_removed":["Strike_R"],"damage_healed":0,"gold_gain":0,"player_choice":"Purged","damage_taken":0,"max_hp_gain":0,"max_hp_loss":0,"event_name":"Purifier","floor":13,"gold_loss":0}],"is_beta":false,"boss_relics":[],"items_purged_floors":[],"is_endless":false,"potions_floor_spawned":[5,8],"killed_by":"Hexaghost","ascension_level":15}