{"gold_per_floor":[110,124,49,49,2,30,30,5,29,29,44,44,59,74,74,74],"floor_reached":16,"playtime":490,"items_purged":["Strike_B"],"score":190,"play_id":"5ef2d794-453b-4b37-be68-26ec006c30b0","local_time":"20190127003623","is_ascension_mode":true,"campfire_choices":[{"data":"Hologram","floor":7,"key":"SMITH"},{"data":"Zap","floor":10,"key":"SMITH"},{"data":"Dualcast","floor":12,"key":"SMITH"},{"data":"Glacier","floor":15,"key":"SMITH"}],"neow_cost":"NONE","seed_source_timestamp":1412219919483600,"circlet_count":0,"master_deck":["AscendersBane","Strike_B","Strike_B","Strike_B","Defend_B","Defend_B","Defend_B","Defend_B","Zap+1","Dualcast+1","Glacier+1","Ball Lightning","Hologram+1","Coolheaded","Conserve Battery","FTL"],"relics":["Cracked Core","Blood Vial","Omamori","Boot"],"potions_floor_usage":[6],"damage_taken":[{"damage":0,"enemies":"Cultist","floor":1,"turns":3},{"damage":4,"enemies":"Small Slimes","floor":2,"turns":4},{"damage":33,"enemies":"Gremlin Nob","floor":6,"turns":6},{"damage":0,"enemies":"2 Louse","floor":11,"turns":2},{"damage":0,"enemies":"Lots of Slimes","floor":13,"turns":5},{"damage":4,"enemies":"Looter","floor":14,"turns":3},{"damage":22,"enemies":"The Guardian","floor":16,"turns":7}],"seed_played":"2501992405122002955","potions_obtained":[{"floor":2,"key":"Strength Potion"},{"floor":11,"key":"Ancient Potion"},{"floor":13,"key":"Strength Potion"}],"is_trial":false,"path_per_floor":["M","M","$","?","?","E","R","$","T","R","M","R","M","M","R","B"],"character_chosen":"DEFECT","items_purchased":["Coolheaded"],"campfire_rested":0,"item_purchase_floors":[8],"current_hp_per_floor":[71,67,67,49,49,18,18,18,18,18,20,20,22,20,20,0],"gold":74,"neow_bonus":"TEN_PERCENT_HP_BONUS","is_prod":false,"is_daily":false,"chose_seed":false,"campfire_upgraded":4,"win_rate":0,"timestamp":1548578183,"path_taken":["M","?","$","?","?","E","R","$","T","R","M","R","M","M","R","BOSS"],"build_version":"2019-01-23","purchased_purges":1,"victory":false,"max_hp_per_floor":[78,78,78,78,78,78,78,78,78,78,78,78,78,78,78,78],"card_choices":[{"not_picked":["Barrage","Static Discharge"],"picked":"Glacier","floor":1},{"not_picked":["Leap","Reinforced Body"],"picked":"Ball Lightning","floor":2},{"not_picked":["Fusion","Meteor Strike"],"picked":"Hologram","floor":6},{"not_picked":["Static Discharge","Stack"],"picked":"Conserve Battery","floor":11},{"not_picked":["Tempest","Go for the Eyes","Redo"],"picked":"SKIP","floor":13},{"not_picked":["Sunder","Auto Shields"],"picked":"FTL","floor":14}],"player_experience":587496,"relics_obtained":[{"floor":6,"key":"Omamori"},{"floor":9,"key":"Boot"}],"event_choices":[{"damage_healed":0,"gold_gain":0,"player_choice":"Success","damage_taken":18,"relics_obtained":["Blood Vial"],"max_hp_gain":0,"max_hp_loss":0,"event_name":"Scrap Ooze","floor":4,"gold_loss":0},{"damage_healed":0,"gold_gain":0,"player_choice":"Left Gold","damage_taken":0,"max_hp_gain":0,"max_hp_loss":0,"event_name":"World of Goop","floor":5,"gold_loss":47}],"is_beta":false,"boss_relics":[],"items_purged_floors":[3],"is_endless":false,"potions_floor_spawned":[2,11,13],"killed_by":"The Guardian","ascension_level":18}