{"gold_per_floor":[110,60,77,92,7,7,34,34,34,34,109,109,142,67,67,167,167,180,196,212,137,12,38,38,38,116,116,133,133,83,83],"floor_reached":31,"playtime":1294,"items_purged":["Strike_B","Regret"],"score":298,"play_id":"b586ff63-6710-4b63-851c-d15508ab7bc9","local_time":"20180908132926","is_ascension_mode":true,"campfire_choices":[{"data":"Chaos","floor":6,"key":"SMITH"},{"data":"Go for the Eyes","floor":8,"key":"SMITH"},{"data":"1","floor":10,"key":"LIFT"},{"data":"Hologram","floor":15,"key":"SMITH"},{"floor":24,"key":"REST"},{"floor":27,"key":"REST"},{"data":"Reboot","floor":29,"key":"SMITH"}],"neow_cost":"NONE","seed_source_timestamp":147998229273692,"circlet_count":0,"master_deck":["Strike_B","Defend_B","Defend_B","Defend_B","Defend_B","Zap","Dualcast","Go for the Eyes+1","Gash","Auto Shields","Chaos+1","FTL","Rebound","Reprogram","Hologram+1","Reboot+1","Streamline+1","Gash","Gash","Conserve Battery+1"],"relics":["Cracked Core","Girya","Darkstone Periapt","Singing Bowl","Blood Vial","Inserter","Orichalcum","Tiny Chest"],"potions_floor_usage":[20,23,23,31],"damage_taken":[{"damage":7,"enemies":"Jaw Worm","floor":1,"turns":3},{"damage":1,"enemies":"Small Slimes","floor":3,"turns":3},{"damage":0,"enemies":"2 Louse","floor":4,"turns":2},{"damage":5,"enemies":"Lagavulin","floor":7,"turns":6},{"damage":7,"enemies":"Gremlin Nob","floor":13,"turns":4},{"damage":9,"enemies":"Slime Boss","floor":16,"turns":8},{"damage":17,"enemies":"Shell Parasite","floor":18,"turns":7},{"damage":27,"enemies":"3 Byrds","floor":19,"turns":5},{"damage":14,"enemies":"Snecko","floor":20,"turns":4},{"damage":25,"enemies":"Book of Stabbing","floor":23,"turns":5},{"damage":1,"enemies":"Cultist and Chosen","floor":28,"turns":4},{"damage":59,"enemies":"Gremlin Leader","floor":31,"turns":5}],"seed_played":"-2499099202338587865","potions_obtained":[{"floor":1,"key":"Dexterity Potion"},{"floor":3,"key":"Dexterity Potion"},{"floor":7,"key":"Weak Potion"},{"floor":20,"key":"GamblersBrew"},{"floor":28,"key":"PowerPotion"}],"is_trial":false,"path_per_floor":["M","?","M","M","$","R","E","R","T","R","?","?","E","$","R","B",null,"M","M","M","?","$","E","R","$","T","R","M","R","?"],"character_chosen":"DEFECT","items_purchased":["FTL","Rebound","Gash"],"campfire_rested":2,"item_purchase_floors":[5,5,22],"current_hp_per_floor":[68,68,67,67,67,67,62,62,62,62,51,57,50,50,50,43,81,64,39,29,29,29,6,30,30,30,54,57,57,57,0],"gold":83,"neow_bonus":"THREE_CARDS","is_prod":false,"is_daily":false,"chose_seed":false,"campfire_upgraded":4,"win_rate":0,"timestamp":1536427766,"path_taken":["M","?","M","M","$","R","E","R","T","R","?","?","E","$","R","BOSS","M","M","M","?","$","E","R","?","T","R","?","R","?","E"],"build_version":"2018-09-06","purchased_purges":2,"victory":false,"max_hp_per_floor":[75,75,75,75,75,75,75,75,75,75,75,81,81,81,81,81,81,81,81,83,83,83,83,83,83,83,83,85,85,85,85],"card_choices":[{"not_picked":["Leap","Barrage"],"picked":"Go for the Eyes","floor":0},{"not_picked":["Blizzard","Sunder"],"picked":"Gash","floor":1},{"not_picked":["Glacier","Leap"],"picked":"Auto Shields","floor":3},{"not_picked":["Glacier","White Noise"],"picked":"Chaos","floor":4},{"not_picked":["Recycle","Force Field"],"picked":"Reprogram","floor":7},{"not_picked":["Glacier","Loop"],"picked":"Hologram","floor":13},{"not_picked":["Rainbow","Meteor Strike"],"picked":"Reboot","floor":16},{"not_picked":["Aggregate","Ball Lightning"],"picked":"Streamline+1","floor":18},{"not_picked":["Ball Lightning","Static Discharge"],"picked":"Gash","floor":19},{"not_picked":["Cold Snap+1","Beam Cell","Stack"],"picked":"Singing Bowl","floor":20},{"not_picked":["Creative AI","Redo"],"picked":"Conserve Battery+1","floor":23},{"not_picked":["Redo","Turbo","Compile Driver"],"picked":"Singing Bowl","floor":28}],"player_experience":170449,"relics_obtained":[{"floor":7,"key":"Girya"},{"floor":9,"key":"Darkstone Periapt"},{"floor":13,"key":"Blood Vial"},{"floor":23,"key":"Orichalcum"},{"floor":26,"key":"Tiny Chest"}],"event_choices":[{"event_name":"The Cleric","player_choice":"Card Removal","floor":2,"damage_taken":0},{"event_name":"World of Goop","player_choice":"Gather Gold","floor":11,"damage_taken":0},{"event_name":"Big Fish","player_choice":"Box","floor":12,"damage_taken":0},{"event_name":"Beggar","player_choice":"Gave Gold","floor":21,"damage_taken":0},{"event_name":"The Joust","player_choice":"Bet on Owner","floor":30,"damage_taken":0}],"is_beta":false,"boss_relics":[{"not_picked":["Snecko Eye","Philosopher\u0027s Stone"],"picked":"Inserter"}],"items_purged_floors":[14,22],"is_endless":false,"potions_floor_spawned":[1,3,7,18,20,28],"killed_by":"Gremlin Leader","ascension_level":3}