{"gold_per_floor":[111,36,55,67,85,117,117,144,168,168,0,17,17,28,28,105,105,117,129,4,4,23,23,88,101,101,101,101],"floor_reached":28,"playtime":1175,"items_purged":["Strike_G","Strike_G"],"score":595,"play_id":"1846ca9d-aaf9-48c1-b3f1-49f1a8a7f700","local_time":"20180928133629","is_ascension_mode":true,"campfire_choices":[{"data":"Cloak And Dagger","floor":7.0,"key":"SMITH"},{"data":"Cloak And Dagger","floor":15.0,"key":"SMITH"},{"floor":23.0,"key":"REST"},{"floor":27.0,"key":"REST"}],"neow_cost":"CURSE","seed_source_timestamp":36783650719325,"circlet_count":0,"master_deck":["Defend_G","Defend_G","Defend_G","Defend_G","Defend_G","Strike_G","Strike_G","Strike_G","Survivor","Neutralize","AscendersBane","Terror","Dash","Cloak And Dagger+1","Cloak And Dagger+1","Masterful Stab","Finisher","Footwork","Cloak And Dagger","Adrenaline","Escape Plan+1","Dagger Spray","PiercingWail","Cloak And Dagger","Well Laid Plans","Calculated Gamble","Acrobatics","Tactician"],"special_seed":0,"relics":["Ring of the Snake","Pocketwatch","Dream Catcher","Orichalcum","Ancient Tea Set","Philosopher\u0027s Stone","Tiny Chest","Paper Crane"],"potions_floor_usage":[],"damage_taken":[{"damage":0.0,"enemies":"Small Slimes","floor":1.0,"turns":6.0},{"damage":4.0,"enemies":"2 Louse","floor":3.0,"turns":3.0},{"damage":0.0,"enemies":"Cultist","floor":4.0,"turns":3.0},{"damage":8.0,"enemies":"2 Fungi Beasts","floor":5.0,"turns":5.0},{"damage":14.0,"enemies":"Gremlin Nob","floor":6.0,"turns":4.0},{"damage":17.0,"enemies":"3 Sentries","floor":8.0,"turns":8.0},{"damage":0.0,"enemies":"Looter","floor":12.0,"turns":3.0},{"damage":0.0,"enemies":"3 Louse","floor":14.0,"turns":3.0},{"damage":0.0,"enemies":"Hexaghost","floor":16.0,"turns":9.0},{"damage":24.0,"enemies":"2 Thieves","floor":18.0,"turns":4.0},{"damage":12.0,"enemies":"Spheric Guardian","floor":19.0,"turns":6.0},{"damage":6.0,"enemies":"3 Cultists","floor":22.0,"turns":5.0},{"damage":17.0,"enemies":"Slavers","floor":24.0,"turns":8.0},{"damage":7.0,"enemies":"Snake Plant","floor":25.0,"turns":4.0},{"damage":4,"enemies":"Gremlin Leader","floor":28,"turns":7}],"seed_played":"-8965096457505743899","potions_obtained":[{"floor":3.0,"key":"Weak Potion"},{"floor":5.0,"key":"Weak Potion"},{"floor":6.0,"key":"Explosive Potion"},{"floor":10.0,"key":"EssenceOfSteel"},{"floor":16.0,"key":"Dexterity Potion"},{"floor":25.0,"key":"SpeedPotion"}],"is_trial":false,"path_per_floor":["M","?","M","M","M","E","R","E","T","?","$","M","?","M","R","B",null,"M","M","$","?","M","R","E","M","T","R"],"character_chosen":"THE_SILENT","items_purchased":["Finisher","PiercingWail"],"campfire_rested":2,"item_purchase_floors":[11,20],"current_hp_per_floor":[59,59,55,55,47,33,33,16,16,16,16,16,16,16,16,16,54,30,18,18,18,12,31,14,7,7,26,22],"gold":101,"neow_bonus":"ONE_RARE_RELIC","is_prod":false,"is_daily":false,"chose_seed":false,"campfire_upgraded":2,"win_rate":0,"timestamp":1538109389,"path_taken":["M","?","M","M","M","E","R","E","T","?","$","M","?","M","R","BOSS","M","M","$","?","M","R","E","M","T","R","E"],"build_version":"2018-09-27","purchased_purges":2,"victory":false,"max_hp_per_floor":[66,66,66,66,66,66,66,66,66,66,66,66,66,66,66,66,66,66,66,66,66,66,66,66,66,66,66,66],"card_choices":[{"not_picked":["Distraction","Bane"],"picked":"Terror","floor":1.0},{"not_picked":["Dagger Throw","Underhanded Strike"],"picked":"Dash","floor":3.0},{"not_picked":["Endless Agony","Blade Dance"],"picked":"Cloak And Dagger","floor":4.0},{"not_picked":["Concentrate","Acrobatics"],"picked":"Cloak And Dagger","floor":5.0},{"not_picked":["Blur","Malaise","Blade Dance"],"picked":"SKIP","floor":6.0},{"not_picked":["Bane","Distraction"],"picked":"Masterful Stab","floor":8.0},{"not_picked":["Infinite Blades","Terror"],"picked":"Footwork","floor":12.0},{"not_picked":["Flying Knee","Bane"],"picked":"Cloak And Dagger","floor":14.0},{"not_picked":["Night Terror","Burst"],"picked":"Adrenaline","floor":16.0},{"not_picked":["Predator","All Out Attack"],"picked":"Escape Plan+1","floor":18.0},{"not_picked":["Outmaneuver","Backflip"],"picked":"Dagger Spray","floor":19.0},{"not_picked":["Doppelganger","Eviscerate+1"],"picked":"Cloak And Dagger","floor":22.0},{"not_picked":["Backflip+1","Predator+1"],"picked":"Well Laid Plans","floor":23.0},{"not_picked":["Outmaneuver","Flying Knee"],"picked":"Calculated Gamble","floor":24.0},{"not_picked":["Deadly Poison+1","Prepared"],"picked":"Acrobatics","floor":25.0},{"not_picked":["Acrobatics","Bane"],"picked":"Tactician","floor":27.0}],"player_experience":678595,"relics_obtained":[{"floor":6.0,"key":"Dream Catcher"},{"floor":8.0,"key":"Orichalcum"},{"floor":9.0,"key":"Ancient Tea Set"},{"floor":24.0,"key":"Tiny Chest"},{"floor":26.0,"key":"Paper Crane"}],"event_choices":[{"event_name":"The Cleric","player_choice":"Card Removal","floor":2.0,"damage_taken":0.0},{"event_name":"The Lab","player_choice":"Got Potions","floor":10.0,"damage_taken":0.0},{"event_name":"Liars Game","player_choice":"disagreed","floor":13.0,"damage_taken":0.0},{"event_name":"Ghosts","player_choice":"Ignored","floor":21.0,"damage_taken":0.0}],"is_beta":false,"boss_relics":[{"not_picked":["Runic Dome","Orrery"],"picked":"Philosopher\u0027s Stone"}],"items_purged_floors":[11,20],"is_endless":false,"potions_floor_spawned":[3,5,6,16,18,22,25],"killed_by":"Gremlin Leader","ascension_level":18}