{"gold_per_floor":[116,131,142,142,160,194,194,221,221,221,232,64,64,84,84,157,157,170,185,21,21,40,369,380,380],"floor_reached":25,"playtime":1015,"items_purged":[],"score":447,"play_id":"5b806df2-e56c-4cba-8ee5-c1806470510f","local_time":"20190119004922","is_ascension_mode":true,"campfire_choices":[{"floor":7,"key":"REST"},{"data":"Biased Cognition","floor":10,"key":"SMITH"},{"floor":15,"key":"REST"}],"neow_cost":"NONE","seed_source_timestamp":721271783494600,"circlet_count":0,"master_deck":["AscendersBane","Strike_B","Strike_B","Strike_B","Strike_B","Defend_B","Defend_B","Defend_B","Defend_B","Zap+1","Dualcast","Chill","Go for the Eyes","Beam Cell","Ball Lightning","Lockon","Biased Cognition+1","Auto Shields","Loop+1","Conserve Battery","Lockon","White Noise","Biased Cognition","Writhe","Doubt","Doubt","Conserve Battery","Ball Lightning","Defragment","Loop+1","Consume","Lockon"],"relics":["Cracked Core","NeowsBlessing","Kunai","Mercury Hourglass","Du-Vu Doll","Calling Bell","PreservedInsect","Meat on the Bone","Dead Branch","Old Coin"],"potions_floor_usage":[14,16,16,22,23],"damage_taken":[{"damage":0,"enemies":"2 Louse","floor":1,"turns":1},{"damage":0,"enemies":"Jaw Worm","floor":2,"turns":1},{"damage":0,"enemies":"Cultist","floor":3,"turns":1},{"damage":2,"enemies":"Looter","floor":5,"turns":3},{"damage":55,"enemies":"3 Sentries","floor":6,"turns":12},{"damage":16,"enemies":"Lagavulin","floor":8,"turns":6},{"damage":8,"enemies":"Lots of Slimes","floor":11,"turns":3},{"damage":0,"enemies":"Blue Slaver","floor":14,"turns":2},{"damage":11,"enemies":"The Guardian","floor":16,"turns":6},{"damage":3,"enemies":"Spheric Guardian","floor":18,"turns":3},{"damage":7,"enemies":"2 Thieves","floor":19,"turns":3},{"damage":18,"enemies":"3 Cultists","floor":22,"turns":4},{"damage":14,"enemies":"Book of Stabbing","floor":23,"turns":3},{"damage":24,"enemies":"Snake Plant","floor":24,"turns":2},{"damage":38,"enemies":"Gremlin Leader","floor":25,"turns":2}],"seed_played":"-1741993950086155574","potions_obtained":[{"floor":2,"key":"LiquidBronze"},{"floor":11,"key":"GamblersBrew"},{"floor":14,"key":"Regen Potion"},{"floor":22,"key":"Energy Potion"}],"is_trial":false,"path_per_floor":["M","M","M","?","M","E","R","E","T","R","M","$","?","M","R","B",null,"M","M","$","?","M","E","M","E"],"character_chosen":"DEFECT","items_purchased":["Loop","Conserve Battery","Lockon","Defragment","Regen Potion"],"campfire_rested":2,"item_purchase_floors":[12,12,12,20,20],"current_hp_per_floor":[64,64,64,64,62,7,28,12,12,12,4,4,4,4,25,29,61,58,51,51,51,45,43,31,0],"gold":380,"neow_bonus":"THREE_ENEMY_KILL","is_prod":false,"is_daily":false,"chose_seed":false,"campfire_upgraded":1,"win_rate":0,"timestamp":1547887762,"path_taken":["M","M","M","?","M","E","R","E","T","R","M","$","?","M","R","BOSS","M","?","$","?","M","E","M","E"],"build_version":"2019-01-17v2","purchased_purges":0,"victory":false,"max_hp_per_floor":[71,71,71,71,71,71,71,71,71,71,71,71,71,71,71,71,71,71,71,71,71,71,71,71,71],"card_choices":[{"not_picked":["Cold Snap","Turbo"],"picked":"Chill","floor":1},{"not_picked":["Stack","Rebound"],"picked":"Go for the Eyes","floor":2},{"not_picked":["Undo","Barrage"],"picked":"Beam Cell","floor":3},{"not_picked":["Gash","Beam Cell"],"picked":"Ball Lightning","floor":5},{"not_picked":["Hologram","Sweeping Beam"],"picked":"Lockon","floor":6},{"not_picked":["Chaos","Steam"],"picked":"Biased Cognition","floor":8},{"not_picked":["Hologram","Skim"],"picked":"Auto Shields","floor":11},{"not_picked":["Sunder","BootSequence"],"picked":"White Noise","floor":14},{"not_picked":["Amplify","Rainbow"],"picked":"Biased Cognition","floor":16},{"not_picked":["Redo","Scrape"],"picked":"Conserve Battery","floor":18},{"not_picked":["Rebound","Gash"],"picked":"Ball Lightning","floor":19},{"not_picked":["Melter","Conserve Battery","Beam Cell"],"picked":"SKIP","floor":22},{"not_picked":["Barrage","Thunder Strike"],"picked":"Consume","floor":23},{"not_picked":["Hologram","Consume"],"picked":"Lockon","floor":24}],"player_experience":536764,"relics_obtained":[{"floor":6,"key":"Kunai"},{"floor":8,"key":"Mercury Hourglass"},{"floor":9,"key":"Du-Vu Doll"},{"floor":17,"key":"PreservedInsect"},{"floor":17,"key":"Meat on the Bone"},{"floor":17,"key":"Dead Branch"},{"floor":23,"key":"Old Coin"}],"event_choices":[{"damage_healed":0,"gold_gain":0,"player_choice":"Grow","damage_taken":0,"max_hp_gain":0,"max_hp_loss":0,"event_name":"Living Wall","floor":4,"gold_loss":0,"cards_upgraded":["Zap"]},{"damage_healed":0,"gold_gain":0,"player_choice":"Upgraded","damage_taken":0,"max_hp_gain":0,"max_hp_loss":0,"event_name":"Upgrade Shrine","floor":13,"gold_loss":0,"cards_upgraded":["Loop"]},{"damage_healed":0,"gold_gain":0,"player_choice":"Copied","damage_taken":0,"max_hp_gain":0,"max_hp_loss":0,"event_name":"Duplicator","floor":21,"gold_loss":0,"cards_obtained":["Loop"]}],"is_beta":false,"boss_relics":[{"not_picked":["Black Star","Tiny House"],"picked":"Calling Bell"}],"items_purged_floors":[],"is_endless":false,"potions_floor_spawned":[2,11,14,22],"killed_by":"Gremlin Leader","ascension_level":18}