{"path_per_floor":["M","?","$","?","?","R","?","R","T","R","E","T","R","M","R","B",null,"M","?","?","?","M","M","R","M","T","R","M","E","M","M","R"],"character_chosen":"IRONCLAD","items_purchased":[],"gold_per_floor":[117,292,292,292,292,292,322,322,322,322,362,417,417,438,438,563,563,549,464,464,464,484,501,501,518,518,518,530,565,581,594,594,594],"floor_reached":33,"campfire_rested":5,"playtime":1276,"current_hp_per_floor":[69,69,69,49,49,73,73,73,73,73,39,39,63,61,80,52,80,60,60,60,60,47,50,74,50,64,64,50,35,38,42,70,0],"items_purged":[],"gold":594,"score":263,"play_id":"eb0d6a93-a19b-403c-a343-a790057cb967","local_time":"20180411200123","is_prod":false,"is_daily":false,"chose_seed":false,"is_ascension_mode":false,"campfire_upgraded":3,"timestamp":1523440883,"path_taken":["M","?","$","?","?","R","?","R","T","R","E","?","R","M","R","BOSS","M","?","?","?","M","M","R","M","T","R","M","E","?","M","R","BOSS"],"build_version":"2018-04-10","seed_source_timestamp":179342915018826,"purchased_purges":0,"victory":false,"master_deck":["Strike_R","Strike_R","Strike_R","Strike_R","Defend_R","Defend_R","Bash+1","Shrug It Off+1","Inflame+1","Twin Strike+1","Infernal Blade+1","Cleave","Second Wind+1","Exhume+1","Infernal Blade+1","Thunderclap","Immolate+1","Iron Wave","Reckless Charge+1","Thunderclap+1","Seeing Red+1"],"max_hp_per_floor":[80,80,80,80,80,80,80,80,80,80,80,80,80,80,80,80,80,80,80,80,80,80,80,80,80,94,94,94,94,94,94,94,94],"relics":["Astrolabe","Bloody Idol","Calipers","Shuriken","Toxic Egg 2","Tiny Chest","White Beast Statue","Meat on the Bone","Mango","Bird Faced Urn"],"card_choices":[{"not_picked":["Hemokinesis","Body Slam"],"picked":"Infernal Blade","floor":1},{"not_picked":["Reckless Charge","Sword Boomerang"],"picked":"Cleave","floor":11},{"not_picked":["Wild Strike","Flex"],"picked":"Second Wind","floor":14},{"not_picked":["Brutality","Limit Break"],"picked":"Exhume","floor":16},{"not_picked":["Spot Weakness","Feel No Pain"],"picked":"Infernal Blade","floor":18},{"not_picked":["Shockwave","Headbutt"],"picked":"Thunderclap","floor":22},{"not_picked":["Pummel","Combust"],"picked":"Immolate","floor":25},{"not_picked":["Sword Boomerang","Shrug It Off"],"picked":"Iron Wave","floor":28},{"not_picked":["Perfected Strike","Ghostly Armor"],"picked":"Reckless Charge","floor":29},{"not_picked":["Pommel Strike","Havoc"],"picked":"Thunderclap","floor":30},{"not_picked":["Sentinel","Fiend Fire"],"picked":"Seeing Red","floor":31}],"player_experience":108444,"potions_floor_usage":[11,22,25,25,29,29,30,31,33],"damage_taken":[{"damage":11,"enemies":"2 Louse","floor":1,"turns":2},{"damage":34,"enemies":"Gremlin Nob","floor":11,"turns":5},{"damage":2,"enemies":"Small Slimes","floor":14,"turns":2},{"damage":28,"enemies":"Slime Boss","floor":16,"turns":8},{"damage":20,"enemies":"2 Thieves","floor":18,"turns":4},{"damage":18,"enemies":"Spheric Guardian","floor":22,"turns":4},{"damage":14,"enemies":"3 Cultists","floor":23,"turns":4},{"damage":41,"enemies":"Snecko","floor":25,"turns":8},{"damage":31,"enemies":"Centurion and Healer","floor":28,"turns":4},{"damage":32,"enemies":"Slavers","floor":29,"turns":5},{"damage":32,"enemies":"Chosen and Byrds","floor":30,"turns":7},{"damage":13,"enemies":"Cultist and Chosen","floor":31,"turns":4},{"damage":78,"enemies":"Collector","floor":33,"turns":7}],"event_choices":[{"event_name":"Liars Game","player_choice":"agreed","floor":2,"damage_taken":0},{"event_name":"Golden Idol","player_choice":"Take Damage","floor":4,"damage_taken":0},{"event_name":"Big Fish","player_choice":"Box","floor":5,"damage_taken":0},{"event_name":"Dead Adventurer","player_choice":"Searched \u00271\u0027 times","floor":7,"damage_taken":0},{"event_name":"Addict","player_choice":"Obtained Relic","floor":19,"damage_taken":0},{"event_name":"Forgotten Altar","player_choice":"Gave Idol","floor":20,"damage_taken":0},{"event_name":"Fountain of Cleansing","player_choice":"Removed Curse","floor":21,"damage_taken":0}],"boss_relics":[{"not_picked":["Velvet Choker","Black Star"],"picked":"White Beast Statue"}],"potions_floor_spawned":[1,18,22,23,25,28,29,30,31],"seed_played":"5335770747226211454","killed_by":"Collector","ascension_level":0,"is_trial":false}