{"path_per_floor":["M","?","$","M","?","R","M","R","T","E","M","M","R","E","R","B",null,"M","M","?","?","?","R"],"character_chosen":"IRONCLAD","items_purchased":["Perfected Strike","Red Skull"],"gold_per_floor":[368,368,14,33,33,33,43,43,67,95,112,127,127,159,159,260,290,310,320,320,320,245,245],"floor_reached":24,"campfire_rested":0,"playtime":946,"current_hp_per_floor":[45,29,29,35,40,40,42,42,42,45,36,35,35,41,41,13,90,90,63,63,48,48,48],"items_purged":[],"gold":245,"play_id":"72a1bbf1-2bff-4cb1-af29-2f2a3a799a7b","is_prod":false,"is_daily":false,"is_ascension_mode":true,"campfire_upgraded":5,"path_taken":["M","?","$","?","?","R","M","R","T","E","M","?","R","E","R","BOSS","M","M","?","?","?","R","E"],"build_version":"2018-02-01-PROD3","purchased_purges":0,"victory":false,"master_deck":["Strike_R","Strike_R","Strike_R","Strike_R+1","Strike_R","Defend_R","Defend_R","Defend_R+1","Bash+1","Perfected Strike+1","Shrug It Off","Headbutt+1","Dual Wield+1","Pommel Strike+1","Twin Strike+1"],"max_hp_per_floor":[80,80,80,80,85,85,85,85,85,85,85,85,85,85,85,85,90,90,90,90,95,95,95],"relics":["Burning Blood","Red Skull","Omamori","Ancient Tea Set","Vajra","Tiny House"],"card_choices":[{"not_picked":["Blood for Blood","Wild Strike"],"picked":"Shrug It Off"},{"not_picked":["Anger","Pummel"],"picked":"Headbutt"},{"not_picked":["Corruption","Hemokinesis"],"picked":"Dual Wield"},{"not_picked":["Body Slam","Shrug It Off"],"picked":"Pommel Strike"},{"not_picked":["Thunderclap","Rampage"],"picked":"Twin Strike"}],"player_experience":100182,"potions_floor_usage":[10,10,24,24],"damage_taken":[{"damage":1,"enemies":"2 Louse","floor":1,"turns":2},{"damage":0,"enemies":"Small Slimes","floor":4,"turns":2},{"damage":4,"enemies":"Jaw Worm","floor":7,"turns":2},{"damage":3,"enemies":"3 Sentries","floor":10,"turns":4},{"damage":15,"enemies":"Lots of Slimes","floor":11,"turns":4},{"damage":7,"enemies":"3 Louse","floor":12,"turns":2},{"damage":0,"enemies":"Gremlin Nob","floor":14,"turns":2},{"damage":34,"enemies":"Hexaghost","floor":16,"turns":7},{"damage":0,"enemies":"Chosen","floor":18,"turns":3},{"damage":33,"enemies":"Spheric Guardian","floor":19,"turns":4},{"damage":54,"enemies":"Gremlin Leader","floor":24,"turns":6}],"event_choices":[{"event_name":"Shining Light","player_choice":"Entered Light","floor":2,"damage_taken":0},{"event_name":"Big Fish","player_choice":"Donut","floor":5,"damage_taken":0},{"event_name":"Transmorgrifier","player_choice":"Transform","floor":20,"damage_taken":0},{"event_name":"Forgotten Altar","player_choice":"Shed Blood","floor":21,"damage_taken":0},{"event_name":"Beggar","player_choice":"Gave Gold","floor":22,"damage_taken":0}],"boss_relics":[{"not_picked":["Pandora\u0027s Box","Runic Pyramid"],"picked":"Tiny House"}],"potions_floor_spawned":[1,7,12],"seed_played":"-5628855444878302909","killed_by":"Gremlin Leader","ascension_level":2,"is_trial":false}