{"path_per_floor":["M","$","?","?","$","M","M","M","T","R","$","M","?","$","R","B",null,"M","?","?","?","M","E","M","M","T","R","M","T","R","?","R"],"character_chosen":"THE_SILENT","items_purchased":["Backstab","Tough Bandages","Well Laid Plans"],"gold_per_floor":[117,83,258,258,9,19,31,46,72,72,36,48,48,48,48,143,143,154,154,354,279,293,327,338,354,354,354,374,374,374,289,289,289],"floor_reached":33,"campfire_rested":2,"playtime":1599,"current_hp_per_floor":[83,83,83,66,66,66,66,66,66,84,84,82,82,82,82,25,84,83,83,83,83,79,60,60,54,54,79,79,79,79,79,79,0],"items_purged":[],"gold":289,"score":255,"play_id":"f7e3f574-9e2b-44a6-b593-9d283b675820","local_time":"20180414110823","is_prod":false,"is_daily":false,"chose_seed":false,"is_ascension_mode":false,"campfire_upgraded":3,"timestamp":1523668103,"path_taken":["M","?","?","?","?","M","M","?","T","R","$","M","?","?","R","BOSS","M","?","?","?","M","E","M","M","T","R","?","?","R","?","R","BOSS"],"build_version":"2018-04-12","seed_source_timestamp":9266949753729,"purchased_purges":0,"victory":false,"master_deck":["Survivor","Neutralize","Clumsy","Quick Slash+1","Backstab+1","All Out Attack","Prepared","Well Laid Plans","Calculated Gamble+1","Wraith Form v2","Sucker Punch","Heel Hook","Cloak And Dagger","Malaise","Poisoned Stab","Quick Slash","Malaise","Dodge and Roll","Eviscerate","Slice","Blade Dance+1","Backflip+1","Deflect+1","Calculated Gamble","Die Die Die+1"],"max_hp_per_floor":[84,84,84,84,84,84,84,84,84,84,84,84,84,84,84,84,84,84,84,84,84,84,84,84,84,84,84,84,84,84,84,84,84],"relics":["Ring of the Snake","Mango","Tough Bandages","Bronze Scales","Pandora\u0027s Box","Thread and Needle","Singing Bowl","Toxic Egg 2","Happy Flower"],"card_choices":[{"not_picked":["Flechettes","Riddle With Holes"],"picked":"Quick Slash","floor":1},{"not_picked":["Backflip","Dagger Throw"],"picked":"All Out Attack","floor":6},{"not_picked":["Catalyst","Leg Sweep"],"picked":"Prepared","floor":7},{"not_picked":["Acrobatics","Leg Sweep"],"picked":"Calculated Gamble","floor":12},{"not_picked":["Tools of the Trade","Bullet Time"],"picked":"Wraith Form v2","floor":16},{"not_picked":["Dagger Throw","Poisoned Stab"],"picked":"Slice","floor":18},{"not_picked":["Grand Finale","Underhanded Strike"],"picked":"Backflip","floor":23},{"not_picked":["Poisoned Stab","Flying Knee"],"picked":"Deflect","floor":24},{"not_picked":["Quick Slash","Bane"],"picked":"Calculated Gamble","floor":25},{"not_picked":["Dodge and Roll","Expertise"],"picked":"Die Die Die","floor":28}],"player_experience":121076,"potions_floor_usage":[16,23,33,33],"damage_taken":[{"damage":1,"enemies":"Cultist","floor":1,"turns":4},{"damage":0,"enemies":"2 Louse","floor":6,"turns":1},{"damage":0,"enemies":"Small Slimes","floor":7,"turns":2},{"damage":0,"enemies":"Exordium Wildlife","floor":8,"turns":4},{"damage":2,"enemies":"Looter","floor":12,"turns":2},{"damage":71,"enemies":"Hexaghost","floor":16,"turns":15},{"damage":1,"enemies":"Chosen","floor":18,"turns":5},{"damage":4,"enemies":"Shell Parasite","floor":22,"turns":5},{"damage":19,"enemies":"Book of Stabbing","floor":23,"turns":6},{"damage":0,"enemies":"Centurion and Healer","floor":24,"turns":6},{"damage":6,"enemies":"3 Cultists","floor":25,"turns":6},{"damage":0,"enemies":"Snake Plant","floor":28,"turns":4},{"damage":86,"enemies":"Collector","floor":33,"turns":8}],"event_choices":[{"event_name":"Liars Game","player_choice":"agreed","floor":3,"damage_taken":0},{"event_name":"Shining Light","player_choice":"Entered Light","floor":4,"damage_taken":0},{"event_name":"Living Wall","player_choice":"Grow","floor":13,"damage_taken":0},{"event_name":"Transmorgrifier","player_choice":"Transform","floor":19,"damage_taken":0},{"event_name":"Wheel of Change","player_choice":"Gold","floor":20,"damage_taken":0},{"event_name":"Beggar","player_choice":"Gave Gold","floor":21,"damage_taken":0},{"event_name":"Addict","player_choice":"Obtained Relic","floor":31,"damage_taken":0}],"boss_relics":[{"not_picked":["Philosopher\u0027s Stone","Cursed Key"],"picked":"Pandora\u0027s Box"}],"potions_floor_spawned":[1,8,16,22,25,28],"seed_played":"-3661884618628502351","killed_by":"Collector","ascension_level":0,"is_trial":false}