{"path_per_floor":["M","M","?","M","M","R","?","R","T","R","$","E","M","M","R","B",null,"M","M","M","?","?","R","E","R","T","$","?","R","?","M","R","B",null,"M","?","M","M","?","R","M","R","T","R","M","R","?","M","R","B"],"character_chosen":"IRONCLAD","items_purchased":[],"gold_per_floor":[10,28,28,40,50,50,50,50,50,50,50,76,93,105,105,208,208,208,208,208,208,108,108,108,108,108,33,33,33,33,33,33,33,33,33,33,33,33,33,33,33,33,33,33,33,33,33,33,33,33],"floor_reached":51,"campfire_rested":1,"playtime":3456,"current_hp_per_floor":[80,80,80,79,80,80,80,80,80,80,80,60,56,56,56,9,80,64,51,23,49,49,49,9,9,9,9,9,33,80,80,80,7,80,80,80,79,61,61,61,63,63,63,63,63,63,63,68,68,60],"items_purged":["Strike_R"],"gold":33,"score":831,"play_id":"b06679f2-bfc7-497e-81a3-657784c18371","local_time":"20180409002748","is_prod":false,"is_daily":false,"is_ascension_mode":true,"campfire_upgraded":12,"timestamp":1523226468,"path_taken":["M","M","?","M","M","R","?","R","T","R","$","E","?","M","R","BOSS","M","M","M","?","?","R","E","R","T","$","?","R","?","M","R","BOSS","M","?","M","?","?","R","M","R","T","R","M","R","?","M","R","BOSS"],"build_version":"2018-04-05v2","purchased_purges":1,"victory":true,"master_deck":["Strike_R","Strike_R","Defend_R+1","Defend_R+1","Bash+1","Pummel+1","Twin Strike+1","Bash+1","Thunderclap","Spot Weakness+1","Demon Form+1","Flame Barrier+1","Shrug It Off+1","J.A.X.+1","Cleave","Reaper","Dual Wield+1","Sword Boomerang+1","Infernal Blade+1","Heavy Blade+1","Warcry"],"max_hp_per_floor":[80,80,80,80,80,80,80,80,80,80,80,80,80,80,80,80,80,80,80,80,80,80,80,80,80,80,80,80,80,80,80,80,80,80,80,80,80,80,80,80,80,80,80,80,80,80,80,80,80,80],"relics":["Burning Blood","Unceasing Top","Bag of Marbles","Ectoplasm","Oddly Smooth Stone","Lantern","Sozu","Art of War"],"card_choices":[{"not_picked":["Wild Strike","Body Slam"],"picked":"Pummel","floor":1},{"not_picked":["Flex","True Grit"],"picked":"Twin Strike","floor":4},{"not_picked":["Pommel Strike","Headbutt"],"picked":"Thunderclap","floor":13},{"not_picked":["Thunderclap","Shrug It Off"],"picked":"Spot Weakness","floor":14},{"not_picked":["Dark Embrace","Berserk"],"picked":"Demon Form","floor":16},{"not_picked":["Clothesline","Blood for Blood"],"picked":"Flame Barrier","floor":18},{"not_picked":["Sword Boomerang","Shockwave"],"picked":"Shrug It Off","floor":20},{"not_picked":["Sword Boomerang","Ghostly Armor"],"picked":"Cleave","floor":31},{"not_picked":["Barricade","Limit Break"],"picked":"Reaper","floor":33},{"not_picked":["Perfected Strike","Reckless Charge"],"picked":"Sword Boomerang","floor":37},{"not_picked":["Ghostly Armor","True Grit"],"picked":"Infernal Blade","floor":41},{"not_picked":["Evolve","Thunderclap"],"picked":"Heavy Blade","floor":45},{"not_picked":["Thunderclap","Havoc"],"picked":"Warcry","floor":48}],"player_experience":136722,"potions_floor_usage":[16,24,33,33],"damage_taken":[{"damage":1,"enemies":"Cultist","floor":1,"turns":3},{"damage":0,"enemies":"2 Louse","floor":2,"turns":4},{"damage":7,"enemies":"Jaw Worm","floor":4,"turns":3},{"damage":1,"enemies":"Gremlin Gang","floor":5,"turns":6},{"damage":26,"enemies":"Lagavulin","floor":12,"turns":5},{"damage":10,"enemies":"Exordium Wildlife","floor":13,"turns":3},{"damage":6,"enemies":"Looter","floor":14,"turns":2},{"damage":53,"enemies":"The Guardian","floor":16,"turns":10},{"damage":22,"enemies":"Shell Parasite","floor":18,"turns":3},{"damage":19,"enemies":"3 Byrds","floor":19,"turns":5},{"damage":34,"enemies":"Snake Plant","floor":20,"turns":5},{"damage":46,"enemies":"Book of Stabbing","floor":24,"turns":6},{"damage":5,"enemies":"Centurion and Healer","floor":31,"turns":4},{"damage":79,"enemies":"Champ","floor":33,"turns":8},{"damage":15,"enemies":"3 Darklings","floor":35,"turns":6},{"damage":7,"enemies":"Orb Walker","floor":37,"turns":3},{"damage":35,"enemies":"Sphere and 2 Shapes","floor":38,"turns":8},{"damage":29,"enemies":"3 Darklings","floor":41,"turns":3},{"damage":6,"enemies":"Maw","floor":45,"turns":4},{"damage":16,"enemies":"Sphere and 2 Shapes","floor":48,"turns":4},{"damage":104,"enemies":"Donu and Deca","floor":50,"turns":7}],"event_choices":[{"event_name":"The Cleric","player_choice":"Leave","floor":3,"damage_taken":0},{"event_name":"Match and Keep!","player_choice":"1 cards matched","floor":7,"damage_taken":0},{"event_name":"The Library","player_choice":"Heal","floor":21,"damage_taken":0},{"event_name":"Drug Dealer","player_choice":"Got JAXXED","floor":22,"damage_taken":0},{"event_name":"Back to Basics","player_choice":"Elegance","floor":28,"damage_taken":0},{"event_name":"Wheel of Change","player_choice":"Full Heal","floor":30,"damage_taken":0},{"event_name":"Transmorgrifier","player_choice":"Transform","floor":36,"damage_taken":0},{"event_name":"The Lab","player_choice":"Got Potions","floor":39,"damage_taken":0},{"event_name":"Match and Keep!","player_choice":"0 cards matched","floor":47,"damage_taken":0}],"boss_relics":[{"not_picked":["Eternal Feather","White Beast Statue"],"picked":"Ectoplasm"},{"not_picked":["Calling Bell","Pandora\u0027s Box"],"picked":"Sozu"}],"potions_floor_spawned":[4,5,16,20,24,37,38,41],"seed_played":"358951805896544828","ascension_level":2,"is_trial":false}