{"path_per_floor":["M","$","?","M","M","R","T","R","T","?","M","M","M","M","R","B",null,"M","?","?","?","M","R","M","M","T"],"character_chosen":"IRONCLAD","items_purchased":[],"gold_per_floor":[116,116,116,130,148,148,148,148,148,204,219,229,239,252,252,356,356,372,372,372,372,383,383,401,413,492,492],"floor_reached":27,"campfire_rested":1,"playtime":877,"current_hp_per_floor":[80,80,80,80,80,80,80,80,80,73,79,80,80,80,80,65,80,78,62,47,47,45,70,40,38,38,0],"items_purged":[],"gold":492,"score":207,"play_id":"e3b413e5-2560-4644-8031-b5403234b11b","local_time":"20180509205143","is_prod":false,"is_daily":false,"chose_seed":false,"is_ascension_mode":false,"campfire_upgraded":3,"timestamp":1525863103,"path_taken":["M","$","?","M","?","R","?","R","T","?","M","?","M","M","R","BOSS","M","?","?","?","M","R","M","?","T","M"],"build_version":"2018-05-08","seed_source_timestamp":8570278811234,"purchased_purges":0,"victory":false,"master_deck":["Strike_R+1","Strike_R+1","Strike_R","Strike_R","Strike_R","Defend_R","Defend_R","Defend_R","Defend_R","Bash","Anger+1","Clash","Rage+1","Clash","Offering","Flex+1","Offering","Necronomicurse","Anger","Rupture","Anger"],"max_hp_per_floor":[80,80,80,80,80,80,80,80,80,80,80,80,80,80,80,80,80,80,80,85,85,85,85,85,85,85,85],"relics":["Burning Blood","Bottled Flame","Dodecahedron","Ornamental Fan","Sozu","Necronomicon","Shuriken"],"card_choices":[{"not_picked":["Rage","Armaments"],"picked":"Anger","floor":1},{"not_picked":["Sword Boomerang","Perfected Strike"],"picked":"Clash","floor":4},{"not_picked":["Pommel Strike","Sword Boomerang"],"picked":"Rage","floor":5},{"not_picked":["Perfected Strike","Twin Strike"],"picked":"Clash","floor":10},{"not_picked":["Reckless Charge","Body Slam"],"picked":"Offering","floor":13},{"not_picked":["Havoc","Iron Wave"],"picked":"Flex","floor":14},{"not_picked":["Reaper","Berserk"],"picked":"Offering","floor":16},{"not_picked":["Heavy Blade","True Grit"],"picked":"Rupture","floor":22},{"not_picked":["Iron Wave","Clash"],"picked":"Anger","floor":24}],"player_experience":196518,"potions_floor_usage":[14,14,14,18],"damage_taken":[{"damage":1,"enemies":"Jaw Worm","floor":1,"turns":4},{"damage":0,"enemies":"2 Louse","floor":4,"turns":2},{"damage":0,"enemies":"Cultist","floor":5,"turns":2},{"damage":13,"enemies":"Lagavulin Event","floor":10,"turns":5},{"damage":0,"enemies":"Exordium Thugs","floor":11,"turns":3},{"damage":0,"enemies":"2 Fungi Beasts","floor":12,"turns":2},{"damage":0,"enemies":"Exordium Wildlife","floor":13,"turns":3},{"damage":0,"enemies":"3 Louse","floor":14,"turns":2},{"damage":21,"enemies":"Slime Boss","floor":16,"turns":7},{"damage":8,"enemies":"Chosen","floor":18,"turns":2},{"damage":8,"enemies":"Spheric Guardian","floor":22,"turns":3},{"damage":36,"enemies":"Cultist and Chosen","floor":24,"turns":7},{"damage":8,"enemies":"Centurion and Healer","floor":25,"turns":5},{"damage":41,"enemies":"Snecko","floor":27,"turns":6}],"event_choices":[{"event_name":"Living Wall","player_choice":"Grow","floor":3,"damage_taken":0},{"event_name":"Dead Adventurer","player_choice":"Searched \u00273\u0027 times","floor":10,"damage_taken":0},{"event_name":"Cursed Tome","player_choice":"Obtained Book","floor":19,"damage_taken":0},{"event_name":"Forgotten Altar","player_choice":"Shed Blood","floor":20,"damage_taken":0},{"event_name":"The Library","player_choice":"Read","floor":21,"damage_taken":0}],"boss_relics":[{"not_picked":["Philosopher\u0027s Stone","Lizard Tail"],"picked":"Sozu"}],"potions_floor_spawned":[4,5,12,16,25],"seed_played":"2828459790141055196","killed_by":"Snecko","ascension_level":0,"is_trial":false}