{"gold_per_floor":[118,193,204,46,46,46,46,85,138,179,198,211,231,255,255,349,349,369,369,41,57,57,91,91],"floor_reached":24,"playtime":800,"items_purged":["Strike_B"],"score":552,"play_id":"cf7dbf60-a47e-45cd-b1a3-87c03995325f","local_time":"20190122190203","is_ascension_mode":true,"campfire_choices":[{"data":"Go for the Eyes","floor":6,"key":"SMITH"},{"data":"Thunder Strike","floor":15,"key":"SMITH"}],"neow_cost":"NONE","seed_source_timestamp":1179522380921494,"circlet_count":0,"master_deck":["AscendersBane","Strike_B","Strike_B","Strike_B","Defend_B","Defend_B","Defend_B","Defend_B","Zap","Dualcast","White Noise","Go for the Eyes+1","Thunder Strike+1","Cold Snap","Loop","Melter","Tempest","Tempest","Echo Form","Storm"],"relics":["Cracked Core","NeowsBlessing","Bag of Preparation","Golden Idol","Meat on the Bone","Tiny Chest","Blood Vial","Nuclear Battery","Anchor","Toxic Egg 2","Blue Candle"],"potions_floor_usage":[16,21,24],"damage_taken":[{"damage":0,"enemies":"2 Louse","floor":1,"turns":1},{"damage":0,"enemies":"Cultist","floor":3,"turns":1},{"damage":0,"enemies":"3 Sentries","floor":8,"turns":1},{"damage":20,"enemies":"Lagavulin","floor":10,"turns":6},{"damage":2,"enemies":"Small Slimes","floor":11,"turns":3},{"damage":17,"enemies":"Red Slaver","floor":12,"turns":4},{"damage":8,"enemies":"Exordium Thugs","floor":13,"turns":5},{"damage":10,"enemies":"2 Fungi Beasts","floor":14,"turns":4},{"damage":17,"enemies":"The Guardian","floor":16,"turns":9},{"damage":28,"enemies":"2 Thieves","floor":18,"turns":3},{"damage":10,"enemies":"3 Byrds","floor":21,"turns":3},{"damage":0,"enemies":"Book of Stabbing","floor":23,"turns":3},{"damage":55,"enemies":"3 Cultists","floor":24,"turns":4}],"seed_played":"-3389144926305721428","potions_obtained":[{"floor":1,"key":"Energy Potion"},{"floor":11,"key":"Dexterity Potion"},{"floor":18,"key":"PowerPotion"},{"floor":21,"key":"Energy Potion"}],"is_trial":false,"path_per_floor":["?","?","?","M","?","M","T"],"character_chosen":"DEFECT","items_purchased":["Bag of Preparation","Anchor","Storm"],"campfire_rested":0,"item_purchase_floors":[4,20,20],"current_hp_per_floor":[64,53,53,53,53,53,53,53,53,45,45,42,36,40,40,37,63,37,37,37,41,41,43,0],"gold":91,"neow_bonus":"THREE_ENEMY_KILL","is_prod":false,"is_daily":false,"chose_seed":false,"campfire_upgraded":2,"win_rate":0,"timestamp":1548201723,"path_taken":["M","?","M","$","?","R","?","E","T","E","?","M","M","M","R","BOSS","M","?","$","?","?","E","M"],"build_version":"2019-01-20","purchased_purges":1,"victory":false,"max_hp_per_floor":[71,71,71,71,71,71,71,71,71,71,71,71,71,71,71,71,71,71,71,71,71,71,71,71],"card_choices":[{"not_picked":["Go for the Eyes","Compile Driver"],"picked":"White Noise","floor":1},{"not_picked":["Compile Driver","Stack"],"picked":"Go for the Eyes","floor":3},{"not_picked":["Streamline","Fission"],"picked":"Thunder Strike","floor":8},{"not_picked":["Gash","Reboot"],"picked":"Cold Snap","floor":10},{"not_picked":["Gash","Redo"],"picked":"Loop","floor":11},{"not_picked":["Darkness","Leap"],"picked":"Melter","floor":12},{"not_picked":["Steam","Melter"],"picked":"Tempest","floor":13},{"not_picked":["Steam Power","Recycle"],"picked":"Tempest","floor":14},{"not_picked":["Rainbow","Meteor Strike"],"picked":"Echo Form","floor":16},{"not_picked":["Beam Cell","Barrage","Streamline+1"],"picked":"SKIP","floor":18},{"not_picked":["Beam Cell","Barrage","Streamline+1"],"picked":"SKIP","floor":18},{"not_picked":["FTL","Barrage","Go for the Eyes"],"picked":"SKIP","floor":21},{"not_picked":["Gash","Rebound+1","Chaos+1"],"picked":"SKIP","floor":23}],"player_experience":491779,"relics_obtained":[{"floor":8,"key":"Meat on the Bone"},{"floor":9,"key":"Tiny Chest"},{"floor":10,"key":"Blood Vial"},{"floor":22,"key":"Toxic Egg 2"},{"floor":23,"key":"Blue Candle"}],"event_choices":[{"damage_healed":0,"gold_gain":75,"player_choice":"Gather Gold","damage_taken":11,"max_hp_gain":0,"max_hp_loss":0,"event_name":"World of Goop","floor":2,"gold_loss":0},{"damage_healed":0,"gold_gain":0,"player_choice":"Take Wound","damage_taken":0,"relics_obtained":["Golden Idol"],"max_hp_gain":0,"max_hp_loss":0,"event_name":"Golden Idol","floor":5,"gold_loss":0,"cards_obtained":["Injury"]},{"cards_removed":["Injury"],"damage_healed":0,"gold_gain":0,"player_choice":"Removed Curses","damage_taken":0,"max_hp_gain":0,"max_hp_loss":0,"event_name":"Fountain of Cleansing","floor":7,"gold_loss":0},{"damage_healed":0,"gold_gain":0,"player_choice":"Got Potions","damage_taken":0,"max_hp_gain":0,"max_hp_loss":0,"event_name":"Lab","floor":19,"gold_loss":0}],"is_beta":true,"boss_relics":[{"not_picked":["Orrery","Black Star"],"picked":"Nuclear Battery"}],"items_purged_floors":[20],"is_endless":false,"potions_floor_spawned":[1,11,12,13,18,21],"killed_by":"3 Cultists","ascension_level":20}