{"path_per_floor":["M","?","M","M","M","E","R","E","T","M","R","E","$","M","R","B",null,"M","?","?"],"character_chosen":"IRONCLAD","items_purchased":["Shrug It Off","Immolate"],"gold_per_floor":[112,112,125,137,152,182,182,215,240,253,253,278,156,170,170,242,242,252,252,252,252],"floor_reached":21,"campfire_rested":0,"playtime":1546,"current_hp_per_floor":[70,70,73,79,80,72,72,56,56,45,45,33,33,34,34,49,72,45,45,29,0],"items_purged":[],"gold":252,"score":328,"play_id":"dc56285f-fd66-4765-978a-e3589b5da0ec","local_time":"20180503080940","is_prod":false,"is_daily":false,"chose_seed":false,"is_ascension_mode":true,"campfire_upgraded":3,"timestamp":1525327780,"path_taken":["M","?","M","M","?","E","R","E","T","?","R","E","$","M","R","BOSS","M","?","?","M"],"build_version":"2018-05-01v2","seed_source_timestamp":314929990086748,"purchased_purges":0,"victory":false,"master_deck":["Strike_R","Strike_R","Strike_R","Defend_R","Defend_R","Defend_R","Defend_R","Bash","AscendersBane","Metallicize+1","Rampage+1","Berserk","Anger","True Grit","Armaments","Spot Weakness","Clothesline","Pommel Strike","Barricade+1","Shrug It Off","Immolate","Armaments","Juggernaut","Body Slam","Feel No Pain","Ghostly Armor","Sentinel","Armaments","Body Slam"],"max_hp_per_floor":[80,80,80,80,80,80,80,80,80,80,80,80,80,80,80,80,80,80,80,80,80],"relics":["Burning Blood","Bottled Flame","Blood Vial","Regal Pillow","Happy Flower","Orrery","Enchiridion"],"card_choices":[{"not_picked":["Warcry","Wild Strike"],"picked":"Rampage","floor":1},{"not_picked":["Shrug It Off","Warcry"],"picked":"Anger","floor":3},{"not_picked":["Wild Strike","Shrug It Off"],"picked":"True Grit","floor":4},{"not_picked":["Combust","Second Wind"],"picked":"Armaments","floor":5},{"not_picked":["Impervious","Flex"],"picked":"Spot Weakness","floor":6},{"not_picked":["Battle Trance","Clash"],"picked":"Clothesline","floor":8},{"not_picked":["Wild Strike","Heavy Blade"],"picked":"Pommel Strike","floor":10},{"not_picked":["Pommel Strike","Reckless Charge"],"picked":"Barricade","floor":12},{"not_picked":["Wild Strike","Rampage"],"picked":"Armaments","floor":14},{"not_picked":["Dark Embrace","Exhume"],"picked":"Juggernaut","floor":16},{"not_picked":["Sentinel","Pommel Strike"],"picked":"Body Slam","floor":17},{"not_picked":["Sword Boomerang","Anger"],"picked":"Feel No Pain","floor":17},{"not_picked":["Heavy Blade","Pummel"],"picked":"Ghostly Armor","floor":17},{"not_picked":["Flex","Clash"],"picked":"Sentinel","floor":17},{"not_picked":["Pommel Strike","Heavy Blade"],"picked":"Armaments","floor":17},{"not_picked":["Feel No Pain","Intimidate"],"picked":"Body Slam","floor":18}],"player_experience":505963,"potions_floor_usage":[6,16],"damage_taken":[{"damage":8,"enemies":"Jaw Worm","floor":1,"turns":7},{"damage":3,"enemies":"Cultist","floor":3,"turns":3},{"damage":0,"enemies":"Small Slimes","floor":4,"turns":3},{"damage":4,"enemies":"Red Slaver","floor":5,"turns":5},{"damage":14,"enemies":"Lagavulin","floor":6,"turns":8},{"damage":22,"enemies":"3 Sentries","floor":8,"turns":9},{"damage":19,"enemies":"Lots of Slimes","floor":10,"turns":7},{"damage":20,"enemies":"Lagavulin","floor":12,"turns":8},{"damage":7,"enemies":"Large Slime","floor":14,"turns":5},{"damage":5,"enemies":"Hexaghost","floor":16,"turns":12},{"damage":35,"enemies":"Chosen","floor":18,"turns":9},{"damage":33,"enemies":"3 Byrds","floor":21,"turns":3}],"event_choices":[{"event_name":"Transmorgrifier","player_choice":"Transform","floor":2,"damage_taken":0},{"event_name":"Ghosts","player_choice":"Ignored","floor":19,"damage_taken":0},{"event_name":"Cursed Tome","player_choice":"Obtained Book","floor":20,"damage_taken":0}],"boss_relics":[{"not_picked":["White Beast Statue","Tiny House"],"picked":"Orrery"}],"potions_floor_spawned":[4,8,14,18],"seed_played":"443584373608577407","killed_by":"3 Byrds","ascension_level":13,"is_trial":false}