{"gold_per_floor":[114,264,13,13,13,47,47,47,73,148,176,188,222,238,238,315,315,334,354,354,365,384,384,309,309,333,333,345,345,75,75,75,75],"floor_reached":33,"playtime":1228,"items_purged":["Doubt"],"score":575,"play_id":"c4bb8528-19ce-48f2-b312-e2f159bfd913","local_time":"20190107193955","is_ascension_mode":true,"campfire_choices":[{"data":"Perfected Strike","floor":15,"key":"SMITH"},{"data":"Feel No Pain","floor":23,"key":"SMITH"},{"data":"Bash","floor":25,"key":"SMITH"},{"data":"Clothesline","floor":27,"key":"SMITH"},{"data":"Corruption","floor":32,"key":"SMITH"}],"neow_cost":"NONE","seed_source_timestamp":312541977524243,"circlet_count":0,"master_deck":["AscendersBane","Strike_R","Strike_R","Strike_R","Defend_R","Defend_R","Defend_R","Defend_R","Bash+1","Battle Trance","Immolate","Shrug It Off","Impervious","Perfected Strike+1","Twin Strike","Headbutt","Offering","Ghostly Armor","Clothesline+1","Offering","Warcry+1","Feel No Pain+1","Corruption+1","Ghostly","Ghostly","Ghostly","Mayhem"],"relics":["Burning Blood","NeowsBlessing","Pantograph","Blood Vial","Omamori","Ice Cream","Strawberry","Coffee Dripper","Meat on the Bone"],"potions_floor_usage":[13,28,28,33],"damage_taken":[{"damage":0,"enemies":"Jaw Worm","floor":1,"turns":1},{"damage":0,"enemies":"Gremlin Nob","floor":6,"turns":1},{"damage":0,"enemies":"Lagavulin","floor":11,"turns":1},{"damage":2,"enemies":"Small Slimes","floor":12,"turns":4},{"damage":34,"enemies":"Gremlin Nob","floor":13,"turns":5},{"damage":0,"enemies":"2 Louse","floor":14,"turns":2},{"damage":54,"enemies":"The Guardian","floor":16,"turns":12},{"damage":23,"enemies":"2 Thieves","floor":18,"turns":5},{"damage":22,"enemies":"Spheric Guardian","floor":19,"turns":4},{"damage":23,"enemies":"Centurion and Healer","floor":21,"turns":6},{"damage":8,"enemies":"Snake Plant","floor":22,"turns":4},{"damage":38,"enemies":"Sentry and Sphere","floor":28,"turns":8},{"damage":50,"enemies":"Champ","floor":33,"turns":8}],"seed_played":"-8061589852441566599","potions_obtained":[{"floor":12,"key":"Fire Potion"},{"floor":16,"key":"Energy Potion"},{"floor":22,"key":"BloodPotion"},{"floor":28,"key":"BloodPotion"}],"is_trial":false,"path_per_floor":["M","?","$","?","$","E","?","?","T","?","E","M","E","M","R","B",null,"M","M","?","M","M","R","?","R","T","R","M","?","$","?","R","B"],"character_chosen":"IRONCLAD","items_purchased":["Immolate","Energy Potion","Mayhem"],"campfire_rested":0,"item_purchase_floors":[3,30,30],"current_hp_per_floor":[74,74,74,74,74,75,64,69,69,58,66,72,53,61,61,39,75,60,46,46,31,31,31,31,31,31,31,9,9,9,9,9,0],"gold":75,"neow_bonus":"THREE_ENEMY_KILL","is_prod":false,"is_daily":false,"chose_seed":false,"campfire_upgraded":5,"win_rate":0,"timestamp":1546857595,"path_taken":["M","?","$","?","$","E","?","?","T","?","E","M","E","?","R","BOSS","M","M","?","?","M","R","?","R","T","R","M","?","$","?","R","BOSS"],"build_version":"2019-01-03v4","purchased_purges":1,"victory":false,"max_hp_per_floor":[75,75,75,75,75,75,75,80,80,80,80,80,87,87,87,87,87,87,87,87,87,87,87,87,87,87,87,87,43,43,43,43,43],"card_choices":[{"not_picked":["Flex","Anger"],"picked":"Battle Trance","floor":1},{"not_picked":["Dual Wield","Corruption"],"picked":"Shrug It Off","floor":6},{"not_picked":["Exhume","Carnage"],"picked":"Impervious","floor":11},{"not_picked":["Reckless Charge","Twin Strike"],"picked":"Perfected Strike","floor":12},{"not_picked":["Body Slam","Cleave"],"picked":"Twin Strike","floor":13},{"not_picked":["Havoc","Warcry"],"picked":"Headbutt","floor":14},{"not_picked":["Brutality","Juggernaut"],"picked":"Offering","floor":16},{"not_picked":["Havoc+1","Shrug It Off"],"picked":"Ghostly Armor","floor":18},{"not_picked":["Flex","Warcry"],"picked":"Clothesline","floor":19},{"not_picked":["Armaments","Disarm"],"picked":"Warcry+1","floor":21},{"not_picked":["Reaper","Shrug It Off"],"picked":"Feel No Pain","floor":22},{"not_picked":["Havoc","Shockwave"],"picked":"Corruption","floor":28}],"player_experience":763355,"relics_obtained":[{"floor":6,"key":"Pantograph"},{"floor":9,"key":"Omamori"},{"floor":11,"key":"Ice Cream"},{"floor":13,"key":"Strawberry"}],"event_choices":[{"damage_healed":0,"gold_gain":150,"player_choice":"AGREE","damage_taken":0,"max_hp_gain":0,"max_hp_loss":0,"event_name":"Liars Game","floor":2,"gold_loss":0,"cards_obtained":["Doubt"]},{"cards_removed":["Strike_R"],"damage_healed":0,"gold_gain":0,"player_choice":"Forget","damage_taken":0,"max_hp_gain":0,"max_hp_loss":0,"event_name":"Living Wall","floor":4,"gold_loss":0},{"damage_healed":0,"gold_gain":0,"player_choice":"Success","damage_taken":11,"relics_obtained":["Blood Vial"],"max_hp_gain":0,"max_hp_loss":0,"event_name":"Scrap Ooze","floor":7,"gold_loss":0},{"damage_healed":0,"gold_gain":0,"player_choice":"Donut","damage_taken":0,"max_hp_gain":5,"max_hp_loss":0,"event_name":"Big Fish","floor":8,"gold_loss":0},{"damage_healed":0,"gold_gain":75,"player_choice":"Gather Gold","damage_taken":11,"max_hp_gain":0,"max_hp_loss":0,"event_name":"World of Goop","floor":10,"gold_loss":0},{"damage_healed":0,"gold_gain":0,"player_choice":"Copied","damage_taken":0,"max_hp_gain":0,"max_hp_loss":0,"event_name":"Duplicator","floor":20,"gold_loss":0,"cards_obtained":["Offering"]},{"cards_removed":["Strike_R"],"damage_healed":0,"gold_gain":0,"player_choice":"Gave Gold","damage_taken":0,"max_hp_gain":0,"max_hp_loss":0,"event_name":"Beggar","floor":24,"gold_loss":75},{"damage_healed":0,"gold_gain":0,"player_choice":"Became a Ghost","damage_taken":0,"max_hp_gain":0,"max_hp_loss":44,"event_name":"Ghosts","floor":29,"gold_loss":0,"cards_obtained":["Ghostly","Ghostly","Ghostly"]},{"damage_healed":0,"gold_gain":0,"player_choice":"Opened","damage_taken":0,"relics_obtained":["Meat on the Bone"],"max_hp_gain":0,"max_hp_loss":0,"event_name":"The Mausoleum","floor":31,"gold_loss":0,"cards_obtained":["Writhe"]}],"is_beta":false,"boss_relics":[{"not_picked":["Black Blood","Sozu"],"picked":"Coffee Dripper"}],"items_purged_floors":[3],"is_endless":false,"potions_floor_spawned":[12,16,22,28],"killed_by":"Champ","ascension_level":17}