{"gold_per_floor":[115,133,152,165,183,183,217,217,217,232,232,244,244,244,244,244],"floor_reached":16,"playtime":2211,"items_purged":[],"score":125,"play_id":"d2f64575-135c-4540-a8b7-4aaaff60839f","local_time":"20190306173952","is_ascension_mode":true,"campfire_choices":[{"data":"Crippling Poison","floor":6.0,"key":"SMITH"},{"data":"Neutralize","floor":8.0,"key":"SMITH"},{"data":"After Image","floor":11.0,"key":"SMITH"},{"data":"Backflip","floor":13,"key":"SMITH"},{"data":"Acrobatics","floor":15,"key":"SMITH"}],"neow_cost":"NONE","seed_source_timestamp":0,"circlet_count":0,"master_deck":["Defend_G","Defend_G","Defend_G","Defend_G","Defend_G","Strike_G","Strike_G","Strike_G","Strike_G","Strike_G","Survivor","Neutralize+1","Cloak And Dagger","Acrobatics+1","Crippling Poison+1","PiercingWail","After Image+1","Escape Plan","Backflip+1"],"special_seed":0,"relics":["Ring of the Snake","Boot","Bird Faced Urn","Tingsha"],"potions_floor_usage":[16,16],"damage_taken":[{"damage":0.0,"enemies":"Small Slimes","floor":1.0,"turns":3.0},{"damage":0.0,"enemies":"2 Louse","floor":2.0,"turns":3.0},{"damage":0.0,"enemies":"Jaw Worm","floor":3.0,"turns":5.0},{"damage":4.0,"enemies":"Large Slime","floor":4.0,"turns":10.0},{"damage":1.0,"enemies":"Gremlin Gang","floor":5.0,"turns":6.0},{"damage":21.0,"enemies":"3 Sentries","floor":7.0,"turns":8.0},{"damage":0.0,"enemies":"Blue Slaver","floor":10.0,"turns":5.0},{"damage":0.0,"enemies":"Large Slime","floor":12.0,"turns":8.0},{"damage":50,"enemies":"Hexaghost","floor":16,"turns":16}],"seed_played":"1583159760521035189","potions_obtained":[{"floor":2.0,"key":"SpeedPotion"},{"floor":3.0,"key":"EssenceOfSteel"},{"floor":7.0,"key":"Swift Potion"},{"floor":12.0,"key":"Weak Potion"}],"is_trial":false,"path_per_floor":["M","M","M","M","M","R","E","R","T","M","R","M","R","?","R","B"],"character_chosen":"THE_SILENT","items_purchased":[],"campfire_rested":0,"item_purchase_floors":[],"current_hp_per_floor":[70,70,70,66,65,65,44,44,44,46,46,48,48,45,45,0],"gold":244,"neow_bonus":"THREE_CARDS","is_prod":false,"is_daily":false,"chose_seed":false,"campfire_upgraded":5,"win_rate":0,"timestamp":1551893992,"path_taken":["M","M","M","M","M","R","E","R","T","M","R","M","R","?","R","BOSS"],"build_version":"2019-01-23","purchased_purges":0,"victory":false,"max_hp_per_floor":[70,70,70,70,70,70,70,70,70,70,70,70,70,70,70,70],"card_choices":[{"not_picked":["Tactician","Slice"],"picked":"Cloak And Dagger","floor":0.0},{"not_picked":["Deflect","Dagger Spray"],"picked":"Acrobatics","floor":1.0},{"not_picked":["Blade Dance","Quick Slash"],"picked":"Crippling Poison","floor":2.0},{"not_picked":["Underhanded Strike","Eviscerate"],"picked":"PiercingWail","floor":3.0},{"not_picked":["Choke","PiercingWail","Sucker Punch"],"picked":"SKIP","floor":4.0},{"not_picked":["Prepared","Sucker Punch"],"picked":"After Image","floor":5.0},{"not_picked":["Calculated Gamble","Setup"],"picked":"Escape Plan","floor":7.0},{"not_picked":["Quick Slash","Slice","Choke"],"picked":"SKIP","floor":10.0},{"not_picked":["Quick Slash","Slice","Choke"],"picked":"SKIP","floor":10.0},{"not_picked":["Bane","Slice"],"picked":"Backflip","floor":12.0}],"player_experience":500454,"relics_obtained":[{"floor":7.0,"key":"Boot"},{"floor":9.0,"key":"Bird Faced Urn"}],"event_choices":[{"damage_healed":0,"gold_gain":0,"player_choice":"Success","damage_taken":3,"relics_obtained":["Tingsha"],"max_hp_gain":0,"max_hp_loss":0,"event_name":"Scrap Ooze","floor":14,"gold_loss":0}],"is_beta":false,"boss_relics":[],"items_purged_floors":[],"is_endless":false,"potions_floor_spawned":[2,3,7,12],"killed_by":"Hexaghost","ascension_level":4}