{"gold_per_floor":[118,118,9,21,38,38,65,76,103,123,123,123,82,102,102,207,207,218,218,237,162,19,19,54,54,54,54],"floor_reached":27,"playtime":902,"items_purged":[],"score":347,"play_id":"9b1c4df2-42e5-4b30-90ff-2a09b6d7e49d","local_time":"20181030210300","is_ascension_mode":true,"campfire_choices":[{"data":"Hologram","floor":6,"key":"SMITH"},{"data":"Defragment","floor":11,"key":"SMITH"},{"floor":15,"key":"REST"},{"data":"Meteor Strike","floor":23,"key":"SMITH"},{"data":"Defragment","floor":25,"key":"SMITH"}],"neow_cost":"NONE","seed_source_timestamp":265572485539527,"circlet_count":0,"master_deck":["Strike_B","Strike_B","Strike_B","Defend_B","Defend_B","Defend_B","Defend_B","Zap+1","Dualcast+1","AscendersBane","Go for the Eyes","Defragment+1","Sunder+1","Hologram+1","Streamline+1","Meteor Strike+1","Defragment+1","Sweeping Beam","Ball Lightning","Thunder Strike","Rebound","Turbo"],"relics":["Nuclear Battery","Bag of Marbles","Whetstone","Centennial Puzzle","Busted Crown","War Paint","Omamori","Shuriken","Unceasing Top"],"potions_floor_usage":[16,24,27,27],"damage_taken":[{"damage":14,"enemies":"Small Slimes","floor":1,"turns":4},{"damage":0,"enemies":"Jaw Worm","floor":4,"turns":3},{"damage":1,"enemies":"2 Louse","floor":5,"turns":2},{"damage":16,"enemies":"Gremlin Nob","floor":7,"turns":4},{"damage":6,"enemies":"Red Slaver","floor":8,"turns":3},{"damage":0,"enemies":"Exordium Wildlife","floor":10,"turns":2},{"damage":0,"enemies":"Looter","floor":14,"turns":1},{"damage":17,"enemies":"Hexaghost","floor":16,"turns":7},{"damage":0,"enemies":"Chosen","floor":18,"turns":4},{"damage":6,"enemies":"Spheric Guardian","floor":20,"turns":3},{"damage":21,"enemies":"Gremlin Leader","floor":24,"turns":6},{"damage":20,"enemies":"Colosseum Slavers","floor":27,"turns":3},{"damage":18,"enemies":"Colosseum Nobs","floor":27,"turns":2}],"seed_played":"-4821511041764017545","potions_obtained":[{"floor":1,"key":"Strength Potion"},{"floor":4,"key":"SkillPotion"},{"floor":10,"key":"AttackPotion"},{"floor":18,"key":"SpeedPotion"},{"floor":24,"key":"AttackPotion"}],"is_trial":false,"path_per_floor":["M","?","$","M","M","R","E","M","T","M","R","?","?","M","R","B",null,"M","?","M","?","$","R","E","R","T"],"character_chosen":"DEFECT","items_purchased":["Defragment","Sunder","Omamori"],"campfire_rested":1,"item_purchase_floors":[3,3,22],"current_hp_per_floor":[54,36,36,36,35,35,19,13,13,13,13,13,13,13,35,18,61,61,61,55,55,55,55,34,34,34,0],"gold":54,"neow_bonus":"BOSS_RELIC","is_prod":false,"is_daily":false,"chose_seed":false,"campfire_upgraded":4,"win_rate":0,"timestamp":1540958580,"path_taken":["M","?","$","?","M","R","E","M","T","M","R","?","?","M","R","BOSS","M","?","M","?","$","R","E","R","T","?"],"build_version":"2018-10-25v2","purchased_purges":0,"victory":false,"max_hp_per_floor":[75,75,75,75,75,75,75,75,75,75,75,75,75,75,75,75,75,75,75,75,75,75,75,75,75,75,75],"card_choices":[{"not_picked":["Blizzard","Redo"],"picked":"Go for the Eyes","floor":1},{"not_picked":["Chaos","Darkness"],"picked":"Hologram","floor":4},{"not_picked":["Gash","Sweeping Beam"],"picked":"Streamline","floor":5},{"not_picked":["Hello World","Defragment"],"picked":"Meteor Strike","floor":7},{"not_picked":["Coolheaded","Leap"],"picked":"Defragment","floor":8},{"not_picked":["Auto Shields","Conserve Battery"],"picked":"Sweeping Beam","floor":10},{"not_picked":["Static Discharge","Go for the Eyes"],"picked":"Ball Lightning","floor":14},{"not_picked":["Amplify","Biased Cognition"],"picked":"Thunder Strike","floor":16},{"not_picked":[],"picked":"Rebound","floor":18},{"not_picked":["Redo"],"picked":"SKIP","floor":20},{"not_picked":[],"picked":"Turbo","floor":24}],"player_experience":331911,"relics_obtained":[{"floor":7,"key":"Whetstone"},{"floor":9,"key":"Centennial Puzzle"},{"floor":24,"key":"Shuriken"},{"floor":26,"key":"Unceasing Top"}],"event_choices":[{"damage_healed":0,"gold_gain":0,"player_choice":"Success","damage_taken":18,"relics_obtained":["Bag of Marbles"],"max_hp_gain":0,"max_hp_loss":0,"event_name":"Scrap Ooze","floor":2,"gold_loss":0},{"damage_healed":0,"gold_gain":0,"player_choice":"Ignored","damage_taken":0,"max_hp_gain":0,"max_hp_loss":0,"event_name":"Shining Light","floor":12,"gold_loss":0},{"damage_healed":0,"gold_gain":0,"player_choice":"Left Gold","damage_taken":0,"max_hp_gain":0,"max_hp_loss":0,"event_name":"World of Goop","floor":13,"gold_loss":41},{"damage_healed":0,"gold_gain":0,"player_choice":"Opened","damage_taken":0,"relics_obtained":["War Paint"],"max_hp_gain":0,"max_hp_loss":0,"event_name":"The Mausoleum","floor":19,"gold_loss":0},{"cards_removed":["Strike_B"],"damage_healed":0,"gold_gain":0,"player_choice":"Gave Gold","damage_taken":0,"max_hp_gain":0,"max_hp_loss":0,"event_name":"Beggar","floor":21,"gold_loss":75},{"damage_healed":0,"gold_gain":0,"player_choice":"Fight","damage_taken":0,"max_hp_gain":0,"max_hp_loss":0,"event_name":"Colosseum","floor":27,"gold_loss":0},{"damage_healed":0,"gold_gain":0,"player_choice":"Fought Nobs","damage_taken":0,"max_hp_gain":0,"max_hp_loss":0,"event_name":"Colosseum","floor":27,"gold_loss":0}],"is_beta":false,"boss_relics":[{"not_picked":["Orrery","Runic Pyramid"],"picked":"Busted Crown"}],"items_purged_floors":[],"is_endless":false,"potions_floor_spawned":[1,4,10,18,24,27],"killed_by":"Colosseum Nobs","ascension_level":10}