{"gold_per_floor":[116,35,52,52,227,245,280,280,305,305],"floor_reached":10,"playtime":376,"items_purged":[],"score":79,"play_id":"9c908174-7ab9-4840-80fe-9521a00c3247","local_time":"20190214035025","is_ascension_mode":true,"campfire_choices":[],"neow_cost":"NONE","seed_source_timestamp":669411677679700,"circlet_count":0,"master_deck":["Defend_G","Defend_G+1","Defend_G","Defend_G","Defend_G","Strike_G","Strike_G","Strike_G","Strike_G+1","Strike_G","Survivor","Neutralize","Backflip","Noxious Fumes","Poisoned Stab","Doubt","Sucker Punch","Cloak And Dagger"],"relics":["Ring of the Snake","Art of War","Centennial Puzzle"],"potions_floor_usage":[10],"damage_taken":[{"damage":0,"enemies":"2 Louse","floor":1,"turns":4},{"damage":1,"enemies":"Small Slimes","floor":3,"turns":5},{"damage":0,"enemies":"Jaw Worm","floor":6,"turns":4},{"damage":50,"enemies":"Lagavulin","floor":7,"turns":8},{"damage":25,"enemies":"3 Sentries","floor":10,"turns":4}],"seed_played":"-6361317498489523914","potions_obtained":[{"floor":3,"key":"EssenceOfSteel"}],"is_trial":false,"path_per_floor":["M","$","M","?","?","M","E","?","T","E"],"character_chosen":"THE_SILENT","items_purchased":["Noxious Fumes"],"campfire_rested":0,"item_purchase_floors":[2],"current_hp_per_floor":[77,77,76,61,61,61,11,16,16,0],"gold":305,"neow_bonus":"TEN_PERCENT_HP_BONUS","is_prod":false,"is_daily":false,"chose_seed":false,"campfire_upgraded":0,"win_rate":0,"timestamp":1550145025,"path_taken":["M","$","M","?","?","M","E","?","T","E"],"build_version":"2019-01-23","purchased_purges":0,"victory":false,"max_hp_per_floor":[77,77,77,77,77,77,77,82,82,82],"card_choices":[{"not_picked":["Bane","Dash"],"picked":"Backflip","floor":1},{"not_picked":["Dagger Throw","Blade Dance"],"picked":"Poisoned Stab","floor":3},{"not_picked":["Dagger Spray","Glass Knife"],"picked":"Sucker Punch","floor":6},{"not_picked":["Quick Slash","Tools of the Trade"],"picked":"Cloak And Dagger","floor":7}],"player_experience":690282,"relics_obtained":[{"floor":7,"key":"Art of War"},{"floor":9,"key":"Centennial Puzzle"}],"event_choices":[{"damage_healed":0,"gold_gain":0,"player_choice":"Entered Light","damage_taken":15,"max_hp_gain":0,"max_hp_loss":0,"event_name":"Shining Light","floor":4,"gold_loss":0,"cards_upgraded":["Defend_G","Strike_G"]},{"damage_healed":0,"gold_gain":175,"player_choice":"AGREE","damage_taken":0,"max_hp_gain":0,"max_hp_loss":0,"event_name":"Liars Game","floor":5,"gold_loss":0,"cards_obtained":["Doubt"]},{"damage_healed":0,"gold_gain":0,"player_choice":"Donut","damage_taken":0,"max_hp_gain":5,"max_hp_loss":0,"event_name":"Big Fish","floor":8,"gold_loss":0}],"is_beta":false,"boss_relics":[],"items_purged_floors":[],"is_endless":false,"potions_floor_spawned":[3],"killed_by":"3 Sentries","ascension_level":4}