{"gold_per_floor":[113,129,129,143,68,97,97,129,155,187,206,218,232,250,250],"floor_reached":15,"playtime":898,"items_purged":["Strike_B"],"score":125,"play_id":"b12933af-9fe3-4e94-aaae-de283d9129e1","local_time":"20190201095720","is_ascension_mode":true,"campfire_choices":[{"data":"Streamline","floor":7,"key":"SMITH"},{"floor":15,"key":"RECALL"}],"neow_cost":"NONE","seed_source_timestamp":815846728303,"circlet_count":0,"master_deck":["Strike_B","Strike_B","Strike_B","Defend_B","Defend_B","Defend_B","Defend_B","Zap","Dualcast","Sweeping Beam","Hello World","Pain","Conserve Battery","Streamline+1","Core Surge","Sunder","Genetic Algorithm","Hello World","Self Repair","Stack"],"relics":["White Beast Statue","WarpedTongs","Vajra","Art of War","Regal Pillow"],"potions_floor_usage":[6,8,10,11,12,12,14],"damage_taken":[{"damage":2,"enemies":"2 Louse","floor":1,"turns":4},{"damage":1,"enemies":"Cultist","floor":2,"turns":4},{"damage":3,"enemies":"Small Slimes","floor":4,"turns":4},{"damage":8,"enemies":"Lagavulin","floor":6,"turns":7},{"damage":25,"enemies":"Gremlin Nob","floor":8,"turns":4},{"damage":10,"enemies":"Lagavulin","floor":10,"turns":6},{"damage":2,"enemies":"Exordium Wildlife","floor":11,"turns":3},{"damage":5,"enemies":"Looter","floor":12,"turns":3},{"damage":3,"enemies":"2 Fungi Beasts","floor":13,"turns":3},{"damage":10,"enemies":"Large Slime","floor":14,"turns":5}],"seed_played":"-3736836985955013849","potions_obtained":[{"floor":1,"key":"FearPotion"},{"floor":2,"key":"Strength Potion"},{"floor":4,"key":"SteroidPotion"},{"floor":6,"key":"PowerPotion"},{"floor":8,"key":"Dexterity Potion"},{"floor":10,"key":"EssenceOfSteel"},{"floor":11,"key":"Swift Potion"},{"floor":12,"key":"SkillPotion"},{"floor":13,"key":"SteroidPotion"},{"floor":14,"key":"Swift Potion"}],"is_trial":false,"path_per_floor":["M","M","?","M","$","E","R","E","T","E","M","M","M","M","R"],"character_chosen":"DEFECT","items_purchased":[],"campfire_rested":0,"item_purchase_floors":[],"current_hp_per_floor":[73,72,72,69,69,61,61,36,36,26,24,19,16,16,16],"gold":250,"neow_bonus":"BOSS_RELIC","is_prod":false,"is_daily":false,"chose_seed":false,"campfire_upgraded":1,"win_rate":0,"timestamp":1549004240,"path_taken":["M","M","?","?","?","E","R","E","T","E","M","M","M","M","R"],"build_version":"2019-01-23","purchased_purges":1,"victory":false,"max_hp_per_floor":[75,75,75,75,75,75,75,75,75,75,75,75,75,75,75],"card_choices":[{"not_picked":["Beam Cell","Consume"],"picked":"Sweeping Beam","floor":1},{"not_picked":["Steam","Hologram"],"picked":"Hello World","floor":2},{"not_picked":["Darkness","Aggregate"],"picked":"Conserve Battery","floor":4},{"not_picked":["Stack","Melter"],"picked":"Streamline","floor":6},{"not_picked":["Streamline","Go for the Eyes"],"picked":"Core Surge","floor":8},{"not_picked":["Rebound","Self Repair"],"picked":"Sunder","floor":10},{"not_picked":["Ball Lightning","Conserve Battery"],"picked":"Genetic Algorithm","floor":11},{"not_picked":["Ball Lightning","Storm"],"picked":"Hello World","floor":12},{"not_picked":["Stack","Coolheaded"],"picked":"Self Repair","floor":13},{"not_picked":["Go for the Eyes","Steam"],"picked":"Stack","floor":14}],"player_experience":232682,"relics_obtained":[{"floor":6,"key":"Vajra"},{"floor":8,"key":"Art of War"},{"floor":10,"key":"Regal Pillow"}],"event_choices":[{"damage_healed":0,"gold_gain":0,"player_choice":"Rummage","damage_taken":0,"relics_obtained":["WarpedTongs"],"max_hp_gain":0,"max_hp_loss":0,"event_name":"Accursed Blacksmith","floor":3,"gold_loss":0,"cards_obtained":["Pain"]}],"is_beta":false,"boss_relics":[],"items_purged_floors":[5],"is_endless":false,"potions_floor_spawned":[1,2,4,6,8,10,11,12,13,14],"ascension_level":1}