{"gold_per_floor":[12,29,29,43,62,87,87,100,152,182,57,86,86,86,86,191,191,206,226,238,9,23,51,51,67,94,125,137,52,67,81,81,81],"floor_reached":33,"playtime":1748,"items_purged":["Defend_R"],"score":351,"play_id":"a49aac3e-422a-4aba-b028-28f3350d0228","local_time":"20181209165436","is_ascension_mode":false,"campfire_choices":[{"data":"Perfected Strike","floor":7,"key":"SMITH"},{"data":"Perfected Strike","floor":13,"key":"SMITH"},{"data":"Thunderclap","floor":15,"key":"SMITH"},{"floor":24,"key":"REST"},{"floor":32,"key":"REST"}],"neow_cost":"NO_GOLD","seed_source_timestamp":843134471175841,"circlet_count":0,"master_deck":["Strike_R","Strike_R","Strike_R","Strike_R","Strike_R","Defend_R","Defend_R+1","Defend_R+1","Bash","Iron Wave","Perfected Strike+1","Twin Strike","Perfected Strike+1","Second Wind","Thunderclap+1","Juggernaut","Writhe","Injury","Writhe","Headbutt+1","Fiend Fire","Thunderclap","Transmutation","Infernal Blade","Searing Blow+1","Clash","Perfected Strike","Shrug It Off+1"],"relics":["Burning Blood","Bronze Scales","Bag of Marbles","Darkstone Periapt","War Paint","Calling Bell","Oddly Smooth Stone","Blue Candle","StoneCalendar","WingedGreaves","Orichalcum","Smiling Mask","Ornamental Fan"],"potions_floor_usage":[2,8,16,23,25,27,28,33,33],"damage_taken":[{"damage":1,"enemies":"2 Louse","floor":1,"turns":4},{"damage":6,"enemies":"Jaw Worm","floor":2,"turns":3},{"damage":1,"enemies":"Cultist","floor":4,"turns":3},{"damage":13,"enemies":"2 Fungi Beasts","floor":5,"turns":3},{"damage":40,"enemies":"Lagavulin","floor":6,"turns":7},{"damage":0,"enemies":"Large Slime","floor":8,"turns":4},{"damage":22,"enemies":"3 Sentries","floor":12,"turns":6},{"damage":13,"enemies":"Slime Boss","floor":16,"turns":6},{"damage":15,"enemies":"3 Byrds","floor":18,"turns":5},{"damage":13,"enemies":"Spheric Guardian","floor":19,"turns":4},{"damage":6,"enemies":"Snecko","floor":20,"turns":3},{"damage":19,"enemies":"Snake Plant","floor":22,"turns":3},{"damage":57,"enemies":"Slavers","floor":23,"turns":5},{"damage":12,"enemies":"Centurion and Healer","floor":25,"turns":6},{"damage":18,"enemies":"Book of Stabbing","floor":27,"turns":3},{"damage":9,"enemies":"Chosen and Byrds","floor":28,"turns":3},{"damage":13,"enemies":"Snake Plant","floor":30,"turns":3},{"damage":9,"enemies":"Snecko","floor":31,"turns":3},{"damage":98,"enemies":"Champ","floor":33,"turns":10}],"seed_played":"2762357141860214980","potions_obtained":[{"floor":1,"key":"Energy Potion"},{"floor":5,"key":"Ancient Potion"},{"floor":12,"key":"Energy Potion"},{"floor":16,"key":"BloodPotion"},{"floor":20,"key":"LiquidBronze"},{"floor":25,"key":"Swift Potion"},{"floor":27,"key":"PowerPotion"},{"floor":30,"key":"Poison Potion"},{"floor":31,"key":"Explosive Potion"}],"is_trial":false,"path_per_floor":["M","M","?","M","M","E","R","M","T","?","$","E","R","?","R","B",null,"M","M","M","$","M","E","R","M","T","E","M","?","M","M","R","B"],"character_chosen":"IRONCLAD","items_purchased":["Thunderclap","Transmutation","Infernal Blade"],"campfire_rested":2,"item_purchase_floors":[11,21,21],"current_hp_per_floor":[96,96,101,101,94,60,60,66,66,66,66,50,50,50,50,43,119,110,103,103,103,90,39,74,79,79,67,64,64,57,54,89,0],"gold":81,"neow_bonus":"TWENTY_PERCENT_HP_BONUS","is_prod":false,"is_daily":false,"chose_seed":false,"campfire_upgraded":3,"win_rate":0,"timestamp":1544392476,"path_taken":["M","M","?","M","M","E","R","M","T","?","$","E","R","?","R","BOSS","M","M","?","$","M","E","R","M","T","E","M","?","M","M","R","BOSS"],"build_version":"2018-12-06","purchased_purges":1,"victory":false,"max_hp_per_floor":[96,96,101,101,101,101,101,101,101,101,101,101,101,101,101,101,119,119,119,119,119,119,119,119,119,119,119,119,119,119,119,119,119],"card_choices":[{"not_picked":["Rampage","Twin Strike"],"picked":"Iron Wave","floor":1},{"not_picked":["Armaments","Battle Trance"],"picked":"Perfected Strike","floor":2},{"not_picked":["Dual Wield","Armaments","Clothesline"],"picked":"SKIP","floor":4},{"not_picked":["Wild Strike","Cleave"],"picked":"Twin Strike","floor":5},{"not_picked":["Feed","Bloodletting"],"picked":"Perfected Strike","floor":6},{"not_picked":["Cleave","Dual Wield"],"picked":"Second Wind","floor":8},{"not_picked":["Bloodletting","Pummel"],"picked":"Anger","floor":12},{"not_picked":["Dark Embrace","Demon Form"],"picked":"Juggernaut","floor":16},{"not_picked":["Flex","Warcry"],"picked":"Headbutt+1","floor":18},{"not_picked":["Wild Strike+1","Twin Strike"],"picked":"Fiend Fire","floor":19},{"not_picked":["Heavy Blade","Clash"],"picked":"Thunderclap","floor":20},{"not_picked":["Hemokinesis","Warcry","Reckless Charge"],"picked":"SKIP","floor":22},{"not_picked":["Blood for Blood","Inflame"],"picked":"Searing Blow+1","floor":23},{"not_picked":["Spot Weakness","Clothesline+1","Flex+1"],"picked":"SKIP","floor":25},{"not_picked":["Seeing Red","Brutality","Sword Boomerang+1"],"picked":"SKIP","floor":27},{"not_picked":["Anger+1","Wild Strike"],"picked":"Clash","floor":28},{"not_picked":["Iron Wave+1","Havoc+1"],"picked":"Perfected Strike","floor":30},{"not_picked":["Cleave","Dropkick"],"picked":"Shrug It Off+1","floor":31}],"player_experience":212713,"relics_obtained":[{"floor":6,"key":"Bronze Scales"},{"floor":9,"key":"Bag of Marbles"},{"floor":12,"key":"Darkstone Periapt"},{"floor":17,"key":"Oddly Smooth Stone"},{"floor":17,"key":"Blue Candle"},{"floor":17,"key":"StoneCalendar"},{"floor":23,"key":"WingedGreaves"},{"floor":26,"key":"Orichalcum"},{"floor":27,"key":"Smiling Mask"}],"event_choices":[{"damage_healed":0,"gold_gain":0,"player_choice":"Donut","damage_taken":0,"max_hp_gain":5,"max_hp_loss":0,"event_name":"Big Fish","floor":3,"gold_loss":0},{"damage_healed":0,"gold_gain":30,"player_choice":"Searched \u00271\u0027 times","damage_taken":0,"max_hp_gain":0,"max_hp_loss":0,"event_name":"Dead Adventurer","floor":10,"gold_loss":0},{"cards_removed":["Anger"],"damage_healed":0,"gold_gain":0,"player_choice":"Gave Card","damage_taken":0,"relics_obtained":["War Paint"],"max_hp_gain":0,"max_hp_loss":0,"event_name":"WeMeetAgain","floor":14,"gold_loss":0},{"damage_healed":0,"gold_gain":0,"player_choice":"Obtained Relic","damage_taken":0,"relics_obtained":["Ornamental Fan"],"max_hp_gain":0,"max_hp_loss":0,"event_name":"Addict","floor":29,"gold_loss":85}],"is_beta":false,"boss_relics":[{"not_picked":["Runic Dome","Mark of Pain"],"picked":"Calling Bell"}],"items_purged_floors":[11],"is_endless":false,"potions_floor_spawned":[1,5,12,16,20,25,27,30,31],"killed_by":"Champ","ascension_level":0}