{"gold_per_floor":[119,139,84,84,108,108,146,162,243,277,293,309,147,147,147,246,246,259,36,36,60,110,146,146,146],"floor_reached":25,"playtime":1669,"items_purged":["Strike_B"],"score":462,"play_id":"9506c62d-9704-4d25-82ca-294d4d88d11c","local_time":"20190222231651","is_ascension_mode":true,"campfire_choices":[{"floor":6,"key":"REST"},{"floor":15,"key":"REST"}],"neow_cost":"NONE","seed_source_timestamp":203256434567616,"circlet_count":0,"master_deck":["AscendersBane","Strike_B","Defend_B","Defend_B","Defend_B","Defend_B","Zap+1","Dualcast","Biased Cognition","Compile Driver","Streamline","Go for the Eyes","BootSequence","Beam Cell","Glacier","Sweeping Beam","Conserve Battery","Leap","Echo Form","Core Surge","Ball Lightning","Ghostly","Ghostly","Ghostly","Beam Cell","Consume"],"relics":["Cracked Core","Golden Idol","Mango","Symbiotic Virus","Bronze Scales","Sozu","ClockworkSouvenir","Boot"],"potions_floor_usage":[7,10,16],"damage_taken":[{"damage":0,"enemies":"2 Louse","floor":1,"turns":2},{"damage":20,"enemies":"Small Slimes","floor":2,"turns":3},{"damage":6,"enemies":"Cultist","floor":5,"turns":3},{"damage":26,"enemies":"Gremlin Nob","floor":7,"turns":4},{"damage":12,"enemies":"Exordium Wildlife","floor":8,"turns":5},{"damage":18,"enemies":"3 Sentries","floor":10,"turns":8},{"damage":0,"enemies":"Looter","floor":11,"turns":2},{"damage":3,"enemies":"Gremlin Gang","floor":12,"turns":3},{"damage":9,"enemies":"The Guardian","floor":16,"turns":10},{"damage":0,"enemies":"2 Thieves","floor":18,"turns":3},{"damage":6,"enemies":"Shell Parasite","floor":21,"turns":4},{"damage":32,"enemies":"Gremlin Leader","floor":23,"turns":5},{"damage":9,"enemies":"Slavers","floor":25,"turns":1}],"seed_played":"7017037305846341579","potions_obtained":[{"floor":2,"key":"Poison Potion"},{"floor":7,"key":"Weak Potion"},{"floor":10,"key":"SkillPotion"}],"is_trial":false,"path_per_floor":["M","M","$","?","M","R","E","M","T","E","M","M","$","?","R","B",null,"M","$","?","M","?","E","?","E"],"character_chosen":"DEFECT","items_purchased":["Go for the Eyes","Echo Form","ClockworkSouvenir"],"campfire_rested":2,"item_purchase_floors":[3,13,19],"current_hp_per_floor":[64,44,44,44,38,57,45,33,33,15,15,12,12,12,35,26,65,65,65,39,33,33,1,1,0],"gold":146,"neow_bonus":"ONE_RANDOM_RARE_CARD","is_prod":false,"is_daily":false,"chose_seed":false,"campfire_upgraded":0,"win_rate":0,"timestamp":1550873811,"path_taken":["M","M","$","?","M","R","E","M","T","E","M","M","$","?","R","BOSS","M","$","?","M","?","E","?","E"],"build_version":"2019-02-06","purchased_purges":1,"victory":false,"max_hp_per_floor":[71,71,71,64,64,64,78,78,78,78,78,78,78,78,78,78,78,78,78,39,39,39,39,39,39],"card_choices":[{"not_picked":["Steam","Streamline"],"picked":"Compile Driver","floor":1},{"not_picked":["Leap","Gash"],"picked":"Streamline","floor":2},{"not_picked":["Hologram","Turbo"],"picked":"BootSequence","floor":5},{"not_picked":["Go for the Eyes","Barrage"],"picked":"Beam Cell","floor":7},{"not_picked":["Chaos","Skim"],"picked":"Glacier","floor":8},{"not_picked":["White Noise","Fission"],"picked":"Sweeping Beam","floor":10},{"not_picked":["Steam Power","Streamline"],"picked":"Conserve Battery","floor":11},{"not_picked":["Steam Power","Barrage"],"picked":"Leap","floor":12},{"not_picked":["Reboot","Machine Learning"],"picked":"Core Surge","floor":16},{"not_picked":["Melter","Streamline"],"picked":"Ball Lightning","floor":18},{"not_picked":["Leap","Beam Cell","Gash"],"picked":"SKIP","floor":21},{"not_picked":["Turbo","Leap","Fusion"],"picked":"SKIP","floor":23}],"player_experience":1248720,"relics_obtained":[{"floor":7,"key":"Mango"},{"floor":9,"key":"Symbiotic Virus"},{"floor":10,"key":"Bronze Scales"},{"floor":23,"key":"Boot"}],"event_choices":[{"damage_healed":0,"gold_gain":0,"player_choice":"Lose Max HP","damage_taken":0,"relics_obtained":["Golden Idol"],"max_hp_gain":0,"max_hp_loss":7,"event_name":"Golden Idol","floor":4,"gold_loss":0},{"damage_healed":0,"gold_gain":0,"player_choice":"Grow","damage_taken":0,"max_hp_gain":0,"max_hp_loss":0,"event_name":"Living Wall","floor":14,"gold_loss":0,"cards_upgraded":["Zap"]},{"damage_healed":0,"gold_gain":0,"player_choice":"Became a Ghost","damage_taken":0,"max_hp_gain":0,"max_hp_loss":39,"event_name":"Ghosts","floor":20,"gold_loss":0,"cards_obtained":["Ghostly","Ghostly","Ghostly"]},{"damage_healed":0,"gold_gain":50,"player_choice":"Stole From Cult","damage_taken":0,"max_hp_gain":0,"max_hp_loss":0,"event_name":"Nest","floor":22,"gold_loss":0},{"damage_healed":0,"gold_gain":0,"cards_transformed":["Strike_B","Strike_B"],"player_choice":"Became Test Subject","damage_taken":0,"max_hp_gain":0,"max_hp_loss":0,"event_name":"Drug Dealer","floor":24,"gold_loss":0,"cards_obtained":["Beam Cell","Consume"]}],"is_beta":true,"boss_relics":[{"not_picked":["Snecko Eye","Ectoplasm"],"picked":"Sozu"}],"items_purged_floors":[13],"is_endless":false,"potions_floor_spawned":[2,7,10,21],"killed_by":"Slavers","ascension_level":20}