{"gold_per_floor":[114,129,144,213,213,251,51,51,51,51,89,108,9,9,9,134,134,153,3,3,22,41,79,79,4,29,29,67,86,105,124,124,249,249,268,268,601,701,66,96,111,141,191,206,236,236,236,251,251,251],"floor_reached":51,"playtime":5955,"items_purged":["Poisoned Stab+1"],"score":783,"play_id":"7a819d46-f875-4f0d-856e-8f05aef80dfa","local_time":"20190303072818","daily_mods":["Draft","Time Dilation","Elite Swarm"],"is_ascension_mode":false,"campfire_choices":[{"floor":8,"key":"REST"},{"floor":15,"key":"REST"},{"floor":24,"key":"REST"},{"floor":27,"key":"REST"},{"floor":32,"key":"REST"},{"floor":46,"key":"REST"},{"data":"After Image","floor":49,"key":"SMITH"}],"neow_cost":"","seed_source_timestamp":37195461574406,"circlet_count":0,"master_deck":["Well Laid Plans","Acrobatics","Bouncing Flask","Distraction","Cloak And Dagger","Cloak And Dagger","Flying Knee+1","Acrobatics","Deadly Poison","Concentrate+1","Deadly Poison","Caltrops","PiercingWail","Calculated Gamble+1","Acrobatics","Tools of the Trade","Malaise","Cloak And Dagger","Noxious Fumes+1","PiercingWail","After Image+1","Dodge and Roll","Caltrops+1","Deflect","Wraith Form v2","Adrenaline","Deadly Poison","Footwork","Outmaneuver","Corpse Explosion","Noxious Fumes+1","PanicButton","Crippling Poison+1","Caltrops","Panache","Finesse","Tactician","Grand Finale","PiercingWail","Corpse Explosion","Escape Plan+1","Burst","Madness","Madness","Catalyst"],"special_seed":17957,"relics":["Ring of the Snake","Snake Skull","Toy Ornithopter","Paper Crane","Pen Nib","Empty Cage","Regal Pillow","Whetstone","Art of War","Mercury Hourglass","White Beast Statue","Turnip","Anchor","FossilizedHelix","PreservedInsect","Omamori","StoneCalendar"],"potions_floor_usage":[6,11,16,30,31,35,38,40,41,42,44,50,50,50],"damage_taken":[{"damage":0,"enemies":"Small Slimes","floor":1,"turns":3},{"damage":0,"enemies":"2 Louse","floor":2,"turns":3},{"damage":12,"enemies":"Jaw Worm","floor":3,"turns":3},{"damage":23,"enemies":"3 Sentries","floor":6,"turns":6},{"damage":20,"enemies":"Gremlin Nob","floor":11,"turns":3},{"damage":17,"enemies":"3 Louse","floor":12,"turns":3},{"damage":2,"enemies":"Hexaghost","floor":16,"turns":6},{"damage":0,"enemies":"Chosen","floor":18,"turns":4},{"damage":0,"enemies":"Spheric Guardian","floor":21,"turns":3},{"damage":16,"enemies":"Chosen and Byrds","floor":22,"turns":5},{"damage":46,"enemies":"Slavers","floor":23,"turns":6},{"damage":38,"enemies":"Gremlin Leader","floor":28,"turns":6},{"damage":18,"enemies":"Sentry and Sphere","floor":29,"turns":6},{"damage":0,"enemies":"Cultist and Chosen","floor":30,"turns":6},{"damage":13,"enemies":"3 Cultists","floor":31,"turns":3},{"damage":16,"enemies":"Automaton","floor":33,"turns":9},{"damage":17,"enemies":"3 Darklings","floor":35,"turns":4},{"damage":4,"enemies":"Mind Bloom Boss Battle","floor":38,"turns":6},{"damage":22,"enemies":"Nemesis","floor":40,"turns":7},{"damage":0,"enemies":"3 Shapes","floor":41,"turns":2},{"damage":10,"enemies":"Giant Head","floor":42,"turns":8},{"damage":3,"enemies":"Spire Growth","floor":44,"turns":5},{"damage":28,"enemies":"Reptomancer","floor":45,"turns":6},{"damage":0,"enemies":"Sphere and 2 Shapes","floor":48,"turns":3},{"damage":22,"enemies":"Time Eater","floor":50,"turns":9}],"seed_played":"5564049522342379639","potions_obtained":[{"floor":3,"key":"Block Potion"},{"floor":6,"key":"SteroidPotion"},{"floor":11,"key":"Energy Potion"},{"floor":23,"key":"GhostInAJar"},{"floor":29,"key":"Swift Potion"},{"floor":30,"key":"Dexterity Potion"},{"floor":35,"key":"SkillPotion"},{"floor":38,"key":"Swift Potion"},{"floor":40,"key":"SpeedPotion"},{"floor":41,"key":"Strength Potion"},{"floor":42,"key":"SkillPotion"},{"floor":44,"key":"Energy Potion"},{"floor":45,"key":"Explosive Potion"},{"floor":48,"key":"Regen Potion"}],"is_trial":false,"path_per_floor":["M","M","M","?","?","E","$","R","T","?","E","M","$","?","R","B",null,"M","$","?","M","M","E","R","?","T","R","E","M","M","M","R","B",null,"M","?","?","?","$","E","M","E","T","M","E","R","?","M","R","B",null],"character_chosen":"THE_SILENT","items_purchased":["Toy Ornithopter","Noxious Fumes","PiercingWail","Regal Pillow","Caltrops","Anchor","Panache","Finesse","Tactician"],"campfire_rested":6,"item_purchase_floors":[7,13,13,19,39,39,39,39,39],"current_hp_per_floor":[70,70,58,58,58,35,35,56,56,42,27,10,10,10,31,34,70,70,70,70,70,54,8,44,44,44,70,32,14,19,11,47,31,70,58,58,58,59,59,42,47,42,42,44,16,52,43,43,43,48],"gold":251,"neow_bonus":"","is_prod":false,"is_daily":true,"chose_seed":false,"campfire_upgraded":1,"win_rate":0.0,"timestamp":1551565698,"path_taken":["M","M","M","?","?","E","?","R","T","?","E","M","?","?","R","BOSS","M","$","?","M","M","E","R","?","T","R","E","?","M","M","R","BOSS","M","?","?","?","$","E","M","E","T","?","E","R","?","M","R","BOSS"],"build_version":"2019-01-23","purchased_purges":1,"victory":true,"max_hp_per_floor":[70,70,70,70,70,70,70,70,70,70,70,70,70,70,70,70,70,70,70,70,70,70,70,70,70,70,70,70,70,70,70,70,70,70,70,70,70,70,70,70,70,70,70,70,70,70,70,70,70,70],"card_choices":[{"not_picked":["Blade Dance","Predator"],"picked":"Flying Knee","floor":0},{"not_picked":["Finisher","Prepared"],"picked":"Well Laid Plans","floor":0},{"not_picked":["Heel Hook","Poisoned Stab"],"picked":"Predator","floor":0},{"not_picked":["PiercingWail","Well Laid Plans"],"picked":"Acrobatics","floor":0},{"not_picked":["Quick Slash","PiercingWail"],"picked":"Bouncing Flask","floor":0},{"not_picked":["Bane","Deflect"],"picked":"Distraction","floor":0},{"not_picked":["Heel Hook","Backstab"],"picked":"Cloak And Dagger","floor":0},{"not_picked":["Backstab","Sucker Punch"],"picked":"Cloak And Dagger","floor":0},{"not_picked":["Underhanded Strike","Choke"],"picked":"Flying Knee","floor":0},{"not_picked":["Flying Knee","Poisoned Stab"],"picked":"Acrobatics","floor":0},{"not_picked":["Slice","Setup"],"picked":"Deadly Poison","floor":0},{"not_picked":["Blade Dance","Outmaneuver"],"picked":"Concentrate","floor":0},{"not_picked":["Deflect","Dagger Throw"],"picked":"Deadly Poison","floor":0},{"not_picked":["Blade Dance","Finisher"],"picked":"Caltrops","floor":0},{"not_picked":["Outmaneuver","Eviscerate"],"picked":"PiercingWail","floor":0},{"not_picked":["Acrobatics","Outmaneuver"],"picked":"Calculated Gamble","floor":1},{"not_picked":["Sucker Punch","Heel Hook"],"picked":"Acrobatics","floor":2},{"not_picked":["Underhanded Strike","Quick Slash"],"picked":"Poisoned Stab","floor":3},{"not_picked":["A Thousand Cuts","Wraith Form v2"],"picked":"Tools of the Trade","floor":6},{"not_picked":["Adrenaline","A Thousand Cuts"],"picked":"Malaise","floor":11},{"not_picked":["Terror","Outmaneuver"],"picked":"Cloak And Dagger","floor":12},{"not_picked":["Corpse Explosion","Wraith Form v2"],"picked":"After Image","floor":16},{"not_picked":["PiercingWail+1","Acrobatics"],"picked":"Dodge and Roll","floor":18},{"not_picked":["Poisoned Stab+1","Deflect"],"picked":"Caltrops+1","floor":21},{"not_picked":["Dagger Throw","Skewer"],"picked":"Deflect","floor":22},{"not_picked":["Die Die Die","Night Terror"],"picked":"Wraith Form v2","floor":23},{"not_picked":["Unload","Glass Knife"],"picked":"Adrenaline","floor":28},{"not_picked":["Underhanded Strike+1","Outmaneuver"],"picked":"Deadly Poison","floor":29},{"not_picked":["All Out Attack","Skewer"],"picked":"Footwork","floor":30},{"not_picked":["Slice","Choke"],"picked":"Outmaneuver","floor":31},{"not_picked":["Wraith Form v2","Doppelganger"],"picked":"Corpse Explosion","floor":33},{"not_picked":["Blade Dance+1","Cloak And Dagger"],"picked":"Noxious Fumes+1","floor":35},{"not_picked":["Dramatic Entrance","Jack Of All Trades"],"picked":"PanicButton","floor":36},{"not_picked":["Accuracy+1","Flechettes"],"picked":"Crippling Poison+1","floor":38},{"not_picked":["Glass Knife","Phantasmal Killer"],"picked":"Grand Finale","floor":40},{"not_picked":["Choke+1","Dagger Throw+1"],"picked":"PiercingWail","floor":41},{"not_picked":["Envenom","Wraith Form v2"],"picked":"Corpse Explosion","floor":42},{"not_picked":["Backflip+1","Well Laid Plans"],"picked":"Escape Plan+1","floor":44},{"not_picked":["Venomology","After Image"],"picked":"Burst","floor":45},{"not_picked":["Tactician+1","Sucker Punch"],"picked":"Catalyst","floor":48}],"player_experience":4172,"relics_obtained":[{"floor":6,"key":"Snake Skull"},{"floor":9,"key":"Paper Crane"},{"floor":11,"key":"Pen Nib"},{"floor":23,"key":"Whetstone"},{"floor":26,"key":"Art of War"},{"floor":28,"key":"Mercury Hourglass"},{"floor":38,"key":"Turnip"},{"floor":40,"key":"FossilizedHelix"},{"floor":42,"key":"PreservedInsect"},{"floor":43,"key":"Omamori"},{"floor":45,"key":"StoneCalendar"}],"event_choices":[{"damage_healed":0,"gold_gain":69,"player_choice":"Gained Gold","damage_taken":0,"max_hp_gain":0,"max_hp_loss":0,"event_name":"Golden Wing","floor":4,"gold_loss":0},{"damage_healed":0,"gold_gain":0,"player_choice":"Take Wound","damage_taken":0,"relics_obtained":["Golden Idol"],"max_hp_gain":0,"max_hp_loss":0,"event_name":"Golden Idol","floor":5,"gold_loss":0,"cards_obtained":["Injury"]},{"damage_healed":0,"gold_gain":0,"player_choice":"Entered Light","damage_taken":14,"max_hp_gain":0,"max_hp_loss":0,"event_name":"Shining Light","floor":10,"gold_loss":0,"cards_upgraded":["Calculated Gamble","Concentrate"]},{"damage_healed":0,"gold_gain":0,"player_choice":"Grow","damage_taken":0,"max_hp_gain":0,"max_hp_loss":0,"event_name":"Living Wall","floor":14,"gold_loss":0,"cards_upgraded":["Noxious Fumes"]},{"damage_healed":0,"gold_gain":0,"player_choice":"Ignored","damage_taken":0,"max_hp_gain":0,"max_hp_loss":0,"event_name":"Ghosts","floor":20,"gold_loss":0},{"cards_removed":["Predator"],"damage_healed":0,"gold_gain":0,"player_choice":"Gave Gold","damage_taken":0,"max_hp_gain":0,"max_hp_loss":0,"event_name":"Beggar","floor":25,"gold_loss":75},{"damage_healed":0,"gold_gain":0,"player_choice":"Memory 1","damage_taken":0,"max_hp_gain":0,"max_hp_loss":0,"event_name":"SensoryStone","floor":36,"gold_loss":0},{"damage_healed":0,"gold_gain":333,"player_choice":"Gave Idol","damage_taken":0,"max_hp_gain":0,"max_hp_loss":0,"event_name":"The Moai Head","floor":37,"relics_lost":["Golden Idol"],"gold_loss":0},{"damage_healed":0,"gold_gain":0,"player_choice":"Fight","damage_taken":0,"max_hp_gain":0,"max_hp_loss":0,"event_name":"MindBloom","floor":38,"gold_loss":0},{"damage_healed":0,"gold_gain":0,"player_choice":"Embrace Madness","damage_taken":9,"max_hp_gain":0,"max_hp_loss":0,"event_name":"Winding Halls","floor":47,"gold_loss":0,"cards_obtained":["Madness","Madness"]}],"is_beta":false,"boss_relics":[{"not_picked":["Coffee Dripper","Cursed Key"],"picked":"Empty Cage"},{"not_picked":["Eternal Feather","Lizard Tail"],"picked":"White Beast Statue"}],"items_purged_floors":[39],"is_endless":false,"potions_floor_spawned":[3,6,11,23,29,30,35,38,40,41,42,44,45,48],"ascension_level":0}