{"gold_per_floor":[114,189,209,209,220,220,220,220,243,259,259,259,279,308,308,409,409,424,443,368,30,45,45,55,70,70,70,88,88,88,88,88,88],"floor_reached":33,"playtime":1540,"items_purged":["Strike_B"],"score":371,"play_id":"e2221ce7-ea72-451d-81e5-6ebf13450c8f","local_time":"20181101010405","is_ascension_mode":true,"campfire_choices":[{"data":"Zap","floor":6,"key":"SMITH"},{"data":"Zap","floor":8,"key":"SMITH"},{"data":"Defragment","floor":12,"key":"SMITH"},{"data":"Chaos","floor":15,"key":"SMITH"},{"data":"Coolheaded","floor":23,"key":"SMITH"},{"floor":27,"key":"REST"},{"floor":29,"key":"REST"},{"floor":32,"key":"REST"}],"neow_cost":"NONE","seed_source_timestamp":365799430828377,"circlet_count":0,"master_deck":["Strike_B","Defend_B","Defend_B","Defend_B","Defend_B","Zap+1","Dualcast","AscendersBane","Hologram+1","Defragment+1","Chaos+1","Zap+1","Leap","Coolheaded+1","Doom and Gloom","Reinforced Body+1","Amplify+1","Ball Lightning","Glacier+1","Compile Driver","Conserve Battery+1","Defragment+1","Skim+1","Chaos+1","Chaos+1","Steam Power+1","Compile Driver"],"relics":["Cracked Core","NeowsBlessing","PreservedInsect","Toxic Egg 2","Nuclear Battery","Medical Kit","Dream Catcher","Enchiridion"],"potions_floor_usage":[16,16,22,24,33,33],"damage_taken":[{"damage":0,"enemies":"Cultist","floor":1,"turns":1},{"damage":0,"enemies":"Jaw Worm","floor":3,"turns":1},{"damage":0,"enemies":"Small Slimes","floor":5,"turns":1},{"damage":6,"enemies":"Red Slaver","floor":10,"turns":4},{"damage":4,"enemies":"2 Fungi Beasts","floor":13,"turns":3},{"damage":10,"enemies":"Lagavulin","floor":14,"turns":5},{"damage":4,"enemies":"The Guardian","floor":16,"turns":12},{"damage":4,"enemies":"Shell Parasite","floor":18,"turns":8},{"damage":11,"enemies":"2 Thieves","floor":19,"turns":4},{"damage":0,"enemies":"Snecko","floor":22,"turns":5},{"damage":26,"enemies":"Centurion and Healer","floor":24,"turns":4},{"damage":0,"enemies":"Shelled Parasite and Fungi","floor":25,"turns":5},{"damage":13,"enemies":"Snecko","floor":28,"turns":4},{"damage":64,"enemies":"Champ","floor":33,"turns":13}],"seed_played":"-2972716984361243663","potions_obtained":[{"floor":3,"key":"Explosive Potion"},{"floor":13,"key":"Explosive Potion"},{"floor":14,"key":"Poison Potion"},{"floor":18,"key":"Dexterity Potion"},{"floor":19,"key":"AttackPotion"},{"floor":22,"key":"EssenceOfSteel"}],"is_trial":false,"path_per_floor":["M","?","M","?","M","R","?","R","T","M","?","R","M","E","R","B",null,"M","M","?","$","M","R","M","M","T","R","M","R","?","?","R"],"character_chosen":"DEFECT","items_purchased":["Medical Kit","Compile Driver","Conserve Battery+1"],"campfire_rested":3,"item_purchase_floors":[21,21,21],"current_hp_per_floor":[68,57,57,57,57,57,57,57,57,51,51,51,47,37,37,33,65,61,50,50,50,50,50,24,24,24,46,33,55,55,39,61,0],"gold":88,"neow_bonus":"THREE_ENEMY_KILL","is_prod":false,"is_daily":false,"chose_seed":false,"campfire_upgraded":5,"win_rate":0,"timestamp":1541059445,"path_taken":["M","?","?","?","?","R","?","R","T","M","?","R","M","E","R","BOSS","M","M","?","$","M","R","M","M","T","R","?","R","?","?","R","BOSS"],"build_version":"2018-10-25v2","purchased_purges":1,"victory":false,"max_hp_per_floor":[75,75,75,75,75,75,75,75,75,75,75,75,75,75,75,75,75,75,75,75,75,75,75,75,75,75,75,75,75,75,75,75,75],"card_choices":[{"not_picked":["Force Field","Redo"],"picked":"Hologram","floor":1},{"not_picked":["Chaos","Force Field"],"picked":"Defragment","floor":3},{"not_picked":["Blizzard","Redo"],"picked":"Leap","floor":5},{"not_picked":["Genetic Algorithm","Barrage"],"picked":"Coolheaded","floor":10},{"not_picked":["Sunder","Streamline"],"picked":"Doom and Gloom","floor":13},{"not_picked":["Streamline","Amplify"],"picked":"Reinforced Body","floor":14},{"not_picked":["Meteor Strike","Core Surge"],"picked":"Amplify+1","floor":16},{"not_picked":["Sweeping Beam","Rip and Tear"],"picked":"Ball Lightning","floor":18},{"not_picked":["Reprogram+1","Genetic Algorithm+1"],"picked":"Glacier+1","floor":19},{"not_picked":["BootSequence+1","Skim+1"],"picked":"Defragment+1","floor":22},{"not_picked":["Steam+1","Gash+1"],"picked":"Skim+1","floor":24},{"not_picked":["Auto Shields+1","Beam Cell+1","Sweeping Beam"],"picked":"SKIP","floor":25},{"not_picked":["Streamline","Rip and Tear"],"picked":"Chaos+1","floor":27},{"not_picked":["Stack+1","Self Repair"],"picked":"Chaos+1","floor":28},{"not_picked":["Compile Driver","Conserve Battery+1"],"picked":"Steam Power+1","floor":29},{"not_picked":["Beam Cell","Conserve Battery+1"],"picked":"Compile Driver","floor":32}],"player_experience":333438,"relics_obtained":[{"floor":9,"key":"PreservedInsect"},{"floor":14,"key":"Toxic Egg 2"},{"floor":26,"key":"Dream Catcher"},{"floor":31,"key":"Enchiridion"}],"event_choices":[{"damage_healed":0,"gold_gain":75,"player_choice":"Gather Gold","damage_taken":11,"max_hp_gain":0,"max_hp_loss":0,"event_name":"World of Goop","floor":2,"gold_loss":0},{"damage_healed":0,"gold_gain":0,"player_choice":"2 cards matched","damage_taken":0,"max_hp_gain":0,"max_hp_loss":0,"event_name":"Match and Keep!","floor":4,"gold_loss":0,"cards_obtained":["Chaos","Zap"]},{"cards_removed":["Strike_B"],"damage_healed":0,"gold_gain":0,"player_choice":"Forget","damage_taken":0,"max_hp_gain":0,"max_hp_loss":0,"event_name":"Living Wall","floor":7,"gold_loss":0},{"damage_healed":0,"gold_gain":0,"player_choice":"Forge","damage_taken":0,"max_hp_gain":0,"max_hp_loss":0,"event_name":"Accursed Blacksmith","floor":11,"gold_loss":0,"cards_upgraded":["Hologram"]},{"cards_removed":["Strike_B"],"damage_healed":0,"gold_gain":0,"player_choice":"Gave Gold","damage_taken":0,"max_hp_gain":0,"max_hp_loss":0,"event_name":"Beggar","floor":20,"gold_loss":75},{"damage_healed":0,"gold_gain":0,"player_choice":"Ignored","damage_taken":0,"max_hp_gain":0,"max_hp_loss":0,"event_name":"The Mausoleum","floor":30,"gold_loss":0},{"damage_healed":0,"gold_gain":0,"player_choice":"Obtained Book","damage_taken":16,"max_hp_gain":0,"max_hp_loss":0,"event_name":"Cursed Tome","floor":31,"gold_loss":0}],"is_beta":false,"boss_relics":[{"not_picked":["Empty Cage","Astrolabe"],"picked":"Nuclear Battery"}],"items_purged_floors":[21],"is_endless":false,"potions_floor_spawned":[3,13,14,18,19,22],"killed_by":"Champ","ascension_level":10}