{"gold_per_floor":[112,126,126,137,150,150,165,191,191,16,0,0,13,27,27,101,101,118,61,90,102,52,52,77,97,97,114,133,133,133,160,190,264,264,279,296,11,11,11,11,28,40,40,40,140,158,178,191,191,191],"floor_reached":50,"playtime":4583,"items_purged":["Pain","Pain"],"score":1158,"play_id":"3caaff70-354e-453c-8f2d-b40916e884a4","local_time":"20190120134910","is_ascension_mode":true,"campfire_choices":[{"data":"Genetic Algorithm","floor":6,"key":"SMITH"},{"floor":15,"key":"REST"},{"floor":23,"key":"REST"},{"floor":32,"key":"DIG"},{"floor":44,"key":"DIG"},{"floor":49,"key":"REST"}],"neow_cost":"NONE","seed_source_timestamp":179848533094720,"circlet_count":0,"master_deck":["AscendersBane","Defend_B","Defend_B","Defend_B","Zap","Dualcast","FTL","Barrage","Coolheaded","Genetic Algorithm+1","Go for the Eyes","Reinforced Body","All For One","Conserve Battery","Capacitor","Tempest","FTL","Reboot","Gash","Beam Cell","Chill","Reinforced Body","Tempest+1","All For One","Loop+1","Ball Lightning","Bite","Bite","Bite","Bite","Bite","Turbo","Seek","Doubt","Shame","Cold Snap+1","Scrape","Finesse","Master of Strategy","Magnetism+1","Apotheosis","Hologram","Defragment+1","Recycle","Cold Snap","Redo+1","Steam","Go for the Eyes","Beam Cell","Echo Form+1"],"relics":["Cracked Core","WarpedTongs","Mercury Hourglass","Dodecahedron","Fusion Hammer","Red Mask","DataDisk","Shovel","Frozen Egg 2","Du-Vu Doll","Tiny Chest","Calling Bell","Happy Flower","Gremlin Horn","Unceasing Top","Prayer Wheel","Pear","Smiling Mask","Nunchaku"],"potions_floor_usage":[8,8,24,33,47,50,50,50,50],"damage_taken":[{"damage":2,"enemies":"Jaw Worm","floor":1,"turns":3},{"damage":0,"enemies":"Cultist","floor":2,"turns":2},{"damage":6,"enemies":"Small Slimes","floor":4,"turns":2},{"damage":13,"enemies":"Gremlin Gang","floor":5,"turns":5},{"damage":7,"enemies":"Blue Slaver","floor":7,"turns":3},{"damage":24,"enemies":"Gremlin Nob","floor":8,"turns":5},{"damage":0,"enemies":"Large Slime","floor":13,"turns":4},{"damage":0,"enemies":"Exordium Wildlife","floor":14,"turns":2},{"damage":0,"enemies":"Slime Boss","floor":16,"turns":5},{"damage":0,"enemies":"3 Byrds","floor":18,"turns":4},{"damage":0,"enemies":"Masked Bandits","floor":20,"turns":4},{"damage":9,"enemies":"Shell Parasite","floor":21,"turns":5},{"damage":1,"enemies":"Slavers","floor":24,"turns":4},{"damage":4,"enemies":"Cultist and Chosen","floor":25,"turns":4},{"damage":5,"enemies":"Snecko","floor":27,"turns":4},{"damage":9,"enemies":"Shelled Parasite and Fungi","floor":28,"turns":4},{"damage":0,"enemies":"Gremlin Leader","floor":31,"turns":4},{"damage":53,"enemies":"Champ","floor":33,"turns":7},{"damage":0,"enemies":"Orb Walker","floor":35,"turns":3},{"damage":3,"enemies":"3 Darklings","floor":36,"turns":3},{"damage":0,"enemies":"Sphere and 2 Shapes","floor":41,"turns":3},{"damage":6,"enemies":"Maw","floor":42,"turns":5},{"damage":0,"enemies":"Mind Bloom Boss Battle","floor":45,"turns":3},{"damage":21,"enemies":"Jaw Worm Horde","floor":46,"turns":3},{"damage":18,"enemies":"Spire Growth","floor":47,"turns":4},{"damage":0,"enemies":"4 Shapes","floor":48,"turns":3},{"damage":65,"enemies":"Donu and Deca","floor":50,"turns":8}],"seed_played":"5100951498596386366","potions_obtained":[{"floor":2,"key":"GamblersBrew"},{"floor":4,"key":"Weak Potion"},{"floor":8,"key":"Dexterity Potion"},{"floor":20,"key":"AttackPotion"},{"floor":27,"key":"Swift Potion"},{"floor":36,"key":"Dexterity Potion"},{"floor":48,"key":"EntropicBrew"}],"is_trial":false,"path_per_floor":["M","M","?","M","M","R","M","E","T","$","?","?","M","M","R","B",null,"M","$","?","M","?","R","E","M","T","M","M","?","T","E","R","B",null,"M","M","$","?","?","T","M","M","T","R","?","M","M","M","R","B"],"character_chosen":"DEFECT","items_purchased":["Conserve Battery","Capacitor","Beam Cell","Scrape","Finesse"],"campfire_rested":3,"item_purchase_floors":[10,10,19,37,37],"current_hp_per_floor":[62,62,62,56,43,43,36,12,12,12,12,12,12,12,33,33,62,62,62,62,53,53,71,70,66,66,61,52,49,49,49,49,5,38,40,45,45,35,35,35,41,40,50,50,50,34,20,23,40,0],"gold":191,"neow_bonus":"THREE_CARDS","is_prod":false,"is_daily":false,"chose_seed":false,"campfire_upgraded":1,"win_rate":0,"timestamp":1547988550,"path_taken":["M","M","?","?","M","R","M","E","T","$","?","?","?","M","R","BOSS","M","$","?","M","?","R","E","?","T","M","M","?","?","E","R","BOSS","M","M","$","?","?","?","?","M","T","R","?","M","M","M","R","BOSS"],"build_version":"2019-01-19","purchased_purges":2,"victory":false,"max_hp_per_floor":[71,71,71,71,71,71,71,71,71,71,71,71,71,71,71,71,71,71,71,71,71,71,71,71,71,71,71,71,49,49,49,49,49,49,49,49,49,49,49,49,49,49,59,59,59,59,59,59,59,59],"card_choices":[{"not_picked":["Rebound","Barrage"],"picked":"FTL","floor":0},{"not_picked":["Turbo","Steam"],"picked":"Barrage","floor":1},{"not_picked":["Darkness","Recycle"],"picked":"Coolheaded","floor":2},{"not_picked":["Doom and Gloom","Auto Shields"],"picked":"Genetic Algorithm","floor":4},{"not_picked":["Lockon","Coolheaded"],"picked":"Go for the Eyes","floor":5},{"not_picked":["Compile Driver","Steam"],"picked":"Reinforced Body","floor":7},{"not_picked":["Chill","BootSequence"],"picked":"All For One","floor":8},{"not_picked":["Compile Driver","Redo"],"picked":"Tempest","floor":13},{"not_picked":["Streamline","Conserve Battery"],"picked":"FTL","floor":14},{"not_picked":["Biased Cognition","Multi-Cast"],"picked":"Reboot","floor":16},{"not_picked":["Conserve Battery","Rebound"],"picked":"Gash","floor":18},{"not_picked":["Capacitor","Redo"],"picked":"Chill","floor":20},{"not_picked":["Blizzard","Barrage+1"],"picked":"Reinforced Body","floor":21},{"not_picked":["Rebound+1","Darkness"],"picked":"Tempest+1","floor":24},{"not_picked":["Beam Cell","Coolheaded"],"picked":"All For One","floor":25},{"not_picked":["Compile Driver","Consume"],"picked":"Loop+1","floor":27},{"not_picked":["Capacitor","White Noise"],"picked":"Ball Lightning","floor":28},{"not_picked":["Compile Driver","Sweeping Beam"],"picked":"Turbo","floor":31},{"not_picked":["Rainbow","Amplify"],"picked":"Seek","floor":33},{"not_picked":["Genetic Algorithm","Lockon"],"picked":"Cold Snap+1","floor":35},{"not_picked":["Sweeping Beam","Coolheaded","Leap"],"picked":"SKIP","floor":36},{"not_picked":["Enlightenment","Madness"],"picked":"Master of Strategy","floor":38},{"not_picked":["Chrysalis","Swift Strike"],"picked":"Magnetism+1","floor":38},{"not_picked":["Panache+1","Violence"],"picked":"Apotheosis","floor":38},{"not_picked":["Tempest","Heatsinks+1"],"picked":"Hologram","floor":41},{"not_picked":["Conserve Battery","Melter"],"picked":"Defragment+1","floor":41},{"not_picked":["Beam Cell","Force Field+1"],"picked":"Recycle","floor":42},{"not_picked":["Force Field+1","Streamline"],"picked":"Cold Snap","floor":42},{"not_picked":["Sweeping Beam","Steam+1"],"picked":"Redo+1","floor":46},{"not_picked":["Ball Lightning","Rebound"],"picked":"Steam","floor":46},{"not_picked":["Streamline+1","Conserve Battery"],"picked":"Go for the Eyes","floor":47},{"not_picked":["Fusion","Go for the Eyes"],"picked":"Beam Cell","floor":47},{"not_picked":["Hologram","Stack+1"],"picked":"Echo Form+1","floor":48},{"not_picked":["Sweeping Beam","Blizzard","White Noise"],"picked":"SKIP","floor":48}],"player_experience":806562,"relics_obtained":[{"floor":8,"key":"Mercury Hourglass"},{"floor":9,"key":"Dodecahedron"},{"floor":20,"key":"Red Mask"},{"floor":24,"key":"DataDisk"},{"floor":26,"key":"Shovel"},{"floor":30,"key":"Frozen Egg 2"},{"floor":31,"key":"Du-Vu Doll"},{"floor":32,"key":"Tiny Chest"},{"floor":34,"key":"Happy Flower"},{"floor":34,"key":"Gremlin Horn"},{"floor":34,"key":"Unceasing Top"},{"floor":40,"key":"Prayer Wheel"},{"floor":43,"key":"Pear"},{"floor":44,"key":"Smiling Mask"},{"floor":45,"key":"Nunchaku"}],"event_choices":[{"damage_healed":0,"gold_gain":0,"player_choice":"Rummage","damage_taken":0,"relics_obtained":["WarpedTongs"],"max_hp_gain":0,"max_hp_loss":0,"event_name":"Accursed Blacksmith","floor":3,"gold_loss":0,"cards_obtained":["Pain"]},{"damage_healed":0,"gold_gain":0,"player_choice":"Left Gold","damage_taken":0,"max_hp_gain":0,"max_hp_loss":0,"event_name":"World of Goop","floor":11,"gold_loss":16},{"cards_removed":["Strike_B"],"damage_healed":0,"gold_gain":0,"player_choice":"Purged","damage_taken":0,"max_hp_gain":0,"max_hp_loss":0,"event_name":"Purifier","floor":12,"gold_loss":0},{"damage_healed":0,"gold_gain":0,"player_choice":"Fought Bandits","damage_taken":0,"max_hp_gain":0,"max_hp_loss":0,"event_name":"Masked Bandits","floor":20,"gold_loss":0},{"damage_healed":0,"gold_gain":0,"player_choice":"Bet on Murderer","damage_taken":0,"max_hp_gain":0,"max_hp_loss":0,"event_name":"The Joust","floor":22,"gold_loss":50},{"damage_healed":0,"gold_gain":0,"player_choice":"Became a vampire","damage_taken":0,"max_hp_gain":0,"max_hp_loss":22,"event_name":"Vampires","floor":29,"gold_loss":0,"cards_obtained":["Bite","Bite","Bite","Bite","Bite"]},{"damage_healed":0,"gold_gain":0,"player_choice":"Memory 3","damage_taken":10,"max_hp_gain":0,"max_hp_loss":0,"event_name":"SensoryStone","floor":38,"gold_loss":0},{"cards_removed":["Defend_B"],"damage_healed":0,"gold_gain":0,"player_choice":"Removed Skill","damage_taken":0,"max_hp_gain":0,"max_hp_loss":0,"event_name":"Falling","floor":39,"gold_loss":0},{"damage_healed":0,"gold_gain":0,"player_choice":"Fight","damage_taken":0,"max_hp_gain":0,"max_hp_loss":0,"event_name":"MindBloom","floor":45,"gold_loss":0}],"is_beta":true,"boss_relics":[{"not_picked":["Black Star","Busted Crown"],"picked":"Fusion Hammer"},{"not_picked":["Runic Dome","Velvet Choker"],"picked":"Calling Bell"}],"items_purged_floors":[10,37],"is_endless":false,"potions_floor_spawned":[2,4,8,20,27,28,31,36,46,48],"killed_by":"Donu and Deca","ascension_level":16}