{"path_per_floor":["M","M","M","M","M","E","?","R","T","R","E","?","M","?","R"],"character_chosen":"IRONCLAD","items_purchased":[],"gold_per_floor":[109,120,139,157,177,210,210,210,237,237,272,272,282,282,282],"floor_reached":16,"campfire_rested":2,"playtime":1389,"current_hp_per_floor":[77,76,70,67,57,41,41,41,41,68,49,49,46,46,73],"items_purged":[],"gold":282,"score":112,"play_id":"ac9fb513-0daf-448e-982a-744756c46aa2","is_prod":false,"is_daily":false,"is_ascension_mode":false,"campfire_upgraded":1,"path_taken":["M","M","?","M","M","E","?","R","T","R","E","?","M","?","R","BOSS"],"build_version":"2018-02-22-PROD2","purchased_purges":0,"victory":false,"master_deck":["Strike_R","Strike_R","Strike_R","Strike_R","Strike_R","Defend_R","Defend_R","Defend_R","Bash","Pommel Strike","Fire Breathing","Anger","Sword Boomerang","Armaments+1","Headbutt","Reckless Charge","Hemokinesis","Shockwave"],"max_hp_per_floor":[80,80,80,80,80,90,90,90,90,90,90,90,90,90,90],"relics":["Burning Blood","Pear","Bag of Marbles","Bag of Preparation"],"card_choices":[{"not_picked":["Burning Pact","Dual Wield"],"picked":"Pommel Strike"},{"not_picked":["Perfected Strike","Headbutt"],"picked":"Fire Breathing"},{"not_picked":["Ghostly Armor","Burning Pact"],"picked":"Anger"},{"not_picked":["Second Wind","Disarm"],"picked":"Sword Boomerang"},{"not_picked":["Warcry","Fire Breathing"],"picked":"Armaments"},{"not_picked":["Shockwave","Combust"],"picked":"Headbutt"},{"not_picked":["Sword Boomerang","Battle Trance"],"picked":"Reckless Charge"},{"not_picked":["Reaper","Flex"],"picked":"Shockwave"}],"player_experience":0,"potions_floor_usage":[],"damage_taken":[{"damage":9,"enemies":"Cultist","floor":1,"turns":4},{"damage":7,"enemies":"2 Louse","floor":2,"turns":3},{"damage":12,"enemies":"Small Slimes","floor":3,"turns":3},{"damage":9,"enemies":"2 Fungi Beasts","floor":4,"turns":3},{"damage":16,"enemies":"Blue Slaver","floor":5,"turns":4},{"damage":32,"enemies":"Gremlin Nob","floor":6,"turns":5},{"damage":25,"enemies":"3 Sentries","floor":11,"turns":8},{"damage":9,"enemies":"Large Slime","floor":13,"turns":3},{"damage":79,"enemies":"The Guardian","floor":16,"turns":8}],"event_choices":[{"event_name":"Liars Game","player_choice":"disagreed","floor":7,"damage_taken":0},{"event_name":"Living Wall","player_choice":"Change","floor":12,"damage_taken":0},{"event_name":"Dead Adventurer","player_choice":"Searched \u00270\u0027 times","floor":14,"damage_taken":0}],"boss_relics":[],"potions_floor_spawned":[1,3,5,11],"seed_played":"-8437516452247922506","killed_by":"The Guardian","ascension_level":0,"is_trial":false}