{"gold_per_floor":[109,36,36,36,56,81,95,122,122,122,122,134,134,149,149,247,247,267,294,311,325,69,100,100,100],"floor_reached":25,"playtime":1396,"items_purged":["Strike_B"],"score":231,"play_id":"e6fe76ae-3271-408b-9cf9-fe50d2d8305c","local_time":"20180818151641","is_ascension_mode":false,"campfire_choices":[{"floor":10.0,"key":"REST"},{"data":"Zap","floor":13.0,"key":"SMITH"},{"data":"Dualcast","floor":15.0,"key":"SMITH"},{"floor":24,"key":"REST"}],"neow_cost":"NONE","seed_source_timestamp":44461336470564,"circlet_count":0,"master_deck":["Strike_B","Strike_B","Strike_B","Defend_B","Defend_B","Defend_B","Defend_B","Zap+1","Dualcast+1","Core Surge","Compile Driver","Defragment+1","Aggregate+1","Leap+1","Hologram+1","Leap+1","Seek+1","Leap+1","Defragment+1","Mayhem","Defragment"],"special_seed":0,"relics":["Cracked Core","Toxic Egg 2","Singing Bowl","Letter Opener","Meat on the Bone","Inserter","Red Mask","Shovel"],"potions_floor_usage":[23],"damage_taken":[{"damage":7.0,"enemies":"Small Slimes","floor":1.0,"turns":3.0},{"damage":0.0,"enemies":"2 Louse","floor":5.0,"turns":2.0},{"damage":30.0,"enemies":"3 Sentries","floor":6.0,"turns":7.0},{"damage":1.0,"enemies":"Jaw Worm","floor":7.0,"turns":4.0},{"damage":46.0,"enemies":"Gremlin Nob","floor":8.0,"turns":5.0},{"damage":0.0,"enemies":"Exordium Wildlife","floor":12.0,"turns":4.0},{"damage":2.0,"enemies":"Blue Slaver","floor":14.0,"turns":3.0},{"damage":19.0,"enemies":"Hexaghost","floor":16.0,"turns":12.0},{"damage":10,"enemies":"3 Byrds","floor":18,"turns":4},{"damage":26,"floor":19,"turns":4},{"damage":3,"enemies":"2 Thieves","floor":20,"turns":5},{"damage":7,"enemies":"Shelled Parasite and Fungi","floor":21,"turns":8},{"damage":35,"enemies":"Book of Stabbing","floor":23,"turns":8},{"damage":50,"enemies":"Slavers","floor":25,"turns":4}],"seed_played":"2796590830708408301","potions_obtained":[{"floor":7.0,"key":"FairyPotion"},{"floor":8.0,"key":"EssenceOfSteel"},{"floor":12.0,"key":"PowerPotion"},{"floor":16.0,"key":"SpeedPotion"},{"floor":18,"key":"SteroidPotion"},{"floor":19,"key":"Dexterity Potion"}],"is_trial":false,"path_per_floor":["M","$","?","?","M","E","M","E","T","R","?","M","R","M","R","B",null,"M","?","M","M","$","E","R"],"character_chosen":"DEFECT","items_purchased":["Defragment","Mayhem"],"campfire_rested":2,"item_purchase_floors":[2,22],"current_hp_per_floor":[68,68,68,61,61,33,32,7,7,30,30,44,44,42,42,35,79,69,45,44,49,49,26,50,0],"gold":100,"neow_bonus":"ONE_RANDOM_RARE_CARD","is_prod":false,"is_daily":false,"chose_seed":false,"campfire_upgraded":2,"win_rate":0,"timestamp":1534619801,"path_taken":["M","$","?","?","M","E","M","E","T","R","?","M","R","M","R","BOSS","M","?","M","?","$","E","R","E"],"build_version":"2018-08-16","purchased_purges":1,"victory":false,"max_hp_per_floor":[75,75,75,75,75,77,77,77,77,77,77,79,79,79,79,79,79,79,81,83,83,83,83,83,83],"card_choices":[{"not_picked":["Stack","Streamline"],"picked":"Compile Driver","floor":1.0},{"not_picked":["Echo Form","Rebound"],"picked":"Aggregate+1","floor":5.0},{"not_picked":["Scrape","Go for the Eyes","Gash"],"picked":"Singing Bowl","floor":6.0},{"not_picked":["Redo+1","Ball Lightning"],"picked":"Leap+1","floor":7.0},{"not_picked":["Reinforced Body+1","Sunder"],"picked":"Hologram+1","floor":8.0},{"not_picked":["Gash","Cold Snap","Steam+1"],"picked":"Singing Bowl","floor":12.0},{"not_picked":["Sweeping Beam","Barrage"],"picked":"Leap+1","floor":14.0},{"not_picked":["Creative AI","Core Surge"],"picked":"Seek+1","floor":16.0},{"not_picked":["Hello World","Ball Lightning"],"picked":"Leap+1","floor":18},{"not_picked":["FTL","Beam Cell","Blizzard"],"picked":"Singing Bowl","floor":19},{"not_picked":["FTL","Compile Driver","Coolheaded+1"],"picked":"Singing Bowl","floor":20},{"not_picked":["Creative AI","Sunder"],"picked":"Defragment+1","floor":21},{"not_picked":["Rebound","Stack+1"],"picked":"Defragment","floor":23}],"player_experience":92375,"relics_obtained":[{"floor":6.0,"key":"Singing Bowl"},{"floor":8.0,"key":"Letter Opener"},{"floor":9.0,"key":"Meat on the Bone"},{"floor":19,"key":"Red Mask"},{"floor":23,"key":"Shovel"}],"event_choices":[{"event_name":"Big Fish","player_choice":"Box","floor":3.0,"damage_taken":0.0},{"event_name":"Golden Wing","player_choice":"Card Removal","floor":4.0,"damage_taken":0.0},{"event_name":"Accursed Blacksmith","player_choice":"Forge","floor":11.0,"damage_taken":0.0},{"event_name":"Masked Bandits","player_choice":"Fought Bandits","floor":19,"damage_taken":0}],"is_beta":false,"boss_relics":[{"not_picked":["Black Star","Eternal Feather"],"picked":"Inserter"}],"items_purged_floors":[22],"is_endless":false,"potions_floor_spawned":[7,8,12,16,18,19],"killed_by":"Slavers","ascension_level":0}