{"gold_per_floor":[113,113,38,38,49,49,49,67,121,131,150,150,160,178,178,278,278,296,313,15,114,129,129],"floor_reached":23,"playtime":1213,"items_purged":["Strike_B","Defend_B"],"score":231,"play_id":"614e31bb-4c27-4d20-8dec-77593c5c8060","local_time":"20181002235106","is_ascension_mode":true,"campfire_choices":[{"floor":6,"key":"REST"},{"floor":12,"key":"REST"},{"floor":15,"key":"REST"}],"neow_cost":"PERCENT_DAMAGE","seed_source_timestamp":91263809425437,"circlet_count":0,"master_deck":["Strike_B+1","Strike_B+1","Defend_B","Defend_B","Zap","Dualcast","Go for the Eyes","White Noise","Steam","Streamline","Gash","Multi-Cast","Gash","Reprogram","Steam","Streamline"],"relics":["Cracked Core","Unceasing Top","Symbiotic Virus","Dream Catcher","Empty Cage","Happy Flower"],"potions_floor_usage":[16,23,23,23],"damage_taken":[{"damage":1,"enemies":"Cultist","floor":1,"turns":3},{"damage":0,"enemies":"2 Louse","floor":5,"turns":2},{"damage":0,"enemies":"Small Slimes","floor":8,"turns":3},{"damage":35,"enemies":"Exordium Thugs","floor":10,"turns":6},{"damage":3,"enemies":"Red Slaver","floor":11,"turns":4},{"damage":4,"enemies":"Exordium Wildlife","floor":13,"turns":3},{"damage":5,"enemies":"2 Fungi Beasts","floor":14,"turns":4},{"damage":29,"enemies":"Hexaghost","floor":16,"turns":9},{"damage":26,"enemies":"Spheric Guardian","floor":18,"turns":4},{"damage":16,"enemies":"Shell Parasite","floor":19,"turns":4},{"damage":27,"enemies":"Sentry and Sphere","floor":22,"turns":4},{"damage":7,"enemies":"Gremlin Leader","floor":23,"turns":1}],"seed_played":"5648318450756041613","potions_obtained":[{"floor":1,"key":"Weak Potion"},{"floor":10,"key":"FairyPotion"},{"floor":13,"key":"Ancient Potion"},{"floor":16,"key":"Energy Potion"},{"floor":22,"key":"LiquidBronze"}],"is_trial":false,"path_per_floor":["M","?","$","T","M","R","$","M","T","M","M","R","M","M","R","B",null,"M","M","$","?","M"],"character_chosen":"DEFECT","items_purchased":["Steam","Happy Flower"],"campfire_rested":3,"item_purchase_floors":[20,20],"current_hp_per_floor":[53,38,38,38,38,60,60,60,60,25,29,51,47,42,64,42,67,41,25,25,25,7,0],"gold":129,"neow_bonus":"ONE_RARE_RELIC","is_prod":false,"is_daily":false,"chose_seed":false,"campfire_upgraded":0,"win_rate":0,"timestamp":1538549466,"path_taken":["M","?","$","?","?","R","?","M","T","M","M","R","M","M","R","BOSS","M","M","$","?","M","E"],"build_version":"2018-09-27","purchased_purges":2,"victory":false,"max_hp_per_floor":[75,75,75,75,75,75,75,75,75,75,75,75,75,75,75,75,75,75,75,75,75,75,75],"card_choices":[{"not_picked":["Hologram","Genetic Algorithm"],"picked":"Go for the Eyes","floor":1},{"not_picked":["Rip and Tear","Static Discharge","Coolheaded"],"picked":"SKIP","floor":5},{"not_picked":["Redo","Leap"],"picked":"White Noise","floor":8},{"not_picked":["Undo","Doom and Gloom","Conserve Battery"],"picked":"SKIP","floor":10},{"not_picked":["Cold Snap","Recycle"],"picked":"Steam","floor":11},{"not_picked":["Barrage","Glacier"],"picked":"Streamline","floor":12},{"not_picked":["Leap","Genetic Algorithm","Meteor Strike"],"picked":"SKIP","floor":13},{"not_picked":["Coolheaded","Compile Driver","Turbo"],"picked":"SKIP","floor":14},{"not_picked":["Hologram","Go for the Eyes"],"picked":"Gash","floor":15},{"not_picked":["Amplify","Buffer"],"picked":"Multi-Cast","floor":16},{"not_picked":["Beam Cell+1","Steam"],"picked":"Gash","floor":18},{"not_picked":["Ball Lightning","Stack"],"picked":"Reprogram","floor":19},{"not_picked":["Undo","Cold Snap+1"],"picked":"Streamline","floor":22}],"player_experience":213818,"relics_obtained":[{"floor":4,"key":"Symbiotic Virus"},{"floor":9,"key":"Dream Catcher"}],"event_choices":[{"event_name":"Shining Light","player_choice":"Entered Light","floor":2,"damage_taken":0},{"event_name":"Nest","player_choice":"Stole From Cult","floor":21,"damage_taken":0}],"is_beta":false,"boss_relics":[{"not_picked":["Calling Bell","Busted Crown"],"picked":"Empty Cage"}],"items_purged_floors":[3,20],"is_endless":false,"potions_floor_spawned":[1,10,13,16,22],"killed_by":"Gremlin Leader","ascension_level":5}