{"gold_per_floor":[114,214,229,229,240,270,270,95,95,121,135,163,241,254,254,353,353,364,364,383,51,51,78,78,98,98,131,81,94,94,107,107,211,211,227,27,27,74,90,102,102,136,136,153,168,168,203,217,217,217],"floor_reached":51,"playtime":6584,"items_purged":["Regret"],"score":782,"play_id":"3cd8f6e9-57a4-491d-b850-1da4a9a2e579","local_time":"20180705195849","is_ascension_mode":false,"campfire_choices":[{"data":"Chill","floor":7,"key":"SMITH"},{"data":"Defragment","floor":15,"key":"SMITH"},{"data":"Hello World","floor":24,"key":"SMITH"},{"data":"Consume","floor":32,"key":"SMITH"},{"data":"Capacitor","floor":41,"key":"SMITH"},{"data":"Capacitor","floor":49,"key":"SMITH"}],"neow_cost":"","seed_source_timestamp":106773411847492,"circlet_count":0,"master_deck":["Zap","Dualcast+1","Cold Snap","Blizzard","Cold Snap","Chill+1","Turbo","Hello World+1","Coolheaded","Capacitor+1","Defragment+1","Chill","Rainbow","Gash","Rebound","Steam Power","Coolheaded","Self Repair","Rebound","Redo","Sunder","Cold Snap","Capacitor+1","Consume+1","Consume","Streamline","Blizzard","Cold Snap","Conserve Battery","Multi-Cast","FTL+1","Blizzard","Leap+1","Recycle+1","Consume+1","FTL+1","White Noise","Aggregate+1","Madness","Magnetism","Panache","Stack+1","Self Repair"],"relics":["Cracked Core","Mango","War Paint","Unceasing Top","Pantograph","Odd Mushroom","Ornamental Fan","Pandora\u0027s Box","Nilry\u0027s Codex","Bottled Lightning","Ginger","Smiling Mask","Orichalcum","Sozu","Tiny Chest","Dead Branch","Vajra","Art of War","Bronze Scales"],"potions_floor_usage":[10,16,16,18,23,25,50,50,50],"damage_taken":[{"damage":0,"enemies":"2 Louse","floor":1,"turns":3},{"damage":0,"enemies":"Cultist","floor":3,"turns":3},{"damage":11,"enemies":"Jaw Worm","floor":5,"turns":3},{"damage":12,"enemies":"3 Sentries","floor":6,"turns":7},{"damage":16,"enemies":"Lagavulin","floor":10,"turns":8},{"damage":0,"enemies":"Looter","floor":11,"turns":4},{"damage":7,"floor":12,"turns":4},{"damage":0,"enemies":"3 Louse","floor":14,"turns":5},{"damage":6,"enemies":"The Guardian","floor":16,"turns":12},{"damage":0,"enemies":"3 Byrds","floor":18,"turns":2},{"damage":8,"enemies":"Shell Parasite","floor":20,"turns":6},{"damage":33,"enemies":"Book of Stabbing","floor":23,"turns":7},{"damage":0,"enemies":"Centurion and Healer","floor":25,"turns":7},{"damage":18,"enemies":"Gremlin Leader","floor":27,"turns":10},{"damage":7,"enemies":"Snake Plant","floor":29,"turns":5},{"damage":0,"enemies":"Snecko","floor":31,"turns":5},{"damage":14,"enemies":"Collector","floor":33,"turns":11},{"damage":28,"enemies":"3 Shapes","floor":35,"turns":4},{"damage":21,"floor":38,"turns":6},{"damage":15,"enemies":"Orb Walker","floor":39,"turns":4},{"damage":0,"enemies":"4 Shapes","floor":40,"turns":13},{"damage":0,"enemies":"Giant Head","floor":42,"turns":12},{"damage":0,"enemies":"Sphere and 2 Shapes","floor":44,"turns":4},{"damage":1,"enemies":"Maw","floor":45,"turns":9},{"damage":21,"enemies":"2 Orb Walkers","floor":47,"turns":4},{"damage":8,"enemies":"4 Shapes","floor":48,"turns":5},{"damage":7,"enemies":"Time Eater","floor":50,"turns":8}],"seed_played":"1147967737021486571","potions_obtained":[{"floor":5,"key":"GamblersBrew"},{"floor":10,"key":"Strength Potion"},{"floor":14,"key":"Explosive Potion"},{"floor":16,"key":"LiquidBronze"},{"floor":20,"key":"AttackPotion"},{"floor":23,"key":"SkillPotion"},{"floor":25,"key":"Dexterity Potion"},{"floor":31,"key":"FocusPotion"},{"floor":33,"key":"Swift Potion"}],"is_trial":false,"path_per_floor":["M","?","M","?","M","E","R","$","T","E","M","?","T","M","R","B",null,"M","?","M","$","?","E","R","M","T","E","?","M","?","M","R","B",null,"M","$","?","?","M","M","R","E","T","M","M","?","E","M","R","B"],"character_chosen":"DEFECT","items_purchased":["Turbo","Hello World","Bottled Lightning","Capacitor","Tiny Chest","Blizzard"],"campfire_rested":0,"item_purchase_floors":[8,8,21,21,36,36],"current_hp_per_floor":[75,75,75,89,78,66,66,66,66,50,50,43,43,43,43,62,89,89,73,65,65,65,39,39,46,46,42,42,42,42,42,42,53,89,68,68,68,54,39,53,53,60,60,67,73,63,42,41,41,59],"gold":217,"neow_bonus":"","is_prod":false,"is_daily":false,"chose_seed":false,"campfire_upgraded":6,"win_rate":0,"timestamp":1530845929,"path_taken":["M","?","?","?","M","E","R","$","T","E","M","?","?","?","R","BOSS","M","?","M","$","?","E","R","M","T","E","?","M","?","?","R","BOSS","M","$","?","?","M","M","R","E","T","M","M","?","E","M","R","BOSS"],"build_version":"2018-06-28","purchased_purges":1,"victory":true,"max_hp_per_floor":[75,75,75,89,89,89,89,89,89,89,89,89,89,89,89,89,89,89,89,89,89,89,89,89,89,89,89,89,89,89,89,89,89,89,89,89,89,89,89,89,89,89,89,89,89,89,89,89,89,89],"card_choices":[{"not_picked":["Compile Driver","Gash"],"picked":"Cold Snap","floor":1},{"not_picked":["Darkness","Go for the Eyes"],"picked":"Blizzard","floor":3},{"not_picked":["Leap","Gash"],"picked":"Cold Snap","floor":5},{"not_picked":["Biased Cognition","Genetic Algorithm"],"picked":"Chill","floor":6},{"not_picked":["Cold Snap","Turbo"],"picked":"Coolheaded","floor":10},{"not_picked":["Scrape","Steam"],"picked":"Capacitor","floor":11},{"not_picked":["Redo","Steam"],"picked":"Defragment","floor":12},{"not_picked":["Ball Lightning","Conserve Battery"],"picked":"Chill","floor":14},{"not_picked":["Core Surge","All For One"],"picked":"Rainbow","floor":16},{"not_picked":["Steam","Streamline"],"picked":"Sunder","floor":18},{"not_picked":["Coolheaded","Aggregate"],"picked":"Cold Snap","floor":20},{"not_picked":["Cold Snap","Redo"],"picked":"Consume","floor":23},{"not_picked":["Consume","Barrage"],"picked":"Streamline","floor":25},{"not_picked":["Reboot","Steam Power"],"picked":"Blizzard","floor":27},{"not_picked":["Stack","Turbo"],"picked":"Cold Snap","floor":29},{"not_picked":["Hologram+1","Rebound"],"picked":"Conserve Battery","floor":31},{"not_picked":["Buffer","Meteor Strike"],"picked":"Multi-Cast","floor":33},{"not_picked":["Barrage+1","Doom and Gloom"],"picked":"FTL+1","floor":35},{"not_picked":["Go for the Eyes+1","Beam Cell+1"],"picked":"Leap+1","floor":38},{"not_picked":["Stack","Auto Shields"],"picked":"Recycle+1","floor":39},{"not_picked":["Force Field","Steam"],"picked":"Consume+1","floor":40},{"not_picked":["Reinforced Body+1","Conserve Battery+1"],"picked":"FTL+1","floor":42},{"not_picked":["Streamline+1","Static Discharge"],"picked":"White Noise","floor":44},{"not_picked":["Barrage","Steam"],"picked":"Aggregate+1","floor":45},{"not_picked":["Enlightenment","Thinking Ahead"],"picked":"Madness","floor":46},{"not_picked":["Flash of Steel","Secret Weapon"],"picked":"Magnetism","floor":46},{"not_picked":["Deep Breath","Secret Technique"],"picked":"Panache","floor":46},{"not_picked":["Ball Lightning+1","Conserve Battery+1"],"picked":"Stack+1","floor":47},{"not_picked":["Compile Driver","Go for the Eyes"],"picked":"Self Repair","floor":48}],"player_experience":113198,"relics_obtained":[{"floor":6,"key":"War Paint"},{"floor":9,"key":"Unceasing Top"},{"floor":10,"key":"Pantograph"},{"floor":12,"key":"Odd Mushroom"},{"floor":13,"key":"Ornamental Fan"},{"floor":19,"key":"Nilry\u0027s Codex"},{"floor":23,"key":"Ginger"},{"floor":26,"key":"Smiling Mask"},{"floor":27,"key":"Orichalcum"},{"floor":38,"key":"Dead Branch"},{"floor":42,"key":"Vajra"},{"floor":43,"key":"Art of War"},{"floor":47,"key":"Bronze Scales"}],"event_choices":[{"event_name":"Wheel of Change","player_choice":"Gold","floor":2,"damage_taken":0},{"event_name":"Big Fish","player_choice":"Box","floor":4,"damage_taken":0},{"event_name":"Mushrooms","player_choice":"Fought Mushrooms","floor":12,"damage_taken":0},{"event_name":"Cursed Tome","player_choice":"Obtained Book","floor":19,"damage_taken":0},{"event_name":"The Library","player_choice":"Read","floor":22,"damage_taken":0},{"event_name":"The Joust","player_choice":"Bet on Murderer","floor":28,"damage_taken":0},{"event_name":"Back to Basics","player_choice":"Elegance","floor":30,"damage_taken":0},{"event_name":"SecretPortal","player_choice":"Rejected Portal.","floor":37,"damage_taken":0},{"event_name":"Mysterious Sphere","player_choice":"Fight","floor":38,"damage_taken":0},{"event_name":"SensoryStone","player_choice":"Memory 3","floor":46,"damage_taken":0}],"boss_relics":[{"not_picked":["Cursed Key","Snecko Eye"],"picked":"Pandora\u0027s Box"},{"not_picked":["Orrery","Lizard Tail"],"picked":"Sozu"}],"items_purged_floors":[8],"is_endless":false,"potions_floor_spawned":[5,10,14,16,20,23,25,31,33,39,42,44,48],"ascension_level":0}