{"gold_per_floor":[118,136,153,170,170,170,188,208,208,133,147,147,163,177,177,277,277,291,304,316,316,316,316,316,216,216,235,249,249,259,134,134,230,230,245,256,276,276,72,72,82,100,100,120,120,132,151,151,151,249,249,264,276,293,318,318,318,328,356,356,356,385,341,166,176,176,276,276,289,289,299,273,290,302,302,302,337,337,352,365,381,391,391,496,496,509,509,529,77,97,97,116,116,150,150,182,182,197,217,217,217],"floor_reached":101,"playtime":4825,"items_purged":["Infernal Blade","Searing Blow","Iron Wave","Anger","Madness"],"score":1989,"play_id":"b4e017f5-b6ed-4ae1-a3c5-76f361579978","local_time":"20180911044241","daily_mods":["Draft"],"is_ascension_mode":false,"campfire_choices":[{"data":"Perfected Strike","floor":6.0,"key":"SMITH"},{"data":"Perfected Strike","floor":12.0,"key":"SMITH"},{"data":"Perfected Strike","floor":15.0,"key":"SMITH"},{"data":"Wild Strike","floor":23.0,"key":"SMITH"},{"data":"Perfected Strike","floor":29.0,"key":"SMITH"},{"data":"Pommel Strike","floor":32.0,"key":"SMITH"},{"data":"Clash","floor":40.0,"key":"SMITH"},{"floor":49.0,"key":"REST"},{"data":"Perfected Strike","floor":57.0,"key":"SMITH"},{"data":"Offering","floor":66.0,"key":"SMITH"},{"data":"Perfected Strike","floor":75.0,"key":"SMITH"},{"data":"Madness","floor":78.0,"key":"SMITH"},{"floor":83.0,"key":"REST"},{"floor":91.0,"key":"REST"},{"floor":95.0,"key":"REST"},{"floor":97.0,"key":"REST"},{"floor":100.0,"key":"REST"}],"neow_cost":"","seed_source_timestamp":0,"circlet_count":0,"master_deck":["Twin Strike","Clash+1","Wild Strike","Twin Strike","Warcry","Rage+1","Perfected Strike+1","Wild Strike","Seeing Red+1","Pommel Strike","Pommel Strike+1","Wild Strike","Perfected Strike+1","Perfected Strike+1","Perfected Strike+1","Wild Strike","Twin Strike","Wild Strike+1","Clash+1","Twin Strike","Offering+1","Perfected Strike+1","Wild Strike","Wild Strike+1","Madness+1","Perfected Strike+1","Double Tap+1","Pommel Strike","Perfected Strike+1","Perfected Strike+1","Pommel Strike"],"special_seed":0,"relics":["Burning Blood","Mercury Hourglass","Black Star","War Paint","Sozu","Pocketwatch","Lizard Tail","Odd Mushroom","Bottled Flame","White Beast Statue","Champion Belt","Lee\u0027s Waffle","Dodecahedron"],"potions_floor_usage":[],"damage_taken":[{"damage":0.0,"enemies":"Small Slimes","floor":1.0,"turns":2.0},{"damage":0.0,"enemies":"2 Louse","floor":2.0,"turns":1.0},{"damage":0.0,"enemies":"Cultist","floor":3.0,"turns":2.0},{"damage":0.0,"enemies":"Large Slime","floor":4.0,"turns":4.0},{"damage":0.0,"enemies":"Gremlin Gang","floor":7.0,"turns":3.0},{"damage":8.0,"enemies":"Lots of Slimes","floor":8.0,"turns":2.0},{"damage":0.0,"enemies":"3 Louse","floor":11.0,"turns":1.0},{"damage":0.0,"enemies":"Looter","floor":13.0,"turns":1.0},{"damage":0.0,"enemies":"Gremlin Gang","floor":14.0,"turns":2.0},{"damage":56.0,"enemies":"Hexaghost","floor":16.0,"turns":5.0},{"damage":12.0,"enemies":"Shell Parasite","floor":18.0,"turns":2.0},{"damage":9.0,"enemies":"3 Byrds","floor":19.0,"turns":3.0},{"damage":21.0,"enemies":"Snake Plant","floor":20.0,"turns":2.0},{"damage":0.0,"enemies":"Snecko","floor":27.0,"turns":2.0},{"damage":12.0,"enemies":"Centurion and Healer","floor":28.0,"turns":2.0},{"damage":0.0,"enemies":"Sentry and Sphere","floor":30.0,"turns":2.0},{"damage":30.0,"enemies":"Automaton","floor":33.0,"turns":4.0},{"damage":3.0,"enemies":"3 Shapes","floor":35.0,"turns":2.0},{"damage":0.0,"enemies":"Orb Walker","floor":36.0,"turns":1.0},{"damage":0.0,"enemies":"Transient","floor":37.0,"turns":5.0},{"damage":0.0,"enemies":"Spire Growth","floor":41.0,"turns":2.0},{"damage":6.0,"enemies":"Reptomancer","floor":42.0,"turns":1.0},{"damage":0.0,"enemies":"Transient","floor":44.0,"turns":5.0},{"damage":10.0,"enemies":"4 Shapes","floor":46.0,"turns":2.0},{"damage":32.0,"enemies":"3 Darklings","floor":47.0,"turns":4.0},{"damage":64.0,"enemies":"Donu and Deca","floor":50.0,"turns":6.0},{"damage":0.0,"enemies":"Jaw Worm","floor":52.0,"turns":1.0},{"damage":0.0,"enemies":"Small Slimes","floor":53.0,"turns":1.0},{"damage":0.0,"enemies":"Cultist","floor":54.0,"turns":1.0},{"damage":36.0,"enemies":"The Mushroom Lair","floor":55.0,"turns":2.0},{"damage":0.0,"enemies":"Large Slime","floor":58.0,"turns":2.0},{"damage":0.0,"enemies":"Gremlin Nob","floor":59.0,"turns":1.0},{"damage":0.0,"enemies":"Lagavulin","floor":62.0,"turns":2.0},{"damage":0.0,"enemies":"Exordium Wildlife","floor":65.0,"turns":1.0},{"damage":6.0,"enemies":"Slime Boss","floor":67.0,"turns":5.0},{"damage":0.0,"enemies":"3 Byrds","floor":69.0,"turns":3.0},{"damage":0.0,"enemies":"Spheric Guardian","floor":71.0,"turns":1.0},{"damage":0.0,"enemies":"3 Cultists","floor":73.0,"turns":2.0},{"damage":0.0,"enemies":"Sentry and Sphere","floor":74.0,"turns":1.0},{"damage":9.0,"enemies":"Slavers","floor":77.0,"turns":2.0},{"damage":12.0,"enemies":"Centurion and Healer","floor":79.0,"turns":3.0},{"damage":20.0,"enemies":"Cultist and Chosen","floor":80.0,"turns":2.0},{"damage":0.0,"enemies":"Shelled Parasite and Fungi","floor":81.0,"turns":2.0},{"damage":12.0,"enemies":"Centurion and Healer","floor":82.0,"turns":2.0},{"damage":76.0,"enemies":"Champ","floor":84.0,"turns":4.0},{"damage":0.0,"enemies":"Orb Walker","floor":86.0,"turns":1.0},{"damage":15.0,"enemies":"Mind Bloom Boss Battle","floor":87.0,"turns":2.0},{"damage":18.0,"enemies":"3 Darklings","floor":88.0,"turns":2.0},{"damage":36.0,"enemies":"Reptomancer","floor":90.0,"turns":2.0},{"damage":9.0,"enemies":"Sphere and 2 Shapes","floor":92.0,"turns":1.0},{"damage":36.0,"enemies":"Nemesis","floor":94.0,"turns":3.0},{"damage":55.0,"enemies":"2 Orb Walkers","floor":96.0,"turns":3.0},{"damage":0.0,"enemies":"Transient","floor":98.0,"turns":5.0},{"damage":16.0,"enemies":"Spire Growth","floor":99.0,"turns":2.0},{"damage":138,"enemies":"Donu and Deca","floor":101,"turns":5}],"seed_played":"-10692066572438662","potions_obtained":[{"floor":1.0,"key":"Explosive Potion"},{"floor":3.0,"key":"Regen Potion"},{"floor":7.0,"key":"Explosive Potion"},{"floor":16.0,"key":"Poison Potion"},{"floor":18.0,"key":"Strength Potion"},{"floor":21.0,"key":"Explosive Potion"},{"floor":21.0,"key":"PowerPotion"},{"floor":21.0,"key":"Weak Potion"},{"floor":33.0,"key":"Regen Potion"}],"is_trial":true,"path_per_floor":["M","M","M","M","?","R","M","M","T","$","M","R","M","M","R","B",null,"M","M","M","?","?","R","?","$","T","M","M","R","M","$","R","B",null,"M","M","M","?","$","R","M","M","T","M","?","M","M","$","R","B",null,"M","M","M","?","?","R","M","E","T","?","E","?","$","M","R","B",null,"M","?","M","$","M","M","R","?","E","R","M","M","M","M","R","B",null,"M","?","M","$","M","R","M","$","E","R","E","R","M","M","R"],"character_chosen":"IRONCLAD","items_purchased":["Wild Strike","Perfected Strike","Lee\u0027s Waffle","Dodecahedron"],"campfire_rested":6,"item_purchase_floors":[39,72,89,89],"current_hp_per_floor":[80,80,80,80,85,85,85,83,83,83,85,85,85,85,85,35,85,79,76,66,66,85,85,85,85,85,85,79,79,85,85,85,61,85,85,85,85,85,85,85,85,85,85,85,74,75,49,49,74,16,85,85,85,85,55,55,55,61,67,67,85,85,85,85,85,85,85,85,85,85,85,85,85,85,85,85,82,82,76,62,68,62,85,15,85,85,76,64,92,62,89,86,86,56,83,34,61,67,57,84,0],"gold":217,"neow_bonus":"","is_prod":false,"is_daily":false,"chose_seed":false,"campfire_upgraded":11,"win_rate":0,"timestamp":1536655361,"path_taken":["M","M","M","M","?","R","M","M","T","$","M","R","M","M","R","BOSS","M","M","M","?","?","R","?","?","T","M","?","R","M","$","R","BOSS","M","M","M","?","$","R","M","M","T","M","?","?","M","$","R","BOSS","M","M","M","?","?","R","M","E","T","?","E","?","?","M","R","BOSS","M","?","M","$","M","M","R","?","E","R","M","M","M","M","R","BOSS","M","?","?","$","M","R","M","$","E","R","E","R","M","M","R","BOSS"],"build_version":"2018-09-06","purchased_purges":5,"victory":false,"max_hp_per_floor":[80,80,80,80,85,85,85,85,85,85,85,85,85,85,85,85,85,85,85,85,85,85,85,85,85,85,85,85,85,85,85,85,85,85,85,85,85,85,85,85,85,85,85,85,85,85,85,85,85,85,85,85,85,85,85,85,85,85,85,85,85,85,85,85,85,85,85,85,85,85,85,85,85,85,85,85,85,85,85,85,85,85,85,85,85,85,85,85,92,92,92,92,92,92,92,92,92,92,92,92,92],"card_choices":[{"not_picked":["Battle Trance","Iron Wave"],"picked":"Searing Blow","floor":0.0},{"not_picked":["Body Slam","Spot Weakness"],"picked":"Twin Strike","floor":0.0},{"not_picked":["Body Slam","True Grit"],"picked":"Infernal Blade","floor":0.0},{"not_picked":["Burning Pact","Searing Blow"],"picked":"Clash","floor":0.0},{"not_picked":["Thunderclap","Dual Wield"],"picked":"Wild Strike","floor":0.0},{"not_picked":["Body Slam","Pummel"],"picked":"Twin Strike","floor":0.0},{"not_picked":["Warcry","Body Slam"],"picked":"Anger","floor":0.0},{"not_picked":["Body Slam","Armaments"],"picked":"Warcry","floor":0.0},{"not_picked":["Cleave","Combust"],"picked":"Rage","floor":0.0},{"not_picked":["Sword Boomerang","Heavy Blade"],"picked":"Perfected Strike","floor":0.0},{"not_picked":["Headbutt","Bloodletting"],"picked":"Wild Strike","floor":0.0},{"not_picked":["Heavy Blade","Inflame"],"picked":"Seeing Red","floor":0.0},{"not_picked":["Thunderclap","Heavy Blade"],"picked":"Iron Wave","floor":0.0},{"not_picked":["Cleave","Havoc"],"picked":"Pommel Strike","floor":0.0},{"not_picked":["Combust","Clothesline"],"picked":"Pommel Strike","floor":0.0},{"not_picked":["Reckless Charge","Dropkick"],"picked":"Wild Strike","floor":1.0},{"not_picked":["Dropkick","Anger"],"picked":"Perfected Strike","floor":2.0},{"not_picked":["Iron Wave","Pummel","Warcry"],"picked":"SKIP","floor":3.0},{"not_picked":["Pommel Strike","Body Slam"],"picked":"Perfected Strike","floor":4.0},{"not_picked":["Sword Boomerang","Infernal Blade"],"picked":"Perfected Strike","floor":7.0},{"not_picked":["Heavy Blade","Pummel","Ghostly Armor"],"picked":"SKIP","floor":8.0},{"not_picked":["Sentinel","Flame Barrier"],"picked":"Wild Strike","floor":11.0},{"not_picked":["Barricade","Armaments"],"picked":"Twin Strike","floor":13.0},{"not_picked":["Cleave","Clothesline"],"picked":"Wild Strike","floor":14.0},{"not_picked":["Anger","Thunderclap","Flex"],"picked":"SKIP","floor":18.0},{"not_picked":["Warcry","Impervious"],"picked":"Clash+1","floor":19.0},{"not_picked":["Thunderclap","Headbutt+1","Shrug It Off"],"picked":"SKIP","floor":20.0},{"not_picked":["Warcry+1","Dual Wield","Sword Boomerang"],"picked":"SKIP","floor":27.0},{"not_picked":["Thunderclap+1","Warcry+1","Searing Blow"],"picked":"SKIP","floor":28.0},{"not_picked":["Thunderclap","Armaments"],"picked":"Twin Strike","floor":30.0},{"not_picked":["Barricade","Fiend Fire"],"picked":"Offering","floor":33.0},{"not_picked":["True Grit+1","Burning Pact"],"picked":"Perfected Strike+1","floor":35.0},{"not_picked":["Flex","Rage+1","Headbutt+1"],"picked":"SKIP","floor":36.0},{"not_picked":["Thunderclap+1","Iron Wave+1","Heavy Blade+1"],"picked":"SKIP","floor":37.0},{"not_picked":["Shrug It Off+1","Headbutt"],"picked":"Wild Strike+1","floor":41.0},{"not_picked":["True Grit","Iron Wave","Bloodletting+1"],"picked":"SKIP","floor":42.0},{"not_picked":["Dropkick","Rampage","Rage+1"],"picked":"SKIP","floor":44.0},{"not_picked":["Ghostly Armor","Metallicize","Bloodletting+1"],"picked":"SKIP","floor":46.0},{"not_picked":["Flex","Dark Embrace","Spot Weakness"],"picked":"SKIP","floor":47.0},{"not_picked":["Havoc","Anger","Thunderclap"],"picked":"SKIP","floor":52.0},{"not_picked":["Cleave","Body Slam","Rampage"],"picked":"SKIP","floor":53.0},{"not_picked":["Heavy Blade","Armaments"],"picked":"Perfected Strike","floor":54.0},{"not_picked":["Infernal Blade","Dual Wield"],"picked":"Double Tap","floor":55.0},{"not_picked":["Feel No Pain","Cleave"],"picked":"Pommel Strike","floor":58.0},{"not_picked":["Entrench","Barricade","Battle Trance"],"picked":"SKIP","floor":59.0},{"not_picked":["Shrug It Off","Feel No Pain","Carnage"],"picked":"SKIP","floor":62.0},{"not_picked":["Perfected Strike","Sword Boomerang","Thunderclap"],"picked":"SKIP","floor":65.0},{"not_picked":["Sword Boomerang+1","Sever Soul+1","Body Slam"],"picked":"SKIP","floor":69.0},{"not_picked":["Armaments+1","Power Through","True Grit"],"picked":"SKIP","floor":71.0},{"not_picked":["Sword Boomerang","Anger+1","Headbutt"],"picked":"SKIP","floor":73.0},{"not_picked":["Shrug It Off+1","Wild Strike","Bloodletting"],"picked":"SKIP","floor":74.0},{"not_picked":["Cleave","Iron Wave","Dark Embrace"],"picked":"SKIP","floor":77.0},{"not_picked":["True Grit","Shockwave+1","Heavy Blade"],"picked":"SKIP","floor":79.0},{"not_picked":["Perfected Strike","Burning Pact","True Grit"],"picked":"SKIP","floor":80.0},{"not_picked":["Corruption","Infernal Blade","Feel No Pain"],"picked":"SKIP","floor":81.0},{"not_picked":["Armaments+1","Headbutt","Iron Wave"],"picked":"SKIP","floor":82.0},{"not_picked":["Evolve","Cleave","Rampage"],"picked":"SKIP","floor":86.0},{"not_picked":["Combust","Power Through","Headbutt"],"picked":"SKIP","floor":88.0},{"not_picked":["Corruption","Rampage+1","Headbutt+1"],"picked":"SKIP","floor":90.0},{"not_picked":["True Grit+1","Carnage+1"],"picked":"Perfected Strike+1","floor":92.0},{"not_picked":["Metallicize+1","Blood for Blood","Impervious"],"picked":"SKIP","floor":94.0},{"not_picked":["Iron Wave","Entrench+1"],"picked":"Pommel Strike","floor":96.0},{"not_picked":["Anger+1","Blood for Blood+1","Dual Wield"],"picked":"SKIP","floor":98.0},{"not_picked":["Shrug It Off+1","Ghostly Armor+1","Whirlwind"],"picked":"SKIP","floor":99.0}],"player_experience":88578,"relics_obtained":[{"floor":9.0,"key":"Mercury Hourglass"},{"floor":26.0,"key":"War Paint"},{"floor":43.0,"key":"Pocketwatch"},{"floor":55.0,"key":"Odd Mushroom"},{"floor":60.0,"key":"Bottled Flame"},{"floor":87.0,"key":"Champion Belt"}],"event_choices":[{"event_name":"Big Fish","player_choice":"Donut","floor":5.0,"damage_taken":0.0},{"event_name":"The Lab","player_choice":"Got Potions","floor":21.0,"damage_taken":0.0},{"event_name":"The Library","player_choice":"Heal","floor":22.0,"damage_taken":0.0},{"event_name":"Vampires","player_choice":"Ignored","floor":24.0,"damage_taken":0.0},{"event_name":"Mysterious Sphere","player_choice":"Ignore","floor":38.0,"damage_taken":0.0},{"event_name":"Winding Halls","player_choice":"Embrace Madness","floor":45.0,"damage_taken":0.0},{"event_name":"Mushrooms","player_choice":"Fought Mushrooms","floor":55.0,"damage_taken":0.0},{"event_name":"Accursed Blacksmith","player_choice":"Forge","floor":56.0,"damage_taken":0.0},{"event_name":"Big Fish","player_choice":"Banana","floor":61.0,"damage_taken":0.0},{"event_name":"World of Goop","player_choice":"Left","floor":63.0,"damage_taken":0.0},{"event_name":"Beggar","player_choice":"Ignored","floor":70.0,"damage_taken":0.0},{"event_name":"The Lab","player_choice":"Got Potions","floor":76.0,"damage_taken":0.0},{"event_name":"MindBloom","player_choice":"Fight","floor":87.0,"damage_taken":0.0}],"is_beta":false,"boss_relics":[{"not_picked":["White Beast Statue","Runic Dome"],"picked":"Black Star"},{"not_picked":["Coffee Dripper","Calling Bell"],"picked":"Sozu"},{"not_picked":["Snecko Eye","Empty Cage"],"picked":"Lizard Tail"},{"not_picked":["Velvet Choker","Philosopher\u0027s Stone","Runic Pyramid"]},{"not_picked":["Empty Cage","Calling Bell"],"picked":"White Beast Statue"}],"items_purged_floors":[10,25,31,39,64],"is_endless":true,"potions_floor_spawned":[1,3,7,8,16,18,27,33,35,37,44,46,47,53,54,62,65,71,73,79,80,86,87,88,90,92,94,96,98,99],"killed_by":"Donu and Deca","ascension_level":0}