{"gold_per_floor":[14,30,46,63,63,63,89,89,89,106,106,106,125,154,154,227,227,227,141,141,141,141,141,91,91,91,91,91,91,91,91,91,91],"floor_reached":33,"playtime":1663,"items_purged":[],"score":679,"play_id":"b5132489-37f8-4ec8-98e3-07fbb5c715b1","local_time":"20190125001059","is_ascension_mode":true,"campfire_choices":[{"data":"Ball Lightning","floor":6,"key":"SMITH"},{"data":"Zap","floor":8,"key":"SMITH"},{"data":"Glacier","floor":12,"key":"SMITH"},{"floor":15,"key":"REST"},{"data":"Buffer","floor":23,"key":"SMITH"},{"data":"Loop","floor":29,"key":"SMITH"},{"data":"Glacier","floor":32,"key":"SMITH"}],"neow_cost":"NO_GOLD","seed_source_timestamp":1369997744667993,"circlet_count":0,"master_deck":["AscendersBane","Defend_B","Defend_B","Defend_B","Defend_B","Zap+1","Dualcast","FTL","Undo","Storm+1","Ball Lightning+1","Glacier+1","Coolheaded+1","Melter","Buffer+1","Hologram+1","Loop+1","Glacier+1","Bite","Bite","Bite","Bite","Bite","Capacitor+1","Heatsinks+1"],"relics":["Cracked Core","Oddly Smooth Stone","Matryoshka","Kunai","Ectoplasm","Happy Flower","Singing Bowl","Frozen Egg 2"],"potions_floor_usage":[7,10,14,20,27,31],"damage_taken":[{"damage":2,"enemies":"Cultist","floor":1,"turns":4},{"damage":7,"enemies":"Jaw Worm","floor":2,"turns":3},{"damage":0,"enemies":"2 Louse","floor":3,"turns":2},{"damage":6,"enemies":"Red Slaver","floor":4,"turns":5},{"damage":12,"enemies":"Lagavulin","floor":7,"turns":6},{"damage":0,"enemies":"3 Louse","floor":10,"turns":2},{"damage":11,"enemies":"Exordium Wildlife","floor":13,"turns":4},{"damage":20,"enemies":"Gremlin Nob","floor":14,"turns":5},{"damage":0,"enemies":"The Guardian","floor":16,"turns":13},{"damage":9,"enemies":"Shell Parasite","floor":18,"turns":5},{"damage":9,"enemies":"3 Byrds","floor":20,"turns":3},{"damage":0,"enemies":"Centurion and Healer","floor":25,"turns":9},{"damage":27,"enemies":"Slavers","floor":27,"turns":7},{"damage":5,"enemies":"Sentry and Sphere","floor":30,"turns":4},{"damage":10,"enemies":"Cultist and Chosen","floor":31,"turns":6},{"damage":66,"enemies":"Champ","floor":33,"turns":12}],"seed_played":"-7249180929561688983","potions_obtained":[{"floor":2,"key":"AttackPotion"},{"floor":3,"key":"Explosive Potion"},{"floor":10,"key":"Weak Potion"},{"floor":13,"key":"EssenceOfSteel"},{"floor":14,"key":"Swift Potion"},{"floor":16,"key":"PowerPotion"},{"floor":20,"key":"Fire Potion"}],"is_trial":false,"path_per_floor":["M","M","M","M","?","R","E","R","T","M","?","R","M","E","R","B",null,"M","$","M","?","?","R","?","M","T","E","?","R","M","M","R","B"],"character_chosen":"DEFECT","items_purchased":["Loop"],"campfire_rested":1,"item_purchase_floors":[19],"current_hp_per_floor":[62,55,55,49,71,71,59,59,59,59,59,59,48,28,49,49,66,57,57,48,48,48,48,48,49,49,36,36,36,39,45,45,0],"gold":91,"neow_bonus":"REMOVE_TWO","is_prod":false,"is_daily":false,"chose_seed":false,"campfire_upgraded":6,"win_rate":0,"timestamp":1548393059,"path_taken":["M","M","M","?","?","R","E","R","T","M","?","R","?","E","R","BOSS","M","$","M","?","?","R","?","?","T","E","?","R","M","M","R","BOSS"],"build_version":"2019-01-23","purchased_purges":0,"victory":false,"max_hp_per_floor":[71,71,71,71,71,71,71,71,71,71,71,71,71,71,71,71,71,71,71,71,71,49,49,49,49,49,49,49,49,51,51,51,51],"card_choices":[{"not_picked":["Redo","Go for the Eyes"],"picked":"FTL","floor":1},{"not_picked":["Recycle","Redo"],"picked":"Undo","floor":2},{"not_picked":["Gash","Barrage"],"picked":"Storm","floor":3},{"not_picked":["Leap","Turbo"],"picked":"Ball Lightning","floor":4},{"not_picked":["Ball Lightning","Chaos"],"picked":"Glacier","floor":7},{"not_picked":["Hologram","Steam"],"picked":"Coolheaded","floor":10},{"not_picked":["Coolheaded","Scrape","Fission"],"picked":"SKIP","floor":13},{"not_picked":["Steam","Barrage"],"picked":"Melter","floor":14},{"not_picked":["Seek","Meteor Strike"],"picked":"Buffer","floor":16},{"not_picked":["Ball Lightning","FTL"],"picked":"Hologram","floor":18},{"not_picked":["Go for the Eyes","Aggregate"],"picked":"Glacier","floor":20},{"not_picked":["Hello World+1","Barrage","Fusion"],"picked":"SKIP","floor":25},{"not_picked":["Lockon","Beam Cell"],"picked":"Capacitor","floor":27},{"not_picked":["Barrage","Ball Lightning","Rebound+1"],"picked":"Singing Bowl","floor":30},{"not_picked":["Compile Driver","Hologram"],"picked":"Heatsinks+1","floor":31}],"player_experience":499960,"relics_obtained":[{"floor":7,"key":"Oddly Smooth Stone"},{"floor":9,"key":"Matryoshka"},{"floor":14,"key":"Kunai"},{"floor":26,"key":"Happy Flower"},{"floor":26,"key":"Singing Bowl"},{"floor":27,"key":"Frozen Egg 2"}],"event_choices":[{"damage_healed":23,"gold_gain":0,"player_choice":"Banana","damage_taken":0,"max_hp_gain":0,"max_hp_loss":0,"event_name":"Big Fish","floor":5,"gold_loss":0},{"damage_healed":0,"gold_gain":0,"player_choice":"Upgraded","damage_taken":0,"max_hp_gain":0,"max_hp_loss":0,"event_name":"Upgrade Shrine","floor":11,"gold_loss":0,"cards_upgraded":["Coolheaded"]},{"damage_healed":0,"gold_gain":0,"player_choice":"Ignored","damage_taken":0,"max_hp_gain":0,"max_hp_loss":0,"event_name":"Cursed Tome","floor":21,"gold_loss":0},{"damage_healed":0,"gold_gain":0,"player_choice":"Became a vampire","damage_taken":0,"max_hp_gain":0,"max_hp_loss":22,"event_name":"Vampires","floor":22,"gold_loss":0,"cards_obtained":["Bite","Bite","Bite","Bite","Bite"]},{"damage_healed":0,"gold_gain":0,"player_choice":"Upgrade","damage_taken":0,"max_hp_gain":0,"max_hp_loss":0,"event_name":"Designer","floor":24,"gold_loss":50,"cards_upgraded":["Hologram"]},{"damage_healed":0,"gold_gain":0,"player_choice":"Forge","damage_taken":0,"max_hp_gain":0,"max_hp_loss":0,"event_name":"Accursed Blacksmith","floor":28,"gold_loss":0,"cards_upgraded":["Storm"]}],"is_beta":true,"boss_relics":[{"not_picked":["Lizard Tail","Calling Bell"],"picked":"Ectoplasm"}],"items_purged_floors":[],"is_endless":false,"potions_floor_spawned":[2,3,10,13,14,16,18,20],"killed_by":"Champ","ascension_level":20}