{"gold_per_floor":[109,34,48,48,23,23,52,52,52,52,63,119,119,129,129,224,224,239,338,350,360,360,360,388,388,388,401,401,331,345,345,345,448,448,459,469,486,486,486,486,496,496,521,534,534,547,25,25,25,25],"floor_reached":51,"playtime":2653,"items_purged":["Strike_B"],"score":819,"play_id":"b8c0f954-62c2-46f6-93f9-397062cc3e19","local_time":"20190307210841","is_ascension_mode":true,"campfire_choices":[{"data":"Dualcast","floor":6,"key":"SMITH"},{"data":"Hologram","floor":8,"key":"SMITH"},{"data":"Strike_B","floor":10,"key":"PURGE"},{"data":"Capacitor","floor":13,"key":"SMITH"},{"data":"Defend_B","floor":15,"key":"PURGE"},{"data":"Strike_B","floor":23,"key":"PURGE"},{"data":"Strike_B","floor":25,"key":"PURGE"},{"data":"Biased Cognition","floor":28,"key":"SMITH"},{"floor":32,"key":"REST"},{"data":"Darkness","floor":40,"key":"SMITH"},{"floor":42,"key":"REST"},{"floor":49,"key":"REST"}],"neow_cost":"NONE","seed_source_timestamp":30352634671189,"circlet_count":0,"master_deck":["Zap+1","Dualcast+1","Deep Breath","Compile Driver","Ball Lightning","Hologram+1","Conserve Battery","Capacitor+1","Leap","Biased Cognition+1","Cold Snap","White Noise+1","Coolheaded","Darkness+1","Electrodynamics","Rebound+1","Chaos+1","Ball Lightning+1","Barrage+1","Loop","Rainbow"],"relics":["Cracked Core","Ginger","Peace Pipe","Letter Opener","Sozu","Emotion Chip","Meat on the Bone","Incense Burner","Astrolabe","Juzu Bracelet","Dead Branch","Bag of Preparation"],"potions_floor_usage":[3,50],"damage_taken":[{"damage":4,"enemies":"Jaw Worm","floor":1,"turns":4},{"damage":2,"enemies":"Small Slimes","floor":3,"turns":3},{"damage":19,"enemies":"Lagavulin","floor":7,"turns":7},{"damage":1,"enemies":"2 Louse","floor":11,"turns":2},{"damage":16,"enemies":"3 Sentries","floor":12,"turns":6},{"damage":0,"enemies":"Exordium Thugs","floor":14,"turns":3},{"damage":16,"enemies":"The Guardian","floor":16,"turns":10},{"damage":0,"enemies":"Chosen","floor":18,"turns":4},{"damage":5,"enemies":"Shell Parasite","floor":20,"turns":4},{"damage":0,"enemies":"Cultist and Chosen","floor":21,"turns":4},{"damage":26,"enemies":"Book of Stabbing","floor":24,"turns":7},{"damage":0,"enemies":"Centurion and Healer","floor":27,"turns":6},{"damage":1,"enemies":"Snecko","floor":30,"turns":6},{"damage":18,"enemies":"Champ","floor":33,"turns":7},{"damage":20,"enemies":"3 Shapes","floor":35,"turns":2},{"damage":29,"enemies":"3 Darklings","floor":36,"turns":3},{"damage":4,"enemies":"Jaw Worm Horde","floor":37,"turns":2},{"damage":11,"enemies":"Spire Growth","floor":41,"turns":5},{"damage":9,"enemies":"Sphere and 2 Shapes","floor":44,"turns":3},{"damage":0,"enemies":"Maw","floor":46,"turns":4},{"damage":45,"enemies":"Donu and Deca","floor":50,"turns":6}],"seed_played":"1277367391195609642","potions_obtained":[{"floor":1,"key":"Energy Potion"},{"floor":11,"key":"LiquidBronze"}],"is_trial":false,"path_per_floor":["M","$","M","?","$","R","E","R","T","R","M","?","R","M","R","B",null,"M","?","M","M","?","R","E","R","T","M","R","$","M","?","R","B",null,"M","M","M","?","?","R","M","R","T","M","?","M","$","?","R","B",null],"character_chosen":"DEFECT","items_purchased":["Ball Lightning","Darkness","Dead Branch","Bag of Preparation","Loop"],"campfire_rested":3,"item_purchase_floors":[5,29,47,47,47],"current_hp_per_floor":[71,71,69,69,69,69,50,50,50,50,49,33,33,33,33,17,61,61,61,56,56,56,56,30,30,30,42,42,42,41,41,63,45,68,48,31,39,39,39,39,40,61,61,52,52,52,52,52,71,38],"gold":25,"neow_bonus":"RANDOM_COLORLESS","is_prod":false,"is_daily":false,"chose_seed":false,"campfire_upgraded":5,"win_rate":0,"timestamp":1552021721,"path_taken":["M","$","M","?","$","R","E","R","T","R","M","?","R","M","R","BOSS","M","?","M","M","?","R","E","R","T","?","R","$","M","?","R","BOSS","M","M","M","?","?","R","M","R","T","M","?","M","$","?","R","BOSS"],"build_version":"2019-01-23","purchased_purges":1,"victory":true,"max_hp_per_floor":[75,75,75,75,75,75,75,75,75,75,75,75,75,75,75,75,75,75,75,75,75,75,75,75,75,75,75,75,75,75,75,75,75,75,75,75,75,71,71,71,71,71,71,71,71,71,71,71,71,71],"card_choices":[{"not_picked":["Leap","Redo"],"picked":"Compile Driver","floor":1},{"not_picked":["Steam Power","Streamline"],"picked":"FTL","floor":3},{"not_picked":["Core Surge","Turbo"],"picked":"Hologram","floor":7},{"not_picked":["Beam Cell","Barrage"],"picked":"Conserve Battery","floor":11},{"not_picked":["Beam Cell","Coolheaded"],"picked":"Capacitor","floor":12},{"not_picked":["Ball Lightning","Turbo"],"picked":"Leap","floor":14},{"not_picked":["Meteor Strike","Amplify"],"picked":"Biased Cognition","floor":16},{"not_picked":["Steam","Go for the Eyes"],"picked":"Cold Snap","floor":18},{"not_picked":["Beam Cell","Sweeping Beam"],"picked":"White Noise+1","floor":20},{"not_picked":["Ball Lightning+1","Cold Snap+1"],"picked":"Coolheaded","floor":21},{"not_picked":["Scrape","Ball Lightning+1"],"picked":"Capacitor","floor":24},{"not_picked":["Capacitor","Rebound","Compile Driver"],"picked":"SKIP","floor":27},{"not_picked":["Go for the Eyes","Hologram+1","Gash"],"picked":"SKIP","floor":30},{"not_picked":["Hyperbeam","Seek"],"picked":"Electrodynamics","floor":33},{"not_picked":["Chaos","Compile Driver","Beam Cell+1"],"picked":"SKIP","floor":35},{"not_picked":["Turbo","Leap","Sweeping Beam"],"picked":"SKIP","floor":36},{"not_picked":["Cold Snap","Hologram+1","Go for the Eyes"],"picked":"SKIP","floor":37},{"not_picked":["Sunder","Lockon+1","Leap"],"picked":"SKIP","floor":41},{"not_picked":["Undo","Seek"],"picked":"Ball Lightning+1","floor":44},{"not_picked":["Aggregate","Beam Cell+1"],"picked":"Barrage+1","floor":46}],"player_experience":360968,"relics_obtained":[{"floor":7,"key":"Ginger"},{"floor":9,"key":"Peace Pipe"},{"floor":12,"key":"Letter Opener"},{"floor":24,"key":"Emotion Chip"},{"floor":26,"key":"Meat on the Bone"},{"floor":43,"key":"Juzu Bracelet"}],"event_choices":[{"damage_healed":0,"gold_gain":0,"player_choice":"Grow","damage_taken":0,"max_hp_gain":0,"max_hp_loss":0,"event_name":"Living Wall","floor":4,"gold_loss":0,"cards_upgraded":["Zap"]},{"damage_healed":0,"gold_gain":0,"player_choice":"Searched \u00271\u0027 times","damage_taken":0,"max_hp_gain":0,"max_hp_loss":0,"event_name":"Dead Adventurer","floor":12,"gold_loss":0},{"damage_healed":0,"gold_gain":99,"player_choice":"Stole From Cult","damage_taken":0,"max_hp_gain":0,"max_hp_loss":0,"event_name":"Nest","floor":19,"gold_loss":0},{"damage_healed":0,"gold_gain":0,"player_choice":"Leave","damage_taken":0,"max_hp_gain":0,"max_hp_loss":0,"event_name":"FaceTrader","floor":22,"gold_loss":0},{"damage_healed":0,"gold_gain":0,"player_choice":"Opened","damage_taken":0,"relics_obtained":["Incense Burner"],"max_hp_gain":0,"max_hp_loss":0,"event_name":"The Mausoleum","floor":31,"gold_loss":0},{"damage_healed":0,"gold_gain":0,"player_choice":"Max HP","damage_taken":0,"max_hp_gain":0,"max_hp_loss":4,"event_name":"Winding Halls","floor":38,"gold_loss":0},{"cards_removed":["Fusion"],"damage_healed":0,"gold_gain":0,"player_choice":"Purged","damage_taken":0,"max_hp_gain":0,"max_hp_loss":0,"event_name":"Purifier","floor":39,"gold_loss":0},{"cards_removed":["Capacitor"],"damage_healed":0,"gold_gain":0,"player_choice":"Removed Power","damage_taken":0,"max_hp_gain":0,"max_hp_loss":0,"event_name":"Falling","floor":45,"gold_loss":0},{"damage_healed":0,"gold_gain":0,"cards_transformed":["FTL"],"player_choice":"Transformed","damage_taken":0,"max_hp_gain":0,"max_hp_loss":0,"event_name":"Transmorgrifier","floor":48,"gold_loss":0,"cards_obtained":["Rainbow"]}],"is_beta":false,"boss_relics":[{"not_picked":["Runic Dome","Philosopher\u0027s Stone"],"picked":"Sozu"},{"not_picked":["Coffee Dripper","White Beast Statue"],"picked":"Astrolabe"}],"items_purged_floors":[2],"is_endless":false,"potions_floor_spawned":[1,11,20,24,30,33,36,46],"ascension_level":5}