{"path_per_floor":["M","?","$","M","?","R","E","R","T","R","M","$","?","M","R","B",null,"M","?","M","T","M","R","?","M","T","R","?","M","M","?","R","B",null,"M","?","?","?","M"],"character_chosen":"DEFECT","items_purchased":["Bandage Up","Storm"],"gold_per_floor":[116,116,26,38,38,38,71,71,71,71,85,5,5,23,23,127,127,147,297,315,341,354,354,354,368,368,368,368,387,398,398,398,499,499,512,512,512,512,523,523],"floor_reached":40,"campfire_rested":2,"playtime":1820,"item_purchase_floors":[3,12],"current_hp_per_floor":[73,66,66,70,70,74,44,70,70,74,75,75,75,61,67,37,75,75,75,61,61,63,69,53,47,47,55,55,44,46,32,64,54,80,41,41,37,27,27,0],"items_purged":[],"gold":523,"score":561,"play_id":"f555198c-9927-44c9-ace5-71e84db4bf76","local_time":"20180611201436","is_prod":false,"is_daily":false,"chose_seed":false,"is_ascension_mode":true,"campfire_upgraded":5,"win_rate":0,"timestamp":1528712076,"campfire_choices":[{"data":"Dualcast","floor":6,"key":"SMITH"},{"floor":8,"key":"REST"},{"data":"Go for the Eyes","floor":10,"key":"SMITH"},{"data":"Buffer","floor":15,"key":"SMITH"},{"data":"Ball Lightning","floor":23,"key":"SMITH"},{"data":"Steam","floor":27,"key":"SMITH"},{"floor":32,"key":"REST"}],"path_taken":["M","?","$","M","?","R","E","R","T","R","M","$","?","?","R","BOSS","M","?","M","?","M","R","?","M","T","R","?","M","M","?","R","BOSS","M","?","?","?","M","E"],"build_version":"2018-06-08","seed_source_timestamp":29216525410245,"purchased_purges":0,"victory":false,"master_deck":["Strike_B","Strike_B","Defend_B","Defend_B","Zap+1","Dualcast+1","Go for the Eyes+1","Bandage Up","Coolheaded","Gash","Storm+1","Buffer+1","Amplify","Melter+1","Hologram+1","Steam Power+1","Rebound","Loop+1","Ball Lightning+1","Steam+1","Conserve Battery","Loop","Creative AI","Leap","Leap+1","Madness","Madness","Gash+1"],"max_hp_per_floor":[75,75,75,75,75,75,75,75,75,75,75,75,75,75,75,75,75,75,75,75,75,75,75,75,75,75,75,75,75,75,80,80,80,80,80,80,80,80,80,80],"relics":["Eternal Feather","Blood Vial","Symbiotic Virus","Astrolabe","Juzu Bracelet","Enchiridion","Centennial Puzzle","Inserter","Calipers"],"card_choices":[{"not_picked":["Chaos","Streamline"],"picked":"Go for the Eyes","floor":1},{"not_picked":["Skim","Hologram","Rip and Tear"],"picked":"SKIP","floor":4},{"not_picked":["Capacitor","Leap"],"picked":"Coolheaded","floor":7},{"not_picked":["Hello World","Steam"],"picked":"Gash","floor":11},{"not_picked":["Go for the Eyes","Ball Lightning"],"picked":"Buffer","floor":14},{"not_picked":["All For One","Buffer"],"picked":"Amplify","floor":16},{"not_picked":["Go for the Eyes+1","Reprogram"],"picked":"Rebound","floor":18},{"not_picked":["Sweeping Beam","Beam Cell"],"picked":"Loop+1","floor":20},{"not_picked":["Turbo","Hologram+1"],"picked":"Ball Lightning","floor":22},{"not_picked":["Go for the Eyes","Hologram"],"picked":"Steam","floor":25},{"not_picked":["Turbo+1","FTL"],"picked":"Conserve Battery","floor":29},{"not_picked":["Compile Driver","Go for the Eyes+1"],"picked":"Loop","floor":30},{"not_picked":["Biased Cognition","Multi-Cast"],"picked":"Creative AI","floor":33},{"not_picked":["Stack+1","Compile Driver+1"],"picked":"Leap","floor":35},{"not_picked":["Hello World","Compile Driver+1"],"picked":"Leap+1","floor":37},{"not_picked":["Compile Driver+1","Sweeping Beam+1"],"picked":"Gash+1","floor":39}],"player_experience":398358,"potions_floor_usage":[4,14,16,18,29,33,35,37,39],"damage_taken":[{"damage":2,"enemies":"Small Slimes","floor":1,"turns":4},{"damage":0,"enemies":"Cultist","floor":4,"turns":4},{"damage":34,"enemies":"Gremlin Nob","floor":7,"turns":5},{"damage":4,"enemies":"Jaw Worm","floor":11,"turns":3},{"damage":18,"enemies":"Exordium Wildlife","floor":14,"turns":6},{"damage":36,"enemies":"The Guardian","floor":16,"turns":16},{"damage":0,"enemies":"2 Thieves","floor":18,"turns":4},{"damage":18,"enemies":"Shell Parasite","floor":20,"turns":4},{"damage":0,"enemies":"Sentry and Sphere","floor":22,"turns":2},{"damage":12,"enemies":"3 Cultists","floor":25,"turns":3},{"damage":17,"enemies":"Snake Plant","floor":29,"turns":3},{"damage":4,"enemies":"Snecko","floor":30,"turns":4},{"damage":16,"enemies":"Champ","floor":33,"turns":10},{"damage":43,"enemies":"3 Darklings","floor":35,"turns":4},{"damage":10,"floor":37,"turns":5},{"damage":21,"enemies":"Flame Bruiser 1 Orb","floor":39,"turns":6},{"damage":44,"enemies":"2 Orb Walkers","floor":40,"turns":2}],"relics_obtained":[{"floor":7,"key":"Blood Vial"},{"floor":9,"key":"Symbiotic Virus"},{"floor":21,"key":"Juzu Bracelet"},{"floor":24,"key":"Enchiridion"},{"floor":26,"key":"Centennial Puzzle"},{"floor":37,"key":"Calipers"}],"event_choices":[{"event_name":"Golden Wing","player_choice":"Card Removal","floor":2,"damage_taken":0},{"event_name":"Upgrade Shrine","player_choice":"Upgraded","floor":5,"damage_taken":0},{"event_name":"Living Wall","player_choice":"Grow","floor":13,"damage_taken":0},{"event_name":"Nest","player_choice":"Stole From Cult","floor":19,"damage_taken":0},{"event_name":"Cursed Tome","player_choice":"Obtained Book","floor":24,"damage_taken":0},{"event_name":"Ghosts","player_choice":"Ignored","floor":28,"damage_taken":0},{"event_name":"Forgotten Altar","player_choice":"Shed Blood","floor":31,"damage_taken":0},{"event_name":"Tomb of Lord Red Mask","player_choice":"Ignored","floor":36,"damage_taken":0},{"event_name":"MindBloom","player_choice":"Fight","floor":37,"damage_taken":0},{"event_name":"Winding Halls","player_choice":"Embrace Madness","floor":38,"damage_taken":0}],"boss_relics":[{"not_picked":["Velvet Choker","Black Star"],"picked":"Astrolabe"},{"not_picked":["Sozu","Pandora\u0027s Box"],"picked":"Inserter"}],"items_purged_floors":[],"potions_floor_spawned":[1,7,14,16,22,25,29,33,35,37],"seed_played":"-9198285009053119620","killed_by":"2 Orb Walkers","ascension_level":1,"potions_obtained":[{"floor":1,"key":"Energy Potion"},{"floor":7,"key":"SpeedPotion"},{"floor":14,"key":"Explosive Potion"},{"floor":16,"key":"Energy Potion"},{"floor":22,"key":"SteroidPotion"},{"floor":25,"key":"Ancient Potion"},{"floor":29,"key":"GamblersBrew"},{"floor":33,"key":"Fire Potion"},{"floor":35,"key":"Block Potion"},{"floor":37,"key":"Regen Potion"}],"is_trial":false}