{"gold_per_floor":[368,26,46,46,66,96,96,129,176,176,33,53,53,16,16,136,136,161,161,161,161,161,161,199,199,225,225,225,3,3,27,27,27],"floor_reached":33,"playtime":1222,"items_purged":[],"score":347,"play_id":"fa0896bd-ab6a-4376-a0f0-1e0de40519d1","local_time":"20190120010030","is_ascension_mode":true,"campfire_choices":[{"floor":10,"key":"REST"},{"data":"Limit Break","floor":15,"key":"SMITH"},{"data":"Demon Form","floor":23,"key":"SMITH"},{"data":"J.A.X.","floor":25,"key":"SMITH"},{"data":"Heavy Blade","floor":27,"key":"SMITH"},{"data":"Reaper","floor":32,"key":"SMITH"}],"neow_cost":"PERCENT_DAMAGE","seed_source_timestamp":808133356411200,"circlet_count":0,"master_deck":["Strike_R+1","Strike_R+1","Strike_R+1","Strike_R+1","Strike_R+1","Defend_R+1","Defend_R+1","Defend_R+1","Defend_R+1","Bash","Uppercut","Inflame","Heavy Blade+1","Iron Wave","Clash","Limit Break+1","Cleave","Demon Form+1","Armaments+1","J.A.X.+1","Writhe","Reaper+1","Clash","Purity","Shrug It Off","Burning Pact"],"relics":["Burning Blood","TheAbacus","Lantern","Mercury Hourglass","Golden Idol","Juzu Bracelet","Oddly Smooth Stone","Paper Frog","Mark of Pain","Vajra","Dream Catcher","Brimstone"],"potions_floor_usage":[8,24],"damage_taken":[{"damage":16,"enemies":"Jaw Worm","floor":1,"turns":6},{"damage":0,"enemies":"2 Louse","floor":3,"turns":3},{"damage":10,"enemies":"Small Slimes","floor":5,"turns":3},{"damage":20,"enemies":"Gremlin Nob","floor":6,"turns":4},{"damage":29,"enemies":"Lagavulin","floor":8,"turns":6},{"damage":3,"enemies":"Blue Slaver","floor":12,"turns":2},{"damage":34,"enemies":"Hexaghost","floor":16,"turns":9},{"damage":22,"enemies":"2 Thieves","floor":18,"turns":3},{"damage":21,"enemies":"Gremlin Leader","floor":24,"turns":5},{"damage":3,"enemies":"Spheric Guardian","floor":31,"turns":3},{"damage":27,"enemies":"Collector","floor":33,"turns":2}],"seed_played":"-5812040280868385809","potions_obtained":[{"floor":5,"key":"FearPotion"},{"floor":6,"key":"Energy Potion"},{"floor":8,"key":"Ancient Potion"},{"floor":18,"key":"FearPotion"}],"is_trial":false,"path_per_floor":["M","$","M","?","M","E","?","E","T","R","$","M","?","?","R","B",null,"M","?","?","?","?","R","E","R","T","R","?","$","?","M","R","B"],"character_chosen":"IRONCLAD","items_purchased":["TheAbacus","Lantern","Limit Break","Brimstone","Shrug It Off"],"campfire_rested":1,"item_purchase_floors":[2,2,11,29,29],"current_hp_per_floor":[41,41,47,52,48,34,34,11,11,34,34,37,37,37,37,9,62,46,46,46,39,39,39,24,24,24,24,24,24,24,27,27,0],"gold":27,"neow_bonus":"TWO_FIFTY_GOLD","is_prod":false,"is_daily":false,"chose_seed":false,"campfire_upgraded":5,"win_rate":0,"timestamp":1547974830,"path_taken":["M","$","M","?","M","E","?","E","T","R","$","M","?","?","R","BOSS","M","?","?","?","?","R","E","R","T","R","?","$","?","M","R","BOSS"],"build_version":"2019-01-17v2","purchased_purges":0,"victory":false,"max_hp_per_floor":[80,80,80,85,85,85,79,79,79,79,79,79,79,79,79,79,79,79,79,79,79,79,79,79,79,79,79,79,79,79,79,79,79],"card_choices":[{"not_picked":["Flex","Clothesline"],"picked":"Uppercut","floor":1},{"not_picked":["Entrench","Flex"],"picked":"Inflame","floor":3},{"not_picked":["Rampage","Dropkick"],"picked":"Heavy Blade","floor":5},{"not_picked":["Sever Soul","Power Through"],"picked":"Iron Wave","floor":6},{"not_picked":["Power Through","Reckless Charge"],"picked":"Clash","floor":8},{"not_picked":["Sword Boomerang","Warcry"],"picked":"Cleave","floor":12},{"not_picked":["Reaper","Dark Embrace"],"picked":"Demon Form","floor":16},{"not_picked":["Clothesline","Thunderclap"],"picked":"Armaments+1","floor":18},{"not_picked":["Berserk","Rupture"],"picked":"Reaper","floor":24},{"not_picked":["Body Slam","Headbutt+1"],"picked":"Burning Pact","floor":31}],"player_experience":563351,"relics_obtained":[{"floor":6,"key":"Mercury Hourglass"},{"floor":8,"key":"Juzu Bracelet"},{"floor":9,"key":"Oddly Smooth Stone"},{"floor":24,"key":"Dream Catcher"}],"event_choices":[{"damage_healed":0,"gold_gain":0,"player_choice":"Donut","damage_taken":0,"max_hp_gain":5,"max_hp_loss":0,"event_name":"Big Fish","floor":4,"gold_loss":0},{"damage_healed":0,"gold_gain":0,"player_choice":"Lose Max HP","damage_taken":0,"relics_obtained":["Golden Idol"],"max_hp_gain":0,"max_hp_loss":6,"event_name":"Golden Idol","floor":7,"gold_loss":0},{"damage_healed":0,"gold_gain":0,"player_choice":"Searched \u00271\u0027 times","damage_taken":0,"relics_obtained":["Paper Frog"],"max_hp_gain":0,"max_hp_loss":0,"event_name":"Dead Adventurer","floor":13,"gold_loss":0},{"damage_healed":0,"gold_gain":0,"player_choice":"Left Gold","damage_taken":0,"max_hp_gain":0,"max_hp_loss":0,"event_name":"World of Goop","floor":14,"gold_loss":37},{"damage_healed":0,"gold_gain":0,"player_choice":"Ignored","damage_taken":0,"max_hp_gain":0,"max_hp_loss":0,"event_name":"Vampires","floor":19,"gold_loss":0},{"damage_healed":0,"gold_gain":0,"player_choice":"Obtain J.A.X.","damage_taken":0,"max_hp_gain":0,"max_hp_loss":0,"event_name":"Drug Dealer","floor":20,"gold_loss":0,"cards_obtained":["J.A.X."]},{"damage_healed":0,"gold_gain":0,"player_choice":"","damage_taken":7,"max_hp_gain":0,"max_hp_loss":0,"event_name":"Knowing Skull","floor":21,"potions_obtained":[],"gold_loss":0,"cards_obtained":[]},{"damage_healed":0,"gold_gain":0,"player_choice":"Opened","damage_taken":0,"relics_obtained":["Vajra"],"max_hp_gain":0,"max_hp_loss":0,"event_name":"The Mausoleum","floor":22,"gold_loss":0,"cards_obtained":["Writhe"]},{"damage_healed":0,"gold_gain":0,"player_choice":"2 cards matched","damage_taken":0,"max_hp_gain":0,"max_hp_loss":0,"event_name":"Match and Keep!","floor":28,"gold_loss":0,"cards_obtained":["Clash","Purity"]},{"damage_healed":0,"gold_gain":0,"player_choice":"Simplicity","damage_taken":0,"max_hp_gain":0,"max_hp_loss":0,"event_name":"Back to Basics","floor":30,"gold_loss":0,"cards_upgraded":["Strike_R","Strike_R","Strike_R","Strike_R","Strike_R","Defend_R","Defend_R","Defend_R","Defend_R"]}],"is_beta":false,"boss_relics":[{"not_picked":["Busted Crown","Lizard Tail"],"picked":"Mark of Pain"}],"items_purged_floors":[],"is_endless":false,"potions_floor_spawned":[5,6,8,18],"killed_by":"Collector","ascension_level":6}