{"path_per_floor":["M","M","$","M","?","E","M","?","T","M","R","M","M","M","R","B",null,"M","M","M","$"],"character_chosen":"THE_SILENT","items_purchased":["War Paint"],"gold_per_floor":[115,127,52,65,65,99,118,118,118,132,132,144,156,169,169,267,267,277,293,303,58],"floor_reached":22,"campfire_rested":1,"playtime":1451,"current_hp_per_floor":[57,57,57,57,57,51,34,27,27,25,46,42,40,40,40,34,61,54,54,8,8],"items_purged":["Strike_G","Strike_G"],"gold":58,"score":278,"play_id":"107e5d61-7e25-4b1c-83d6-9701752ffebe","local_time":"20180313175605","is_prod":false,"is_daily":false,"is_ascension_mode":true,"campfire_upgraded":1,"timestamp":1520931365,"path_taken":["M","M","$","M","?","E","M","?","T","M","R","M","M","M","R","BOSS","M","M","M","$","M"],"build_version":"2018-03-09","purchased_purges":2,"victory":false,"master_deck":["Defend_G","Defend_G","Defend_G+1","Defend_G","Defend_G","Strike_G","Strike_G","Survivor+1","Neutralize+1","Leg Sweep","Heel Hook","Blade Dance","Footwork","Flying Knee","Backflip","Footwork","Bouncing Flask+1","Setup+1","Backflip","Deadly Poison+1"],"max_hp_per_floor":[70,70,70,70,70,70,70,70,70,70,70,70,70,70,70,70,70,70,70,70,70],"relics":["Ring of the Snake","Orichalcum","Juzu Bracelet","Calipers","Eternal Feather","War Paint"],"card_choices":[{"not_picked":["Cloak And Dagger","Storm of Steel"],"picked":"Leg Sweep"},{"not_picked":["Outmaneuver","Concentrate"],"picked":"Heel Hook"},{"not_picked":["Sucker Punch","Caltrops"],"picked":"Blade Dance"},{"not_picked":["Reflex","Prepared"],"picked":"Footwork"},{"not_picked":["Leg Sweep","Sucker Punch"],"picked":"Flying Knee"},{"not_picked":["Prepared","Infinite Blades"],"picked":"Backflip"},{"not_picked":["PiercingWail","Cloak And Dagger"],"picked":"Footwork"},{"not_picked":["Expertise","Slice"],"picked":"Bouncing Flask"},{"not_picked":["Dagger Throw","Choke"],"picked":"Setup"},{"not_picked":["Concentrate","Distraction"],"picked":"Backflip"},{"not_picked":["Quick Slash","Backflip"],"picked":"Deadly Poison"}],"player_experience":283895,"potions_floor_usage":[6,16,16,19,20],"damage_taken":[{"damage":6,"enemies":"Small Slimes","floor":1,"turns":3},{"damage":0,"enemies":"Cultist","floor":2,"turns":3},{"damage":0,"enemies":"2 Louse","floor":4,"turns":4},{"damage":6,"enemies":"3 Sentries","floor":6,"turns":11},{"damage":17,"enemies":"Exordium Thugs","floor":7,"turns":6},{"damage":2,"enemies":"3 Louse","floor":10,"turns":5},{"damage":4,"enemies":"Exordium Wildlife","floor":12,"turns":6},{"damage":2,"enemies":"Looter","floor":13,"turns":3},{"damage":0,"enemies":"2 Fungi Beasts","floor":14,"turns":4},{"damage":6,"enemies":"Hexaghost","floor":16,"turns":9},{"damage":7,"enemies":"Spheric Guardian","floor":18,"turns":5},{"damage":0,"enemies":"Chosen","floor":19,"turns":6},{"damage":46,"enemies":"Centurion and Healer","floor":20,"turns":19},{"damage":19,"enemies":"Snecko","floor":22,"turns":4}],"event_choices":[{"event_name":"Accursed Blacksmith","player_choice":"Forge","floor":5,"damage_taken":0},{"event_name":"Golden Wing","player_choice":"Card Removal","floor":8,"damage_taken":0}],"boss_relics":[{"not_picked":["Philosopher\u0027s Stone","Runic Pyramid"],"picked":"Eternal Feather"}],"potions_floor_spawned":[4,12,13,14,18,20],"seed_played":"6789774426358281123","killed_by":"Snecko","ascension_level":9,"is_trial":false}