{"gold_per_floor":[117,192,192,18,36,65,45,57,83,93,93],"floor_reached":11,"playtime":390,"items_purged":["Strike_B"],"score":73,"play_id":"ea8ef754-6b27-4f99-8158-44620c2128be","local_time":"20180819172352","is_ascension_mode":false,"campfire_choices":[],"neow_cost":"NONE","seed_source_timestamp":140374700049230,"circlet_count":0,"master_deck":["Strike_B","Strike_B","Defend_B","Defend_B","Defend_B","Defend_B","Zap","Dualcast","Scrape","Gash","Turbo","Turbo","Gash","Steam Power"],"relics":["Cracked Core","Vajra","DataDisk"],"potions_floor_usage":[10],"damage_taken":[{"damage":0,"enemies":"2 Louse","floor":1,"turns":2},{"damage":5,"enemies":"Small Slimes","floor":5,"turns":4},{"damage":39,"enemies":"3 Sentries","floor":6,"turns":7},{"damage":6,"enemies":"Jaw Worm","floor":8,"turns":3},{"damage":1,"enemies":"Exordium Wildlife","floor":10,"turns":4}],"seed_played":"-3943096901429426531","potions_obtained":[{"floor":1,"key":"Swift Potion"},{"floor":6,"key":"EssenceOfSteel"},{"floor":7,"key":"LiquidBronze"},{"floor":8,"key":"Strength Potion"}],"is_trial":false,"path_per_floor":["M","?","?","$","M","E","?","M","T","M"],"character_chosen":"DEFECT","items_purchased":["Gash","Turbo"],"campfire_rested":0,"item_purchase_floors":[4,4],"current_hp_per_floor":[75,64,64,64,59,20,20,14,14,13,0],"gold":93,"neow_bonus":"THREE_CARDS","is_prod":false,"is_daily":false,"chose_seed":false,"campfire_upgraded":0,"win_rate":0,"timestamp":1534713832,"path_taken":["M","?","?","$","M","E","?","M","T","M","?"],"build_version":"2018-08-16","purchased_purges":1,"victory":false,"max_hp_per_floor":[75,75,75,75,75,75,75,75,75,75,75],"card_choices":[{"not_picked":["Heatsinks","Ball Lightning"],"picked":"Scrape","floor":0},{"not_picked":["Reinforced Body","Compile Driver","Skim"],"picked":"SKIP","floor":1},{"not_picked":["Reinforced Body","Leap"],"picked":"Turbo","floor":5},{"not_picked":["Loop","Amplify","Cold Snap"],"picked":"SKIP","floor":6},{"not_picked":["Recycle","Stack"],"picked":"Gash","floor":8},{"not_picked":["Conserve Battery","Ball Lightning"],"picked":"Steam Power","floor":10}],"player_experience":111197,"relics_obtained":[{"floor":6,"key":"Vajra"},{"floor":9,"key":"DataDisk"}],"event_choices":[{"event_name":"World of Goop","player_choice":"Gather Gold","floor":2,"damage_taken":0},{"event_name":"Bonfire Elementals","player_choice":"BASIC","floor":3,"damage_taken":0},{"event_name":"The Woman in Blue","player_choice":"Bought 1 Potion","floor":7,"damage_taken":0}],"is_beta":false,"boss_relics":[],"items_purged_floors":[4],"is_endless":false,"potions_floor_spawned":[1,6,8],"ascension_level":0}