{"gold_per_floor":[212,212,231,244,319,339,369,369,396,416,427,74,74,118,118,246,246,262,36,36,61,160,160,180,180,258,258,282,282,298,312,312,312],"floor_reached":33,"playtime":1666,"items_purged":["Bash"],"score":259,"play_id":"a9d824cc-c961-45f0-b93f-d139c5acf3e7","local_time":"20190226083557","is_ascension_mode":false,"campfire_choices":[{"data":"Whirlwind","floor":8.0,"key":"SMITH"},{"floor":15.0,"key":"REST"},{"floor":23.0,"key":"REST"},{"floor":29.0,"key":"REST"},{"floor":32.0,"key":"REST"}],"neow_cost":"NONE","seed_source_timestamp":0,"circlet_count":0,"master_deck":["Strike_R","Strike_R","Strike_R","Strike_R","Defend_R","Defend_R","Defend_R","Defend_R","Inflame","Inflame","Iron Wave","Whirlwind+1","Power Through","Pummel","Limit Break+1","Double Tap","Injury","Clothesline","Shockwave","Limit Break","Battle Trance","Heavy Blade","Flame Barrier+1"],"special_seed":0,"relics":["Burning Blood","Vajra","Membership Card","Golden Idol","Dream Catcher","Self Forming Clay","Sling","Dodecahedron","Toxic Egg 2"],"potions_floor_usage":[33],"damage_taken":[{"damage":2.0,"enemies":"Small Slimes","floor":1.0,"turns":4.0},{"damage":11.0,"enemies":"Jaw Worm","floor":3.0,"turns":5.0},{"damage":1.0,"enemies":"Cultist","floor":4.0,"turns":3.0},{"damage":23.0,"enemies":"Exordium Thugs","floor":6.0,"turns":5.0},{"damage":20.0,"enemies":"3 Sentries","floor":7.0,"turns":6.0},{"damage":0.0,"enemies":"Large Slime","floor":10.0,"turns":4.0},{"damage":10.0,"enemies":"Looter","floor":11.0,"turns":2.0},{"damage":9.0,"enemies":"Gremlin Nob","floor":14.0,"turns":4.0},{"damage":44.0,"enemies":"Hexaghost","floor":16.0,"turns":8.0},{"damage":44.0,"enemies":"Spheric Guardian","floor":18.0,"turns":6.0},{"damage":19.0,"enemies":"2 Thieves","floor":21.0,"turns":4.0},{"damage":9.0,"enemies":"Snecko","floor":24.0,"turns":6.0},{"damage":21.0,"enemies":"Snake Plant","floor":28.0,"turns":5.0},{"damage":37.0,"enemies":"Shelled Parasite and Fungi","floor":30.0,"turns":7.0},{"damage":0.0,"enemies":"3 Cultists","floor":31.0,"turns":2.0},{"damage":60,"enemies":"Automaton","floor":33,"turns":8}],"seed_played":"-7722858052780808517","potions_obtained":[{"floor":1.0,"key":"Explosive Potion"},{"floor":6.0,"key":"PowerPotion"},{"floor":7.0,"key":"AttackPotion"},{"floor":11.0,"key":"GamblersBrew"},{"floor":16.0,"key":"SpeedPotion"},{"floor":18.0,"key":"Fire Potion"},{"floor":21.0,"key":"SpeedPotion"},{"floor":31.0,"key":"Block Potion"}],"is_trial":false,"path_per_floor":["M","$","M","M","?","M","E","R","T","M","M","$","?","E","R","B",null,"M","$","?","M","?","R","M","?","T","T","M","R","M","M","R","B"],"character_chosen":"IRONCLAD","items_purchased":["Membership Card","Limit Break","Double Tap","Self Forming Clay","Sling"],"campfire_rested":4,"item_purchase_floors":[12,12,12,19,19],"current_hp_per_floor":[80,80,75,80,69,52,38,38,38,44,40,40,40,37,61,23,80,42,42,42,29,29,53,50,50,50,50,35,59,28,34,58,0],"gold":312,"neow_bonus":"HUNDRED_GOLD","is_prod":false,"is_daily":false,"chose_seed":false,"campfire_upgraded":1,"win_rate":0,"timestamp":1551188157,"path_taken":["M","$","M","M","?","M","E","R","T","M","M","$","?","E","R","BOSS","M","$","?","?","?","R","M","?","T","?","M","R","M","M","R","BOSS"],"build_version":"2019-01-23","purchased_purges":1,"victory":false,"max_hp_per_floor":[80,80,80,80,80,80,80,80,80,80,80,80,80,80,80,80,80,80,80,80,80,80,80,80,80,80,80,80,80,80,80,80,80],"card_choices":[{"not_picked":["Disarm","Armaments"],"picked":"Inflame","floor":1.0},{"not_picked":["Sword Boomerang","Burning Pact"],"picked":"Inflame","floor":3.0},{"not_picked":["Clash","Combust"],"picked":"Iron Wave","floor":4.0},{"not_picked":["Rage","Bloodletting"],"picked":"Whirlwind","floor":6.0},{"not_picked":["Thunderclap","Fiend Fire"],"picked":"Power Through","floor":7.0},{"not_picked":["Warcry","True Grit"],"picked":"Pummel","floor":10.0},{"not_picked":["Havoc","Evolve","Twin Strike"],"picked":"SKIP","floor":11.0},{"not_picked":["Rampage","Wild Strike"],"picked":"Clothesline","floor":14.0},{"not_picked":["Entrench","Demon Form"],"picked":"Shockwave","floor":15.0},{"not_picked":["Juggernaut","Bludgeon"],"picked":"Limit Break","floor":16.0},{"not_picked":["Rampage","Uppercut","Pommel Strike"],"picked":"SKIP","floor":18.0},{"not_picked":["Sword Boomerang","Inflame"],"picked":"Battle Trance","floor":21.0},{"not_picked":["Hemokinesis+1","Flame Barrier+1"],"picked":"Heavy Blade","floor":24.0},{"not_picked":["Inflame","Armaments+1","Anger"],"picked":"SKIP","floor":28.0},{"not_picked":["Clash","Dark Embrace","Evolve+1"],"picked":"SKIP","floor":30.0},{"not_picked":["Body Slam","Sword Boomerang"],"picked":"Flame Barrier+1","floor":31.0}],"player_experience":484435,"relics_obtained":[{"floor":7.0,"key":"Vajra"},{"floor":14.0,"key":"Dream Catcher"},{"floor":26.0,"key":"Dodecahedron"},{"floor":27.0,"key":"Toxic Egg 2"}],"event_choices":[{"damage_healed":0.0,"max_hp_gain":0.0,"max_hp_loss":0.0,"gold_gain":75.0,"event_name":"World of Goop","player_choice":"Gather Gold","floor":5.0,"gold_loss":0.0,"damage_taken":11.0},{"damage_healed":0.0,"max_hp_gain":0.0,"max_hp_loss":0.0,"gold_gain":0.0,"event_name":"Golden Idol","player_choice":"Take Wound","floor":13.0,"gold_loss":0.0,"damage_taken":0.0,"relics_obtained":["Golden Idol"],"cards_obtained":["Injury"]},{"damage_healed":0.0,"max_hp_gain":0.0,"max_hp_loss":0.0,"gold_gain":0.0,"event_name":"Upgrade Shrine","player_choice":"Upgraded","floor":20.0,"gold_loss":0.0,"damage_taken":0.0,"cards_upgraded":["Limit Break"]},{"damage_healed":0.0,"max_hp_gain":0.0,"max_hp_loss":0.0,"gold_gain":99.0,"event_name":"Nest","player_choice":"Stole From Cult","floor":22.0,"gold_loss":0.0,"damage_taken":0.0},{"cards_removed":["Strike_R"],"damage_healed":0.0,"max_hp_gain":0.0,"max_hp_loss":0.0,"gold_gain":0.0,"event_name":"Back to Basics","player_choice":"Elegance","floor":25.0,"gold_loss":0.0,"damage_taken":0.0}],"is_beta":false,"boss_relics":[{"not_picked":["Busted Crown","Philosopher\u0027s Stone","Calling Bell"]}],"items_purged_floors":[12],"is_endless":false,"potions_floor_spawned":[1,6,7,11,16,18,21,31],"killed_by":"Automaton","ascension_level":0}