{"gold_per_floor":[112,70,70,26,44,75,75,0,0,0,0,18,18,43,43,139,139,162,162,187,208,208,242,242,278,278,311,327,347,29,49,49,139,139,159,75,133,466,85,85,114,114,137,149,181,196,207,225,225,225,225],"floor_reached":52,"playtime":2227,"items_purged":["Injury","Strike_B"],"score":2215,"play_id":"522fd874-cc1a-4213-be98-7c0314357146","local_time":"20181104150530","is_ascension_mode":true,"campfire_choices":[{"data":"Sunder","floor":7.0,"key":"SMITH"},{"data":"Zap","floor":10.0,"key":"SMITH"},{"data":"Sunder","floor":13.0,"key":"SMITH"},{"data":"Reinforced Body","floor":15.0,"key":"SMITH"},{"floor":24.0,"key":"REST"},{"data":"Hologram","floor":32.0,"key":"SMITH"},{"floor":40,"key":"REST"},{"floor":49,"key":"REST"}],"neow_cost":"NONE","seed_source_timestamp":242282524322490,"circlet_count":0,"master_deck":["AscendersBane","Strike_B","Strike_B","Defend_B","Defend_B","Defend_B","Defend_B","Zap+1","Dualcast","FTL","Sunder+1","Sunder+1","Cold Snap","Reinforced Body+1","BootSequence","Echo Form+1","Reinforced Body+1","Doom and Gloom","Force Field+1","Hologram+1","Defragment+1","All For One","Electrodynamics+1","Capacitor+1","Biased Cognition+1","Echo Form+1","Glacier"],"special_seed":0,"relics":["Cracked Core","NeowsBlessing","Frozen Egg 2","Snecko Eye","Nloth\u0027s Gift","Torii","Gremlin Horn","Shuriken","Pen Nib","Pocketwatch","Fusion Hammer","Peace Pipe","Pear","War Paint","FaceOfCleric","Bag of Marbles","Happy Flower"],"potions_floor_usage":[45,46],"damage_taken":[{"damage":0.0,"enemies":"Cultist","floor":1.0,"turns":1.0},{"damage":0.0,"enemies":"2 Louse","floor":5.0,"turns":1.0},{"damage":0.0,"enemies":"3 Sentries","floor":6.0,"turns":1.0},{"damage":7.0,"enemies":"Jaw Worm","floor":12.0,"turns":3.0},{"damage":7.0,"enemies":"Exordium Wildlife","floor":14.0,"turns":2.0},{"damage":0.0,"enemies":"Slime Boss","floor":16.0,"turns":8.0},{"damage":6.0,"enemies":"Spheric Guardian","floor":18.0,"turns":3.0},{"damage":1.0,"enemies":"3 Byrds","floor":20.0,"turns":3.0},{"damage":0.0,"enemies":"Centurion and Healer","floor":21.0,"turns":3.0},{"damage":16.0,"enemies":"Slavers","floor":23.0,"turns":5.0},{"damage":1.0,"enemies":"Gremlin Leader","floor":25.0,"turns":4.0},{"damage":1.0,"enemies":"Slavers","floor":27.0,"turns":4.0},{"damage":0.0,"enemies":"Snake Plant","floor":28.0,"turns":2.0},{"damage":0.0,"enemies":"Cultist and Chosen","floor":29.0,"turns":3.0},{"damage":0.0,"enemies":"Snecko","floor":31.0,"turns":3.0},{"damage":12,"enemies":"Champ","floor":33,"turns":8},{"damage":0,"enemies":"3 Shapes","floor":35,"turns":4},{"damage":22,"enemies":"2 Orb Walkers","floor":37,"turns":2},{"damage":18,"enemies":"Reptomancer","floor":41,"turns":4},{"damage":10,"enemies":"3 Darklings","floor":44,"turns":3},{"damage":1,"enemies":"Giant Head","floor":45,"turns":5},{"damage":0,"enemies":"Spire Growth","floor":46,"turns":4},{"damage":0,"enemies":"Transient","floor":47,"turns":6},{"damage":2,"enemies":"Sphere and 2 Shapes","floor":48,"turns":1},{"damage":0,"enemies":"Donu and Deca","floor":50,"turns":7},{"damage":45,"enemies":"Time Eater","floor":51,"turns":10}],"seed_played":"-285697394150804184","potions_obtained":[{"floor":1.0,"key":"Strength Potion"},{"floor":12.0,"key":"Weak Potion"},{"floor":14.0,"key":"SteroidPotion"},{"floor":16.0,"key":"LiquidBronze"},{"floor":18.0,"key":"Dexterity Potion"},{"floor":23.0,"key":"Fire Potion"},{"floor":28.0,"key":"Energy Potion"},{"floor":29.0,"key":"SteroidPotion"},{"floor":41,"key":"LiquidBronze"},{"floor":44,"key":"Dexterity Potion"},{"floor":47,"key":"Fire Potion"}],"is_trial":false,"path_per_floor":["M","$","?","$","M","E","R","$","T","R","$","M","R","M","R","B",null,"M","?","M","M","?","E","R","E","T","E","M","M","$","M","R","B",null,"M","$","?","?","$","R","E","?","T","M","E","M","M","M","R","B","B",null],"character_chosen":"DEFECT","items_purchased":["Sunder","Sunder","Pocketwatch","Capacitor+1","Pear"],"campfire_rested":3,"item_purchase_floors":[2,4,30,36,39],"current_hp_per_floor":[64,64,64,64,64,64,64,64,64,64,64,57,57,50,50,50,66,60,60,59,59,59,43,64,63,63,62,62,62,62,62,62,50,66,66,66,44,44,54,78,60,60,60,51,51,52,53,52,77,78,34],"gold":225,"neow_bonus":"THREE_ENEMY_KILL","is_prod":false,"is_daily":false,"chose_seed":false,"campfire_upgraded":5,"win_rate":0,"timestamp":1541372730,"path_taken":["M","?","?","$","M","E","R","$","T","R","?","M","R","M","R","BOSS","M","?","M","?","?","E","R","E","T","E","?","M","$","M","R","BOSS","M","$","?","?","$","R","E","?","T","M","E","?","M","M","R","BOSS","BOSS"],"build_version":"2018-11-01","purchased_purges":2,"victory":true,"max_hp_per_floor":[71,71,71,71,71,71,71,71,71,71,71,71,71,71,71,71,71,71,71,71,71,71,71,71,71,71,71,71,71,71,71,71,71,71,71,71,71,71,81,81,81,81,81,82,83,84,85,86,86,87,88],"card_choices":[{"not_picked":["Force Field","Go for the Eyes"],"picked":"FTL","floor":1.0},{"not_picked":["Coolheaded","Static Discharge"],"picked":"Cold Snap","floor":5.0},{"not_picked":["Ball Lightning","Streamline"],"picked":"Reinforced Body","floor":6.0},{"not_picked":["Leap","Barrage","Compile Driver"],"picked":"SKIP","floor":12.0},{"not_picked":["Genetic Algorithm","Scrape"],"picked":"BootSequence","floor":14.0},{"not_picked":["Fission","All For One"],"picked":"Echo Form+1","floor":16.0},{"not_picked":["Cold Snap","Barrage","Leap"],"picked":"SKIP","floor":18.0},{"not_picked":["Stack","Rebound"],"picked":"Doom and Gloom","floor":20.0},{"not_picked":["Stack","Barrage","Beam Cell"],"picked":"SKIP","floor":21.0},{"not_picked":["Amplify","Conserve Battery"],"picked":"Force Field","floor":23.0},{"not_picked":["Steam","Thunder Strike","Redo"],"picked":"SKIP","floor":25.0},{"not_picked":["Blizzard","Go for the Eyes+1","Static Discharge+1"],"picked":"SKIP","floor":27.0},{"not_picked":["Barrage","Streamline"],"picked":"Hologram","floor":28.0},{"not_picked":["Rebound","Chill+1","Coolheaded"],"picked":"SKIP","floor":29.0},{"not_picked":["Fission","Conserve Battery"],"picked":"Defragment+1","floor":31.0},{"not_picked":["Biased Cognition+1","Core Surge"],"picked":"All For One","floor":33},{"not_picked":["Gash","Conserve Battery"],"picked":"Electrodynamics+1","floor":35},{"not_picked":["Ball Lightning","Sweeping Beam+1"],"picked":"Biased Cognition+1","floor":41},{"not_picked":["Double Energy","Ball Lightning","Steam"],"picked":"SKIP","floor":44},{"not_picked":["Force Field","Multi-Cast"],"picked":"Echo Form+1","floor":45},{"not_picked":["Turbo+1","Cold Snap+1","Gash"],"picked":"SKIP","floor":46},{"not_picked":["Leap+1","Turbo+1","Sweeping Beam"],"picked":"SKIP","floor":47},{"not_picked":["Turbo+1","Compile Driver"],"picked":"Glacier","floor":48}],"player_experience":614919,"relics_obtained":[{"floor":6.0,"key":"Frozen Egg 2"},{"floor":9.0,"key":"The Courier"},{"floor":23.0,"key":"Torii"},{"floor":25.0,"key":"Gremlin Horn"},{"floor":26.0,"key":"Shuriken"},{"floor":27.0,"key":"Pen Nib"},{"floor":37,"key":"Peace Pipe"},{"floor":41,"key":"War Paint"},{"floor":43,"key":"Bag of Marbles"},{"floor":45,"key":"Happy Flower"}],"event_choices":[{"damage_healed":0.0,"max_hp_gain":0.0,"max_hp_loss":0.0,"gold_gain":0.0,"event_name":"Golden Idol","player_choice":"Take Wound","floor":3.0,"gold_loss":0.0,"damage_taken":0.0,"relics_obtained":["Golden Idol"],"cards_obtained":["Injury"]},{"damage_healed":0.0,"max_hp_gain":0.0,"max_hp_loss":0.0,"gold_gain":0.0,"cards_transformed":["Strike_B"],"event_name":"Transmorgrifier","player_choice":"Transformed","floor":19.0,"gold_loss":0.0,"damage_taken":0.0,"cards_obtained":["Reinforced Body"]},{"damage_healed":0.0,"max_hp_gain":0.0,"max_hp_loss":0.0,"gold_gain":0.0,"event_name":"N\u0027loth","player_choice":"Traded Relic","floor":22.0,"relics_lost":["The Courier"],"gold_loss":0.0,"damage_taken":0.0,"relics_obtained":["Nloth\u0027s Gift"]},{"damage_healed":0,"gold_gain":0,"player_choice":"Fight","damage_taken":0,"max_hp_gain":0,"max_hp_loss":0,"event_name":"Mysterious Sphere","floor":37,"gold_loss":0},{"damage_healed":0,"gold_gain":333,"player_choice":"Gave Idol","damage_taken":0,"max_hp_gain":0,"max_hp_loss":0,"event_name":"The Moai Head","floor":38,"relics_lost":["Golden Idol"],"gold_loss":0},{"damage_healed":0,"gold_gain":0,"player_choice":"Trade","damage_taken":0,"relics_obtained":["FaceOfCleric"],"max_hp_gain":0,"max_hp_loss":0,"event_name":"FaceTrader","floor":42,"gold_loss":0}],"is_beta":false,"boss_relics":[{"not_picked":["FrozenCore","Nuclear Battery"],"picked":"Snecko Eye"},{"not_picked":["Empty Cage","Lizard Tail"],"picked":"Fusion Hammer"}],"items_purged_floors":[8,39],"is_endless":false,"potions_floor_spawned":[1,12,14,16,18,23,28,29,31,41,44,47],"ascension_level":20}