{"gold_per_floor":[112,125,141,91,102,102,122,122,122,138,9,42,54,66,66,168,218,232,147,47,47,67,67,100,113,167,201,220,240,240,259,259,259],"floor_reached":33,"playtime":867,"items_purged":["Defend_R","Defend_R"],"score":343,"play_id":"cca82ac1-298b-438b-a518-fd7b3519f491","local_time":"20180822182120","is_ascension_mode":false,"campfire_choices":[{"data":"Inflame","floor":6,"key":"SMITH"},{"floor":8,"key":"REST"},{"data":"Flex","floor":15,"key":"SMITH"},{"data":"Flex","floor":23,"key":"SMITH"},{"floor":32,"key":"REST"}],"neow_cost":"NONE","seed_source_timestamp":72422753394663,"circlet_count":0,"master_deck":["Strike_R","Strike_R","Strike_R","Strike_R","Strike_R+1","Defend_R","Bash","Inflame+1","Armaments","Sword Boomerang","Flex+1","Seeing Red","Feed","Flex+1","Feed","Burning Pact","Twin Strike+1","Necronomicurse","Battle Trance","Cleave+1","Inflame","Clash+1"],"relics":["Burning Blood","Bottled Tornado","Vajra","Tiny House","Gambling Chip","Necronomicon","Lantern","Bag of Preparation","Pear","Potion Belt"],"potions_floor_usage":[12,16,22],"damage_taken":[{"damage":6,"enemies":"Cultist","floor":1,"turns":3},{"damage":5,"enemies":"Small Slimes","floor":2,"turns":3},{"damage":20,"enemies":"Jaw Worm","floor":3,"turns":4},{"damage":32,"enemies":"Looter","floor":5,"turns":4},{"damage":14,"enemies":"Blue Slaver","floor":7,"turns":3},{"damage":0,"enemies":"Large Slime","floor":10,"turns":4},{"damage":31,"enemies":"Lagavulin","floor":12,"turns":4},{"damage":10,"enemies":"Looter","floor":13,"turns":2},{"damage":0,"enemies":"Exordium Thugs","floor":14,"turns":3},{"damage":33,"enemies":"Hexaghost","floor":16,"turns":7},{"damage":10,"enemies":"Spheric Guardian","floor":18,"turns":3},{"damage":20,"enemies":"3 Byrds","floor":22,"turns":4},{"damage":31,"enemies":"Gremlin Leader","floor":24,"turns":3},{"damage":10,"enemies":"Cultist and Chosen","floor":25,"turns":3},{"damage":25,"enemies":"Book of Stabbing","floor":27,"turns":3},{"damage":0,"enemies":"Snake Plant","floor":28,"turns":1},{"damage":30,"enemies":"Shelled Parasite and Fungi","floor":29,"turns":3},{"damage":0,"enemies":"Snecko","floor":31,"turns":2},{"damage":96,"enemies":"Automaton","floor":33,"turns":6}],"seed_played":"5972582293928345179","potions_obtained":[{"floor":1,"key":"SkillPotion"},{"floor":5,"key":"Regen Potion"},{"floor":7,"key":"FearPotion"},{"floor":10,"key":"Fruit Juice"},{"floor":16,"key":"Dexterity Potion"},{"floor":17,"key":"AttackPotion"},{"floor":25,"key":"Strength Potion"}],"is_trial":false,"path_per_floor":["M","M","M","?","M","R","M","R","T","M","$","E","M","M","R","B",null,"M","?","$","?","M","R","E","M","T","E","M","M","?","M","R"],"character_chosen":"IRONCLAD","items_purchased":["Flex"],"campfire_rested":2,"item_purchase_floors":[11],"current_hp_per_floor":[88,88,74,74,48,48,40,66,66,72,72,52,48,57,57,30,101,100,100,100,84,73,73,48,47,47,41,47,26,26,32,69,0],"gold":259,"neow_bonus":"TEN_PERCENT_HP_BONUS","is_prod":false,"is_daily":false,"chose_seed":false,"campfire_upgraded":3,"win_rate":0,"timestamp":1534976480,"path_taken":["M","M","?","?","M","R","M","R","T","M","$","E","M","M","R","BOSS","M","?","$","?","?","R","E","M","T","E","M","M","?","M","R","BOSS"],"build_version":"2018-08-16","purchased_purges":2,"victory":false,"max_hp_per_floor":[88,88,88,88,88,88,88,88,88,88,88,93,93,96,96,96,101,104,104,104,104,107,107,107,110,110,123,123,126,126,126,126,126],"card_choices":[{"not_picked":["Dual Wield","Cleave","Iron Wave"],"picked":"SKIP","floor":1},{"not_picked":["Shockwave","Clash"],"picked":"Inflame","floor":2},{"not_picked":["Anger","Inflame"],"picked":"Armaments","floor":3},{"not_picked":["Headbutt","Shrug It Off","Body Slam"],"picked":"SKIP","floor":5},{"not_picked":["Shrug It Off","Iron Wave"],"picked":"Sword Boomerang","floor":7},{"not_picked":["Rupture","Clothesline","Iron Wave"],"picked":"SKIP","floor":10},{"not_picked":["Dual Wield","Rage"],"picked":"Seeing Red","floor":12},{"not_picked":["Warcry","Armaments"],"picked":"Feed","floor":13},{"not_picked":["Warcry","Spot Weakness"],"picked":"Flex","floor":14},{"not_picked":["Dark Embrace","Barricade"],"picked":"Feed","floor":16},{"not_picked":["Armaments","Shrug It Off"],"picked":"Burning Pact","floor":17},{"not_picked":["Corruption","Wild Strike"],"picked":"Twin Strike+1","floor":18},{"not_picked":["Clash","Pommel Strike"],"picked":"Battle Trance","floor":22},{"not_picked":["Impervious","Berserk"],"picked":"Cleave+1","floor":24},{"not_picked":["Warcry","Anger+1","Havoc"],"picked":"SKIP","floor":25},{"not_picked":["Headbutt","Searing Blow+1","Perfected Strike"],"picked":"SKIP","floor":27},{"not_picked":["Headbutt","Berserk"],"picked":"Inflame","floor":28},{"not_picked":["Thunderclap","Perfected Strike"],"picked":"Clash+1","floor":29},{"not_picked":["Fire Breathing","Shrug It Off","True Grit"],"picked":"SKIP","floor":31}],"player_experience":136604,"relics_obtained":[{"floor":9,"key":"Bottled Tornado"},{"floor":12,"key":"Vajra"},{"floor":21,"key":"Necronomicon"},{"floor":24,"key":"Lantern"},{"floor":26,"key":"Bag of Preparation"},{"floor":27,"key":"Pear"}],"event_choices":[{"event_name":"The Cleric","player_choice":"Card Removal","floor":4,"damage_taken":0},{"event_name":"Addict","player_choice":"Obtained Relic","floor":19,"damage_taken":0},{"event_name":"Cursed Tome","player_choice":"Obtained Book","floor":21,"damage_taken":0},{"event_name":"The Mausoleum","player_choice":"Yes","floor":30,"damage_taken":0}],"is_beta":false,"boss_relics":[{"not_picked":["Cursed Key","Pandora\u0027s Box"],"picked":"Tiny House"}],"items_purged_floors":[11,20],"is_endless":false,"potions_floor_spawned":[1,5,7,10,16,18,25],"killed_by":"Automaton","ascension_level":0}