{"gold_per_floor":[109,284,301,226,242,242,260,286,286,298,298,101,118,143,143,238,238,252,252,252,272,292,292,310,323,323,357,357,374,388,402,402,502,502,517,517,96,107,3,32,32,48,48,48,83,83,93,110,110,110],"floor_reached":50,"playtime":2342,"items_purged":["Doubt","Strike_R","Defend_R+1"],"score":646,"play_id":"c1087337-22fa-4bd1-97b6-deb4a37759e8","local_time":"20190205203759","is_ascension_mode":true,"campfire_choices":[{"data":"Bash","floor":6,"key":"SMITH"},{"data":"True Grit","floor":11,"key":"SMITH"},{"floor":15,"key":"REST"},{"floor":23,"key":"RECALL"},{"floor":32,"key":"REST"},{"floor":41,"key":"REST"},{"data":"1","floor":44,"key":"LIFT"},{"floor":46,"key":"REST"},{"floor":49,"key":"REST"}],"neow_cost":"NONE","seed_source_timestamp":2407622764945592,"circlet_count":0,"master_deck":["Strike_R+1","Strike_R+1","Strike_R+1","Defend_R+1","Defend_R+1","Defend_R+1","Bash+1","Sword Boomerang+1","Anger","Carnage","Headbutt","Rampage","Uppercut+1","True Grit+1","Finesse","Whirlwind","Cleave","Carnage+1","Finesse","Headbutt","Flame Barrier","Infernal Blade+1","Shrug It Off+1","Thunderclap","Battle Trance+1","True Grit+1","Madness+1","Madness+1","Flame Barrier+1","Headbutt","True Grit+1","Iron Wave+1","Carnage+1"],"relics":["Burning Blood","Ancient Tea Set","Bronze Scales","Paper Frog","Fusion Hammer","Toxic Egg 2","Whetstone","White Beast Statue","Lantern","Boot","Girya","Dodecahedron","Orichalcum"],"potions_floor_usage":[7,27,29,40,40,50,50,50],"damage_taken":[{"damage":2,"enemies":"Jaw Worm","floor":1,"turns":3},{"damage":10,"enemies":"2 Louse","floor":3,"turns":2},{"damage":8,"enemies":"Small Slimes","floor":5,"turns":2},{"damage":13,"enemies":"Exordium Thugs","floor":7,"turns":3},{"damage":8,"enemies":"Gremlin Nob","floor":8,"turns":3},{"damage":9,"enemies":"3 Louse","floor":10,"turns":3},{"damage":0,"enemies":"Large Slime","floor":13,"turns":3},{"damage":20,"enemies":"3 Sentries","floor":14,"turns":6},{"damage":44,"enemies":"Hexaghost","floor":16,"turns":7},{"damage":1,"enemies":"Chosen","floor":18,"turns":3},{"damage":3,"enemies":"Spheric Guardian","floor":21,"turns":3},{"damage":8,"enemies":"Snake Plant","floor":22,"turns":2},{"damage":11,"enemies":"Sentry and Sphere","floor":24,"turns":3},{"damage":27,"enemies":"Centurion and Healer","floor":25,"turns":5},{"damage":21,"enemies":"Book of Stabbing","floor":27,"turns":4},{"damage":4,"enemies":"Shelled Parasite and Fungi","floor":29,"turns":3},{"damage":2,"enemies":"Cultist and Chosen","floor":30,"turns":5},{"damage":4,"enemies":"Chosen and Byrds","floor":31,"turns":3},{"damage":66,"enemies":"Champ","floor":33,"turns":9},{"damage":11,"enemies":"3 Shapes","floor":35,"turns":3},{"damage":8,"enemies":"Orb Walker","floor":38,"turns":2},{"damage":25,"enemies":"Reptomancer","floor":40,"turns":6},{"damage":1,"enemies":"Jaw Worm Horde","floor":42,"turns":4},{"damage":56,"enemies":"Nemesis","floor":45,"turns":7},{"damage":16,"enemies":"3 Darklings","floor":47,"turns":4},{"damage":0,"enemies":"Transient","floor":48,"turns":5},{"damage":73,"enemies":"Time Eater","floor":50,"turns":7}],"seed_played":"-6441260796565302451","potions_obtained":[{"floor":5,"key":"AttackPotion"},{"floor":7,"key":"SkillPotion"},{"floor":13,"key":"Fire Potion"},{"floor":22,"key":"PowerPotion"},{"floor":31,"key":"Explosive Potion"},{"floor":33,"key":"Block Potion"},{"floor":35,"key":"SneckoOil"},{"floor":38,"key":"Ancient Potion"},{"floor":40,"key":"FearPotion"},{"floor":42,"key":"Strength Potion"}],"is_trial":false,"path_per_floor":["M","?","M","$","M","R","M","E","T","M","R","$","M","E","R","B",null,"M","?","?","M","M","R","M","M","T","E","?","M","M","M","R","B",null,"M","?","$","M","?","E","R","M","T","R","E","R","M","M","R","B"],"character_chosen":"IRONCLAD","items_purchased":["Finesse","Flame Barrier+1","Lantern","Headbutt","True Grit+1"],"campfire_rested":5,"item_purchase_floors":[12,37,37,37,37],"current_hp_per_floor":[80,80,76,76,74,74,67,65,65,62,62,62,68,54,78,40,80,80,80,80,80,78,78,73,52,52,37,37,39,43,45,69,9,80,75,65,65,63,63,44,68,73,73,73,23,47,37,43,67,0],"gold":110,"neow_bonus":"TRANSFORM_CARD","is_prod":false,"is_daily":false,"chose_seed":false,"campfire_upgraded":2,"win_rate":0,"timestamp":1549417079,"path_taken":["M","?","M","$","M","R","M","E","T","M","R","$","M","E","R","BOSS","M","?","?","M","?","R","M","M","T","E","?","M","M","M","R","BOSS","M","?","$","M","?","E","R","?","T","R","E","R","M","M","R","BOSS"],"build_version":"2019-01-23","purchased_purges":3,"victory":false,"max_hp_per_floor":[80,80,80,80,80,80,80,80,80,80,80,80,80,80,80,80,80,80,80,80,80,80,80,80,80,80,80,80,80,80,80,80,80,80,80,80,80,80,80,80,80,80,80,80,80,80,80,80,80,80],"card_choices":[{"not_picked":["Sword Boomerang","Corruption"],"picked":"Anger","floor":1},{"not_picked":["Rupture","Rage"],"picked":"Carnage","floor":3},{"not_picked":["Thunderclap","Clothesline"],"picked":"Headbutt","floor":5},{"not_picked":["Heavy Blade","Combust"],"picked":"Rampage","floor":7},{"not_picked":["Pommel Strike","Perfected Strike"],"picked":"Uppercut","floor":8},{"not_picked":["Twin Strike","Heavy Blade"],"picked":"True Grit","floor":10},{"not_picked":["Power Through","Clothesline"],"picked":"Whirlwind","floor":13},{"not_picked":["Warcry","Fire Breathing"],"picked":"Cleave","floor":14},{"not_picked":["Heavy Blade+1","Second Wind"],"picked":"Carnage+1","floor":18},{"not_picked":["True Grit","Blood for Blood","Pommel Strike"],"picked":"SKIP","floor":21},{"not_picked":["Sword Boomerang+1","Body Slam"],"picked":"Headbutt","floor":22},{"not_picked":["Second Wind","Fire Breathing+1"],"picked":"Flame Barrier","floor":24},{"not_picked":["Anger","Pummel+1"],"picked":"Infernal Blade+1","floor":25},{"not_picked":["Thunderclap","Warcry+1"],"picked":"Shrug It Off+1","floor":27},{"not_picked":["Clash","Metallicize+1","Havoc+1"],"picked":"SKIP","floor":29},{"not_picked":["Twin Strike","Blood for Blood+1","Sword Boomerang"],"picked":"SKIP","floor":30},{"not_picked":["Heavy Blade","Body Slam"],"picked":"Battle Trance+1","floor":31},{"not_picked":["Inflame","Armaments+1"],"picked":"True Grit+1","floor":35},{"not_picked":["Whirlwind","Perfected Strike+1","Armaments+1"],"picked":"SKIP","floor":38},{"not_picked":["Sever Soul","Evolve","Combust+1"],"picked":"SKIP","floor":40},{"not_picked":["Warcry+1","Body Slam"],"picked":"Iron Wave+1","floor":42},{"not_picked":["Wild Strike","Flex+1"],"picked":"Carnage+1","floor":45},{"not_picked":["Heavy Blade+1","Blood for Blood","Havoc+1"],"picked":"SKIP","floor":47},{"not_picked":["Rampage","Cleave","Perfected Strike+1"],"picked":"SKIP","floor":48}],"player_experience":147728,"relics_obtained":[{"floor":8,"key":"Ancient Tea Set"},{"floor":9,"key":"Bronze Scales"},{"floor":14,"key":"Paper Frog"},{"floor":26,"key":"Toxic Egg 2"},{"floor":27,"key":"Whetstone"},{"floor":40,"key":"Girya"},{"floor":43,"key":"Dodecahedron"},{"floor":45,"key":"Orichalcum"}],"event_choices":[{"damage_healed":0,"gold_gain":175,"player_choice":"AGREE","damage_taken":0,"max_hp_gain":0,"max_hp_loss":0,"event_name":"Liars Game","floor":2,"gold_loss":0,"cards_obtained":["Doubt"]},{"damage_healed":0,"gold_gain":0,"player_choice":"Simplicity","damage_taken":0,"max_hp_gain":0,"max_hp_loss":0,"event_name":"Back to Basics","floor":19,"gold_loss":0,"cards_upgraded":["Strike_R","Strike_R","Strike_R","Defend_R","Defend_R","Defend_R","Defend_R"]},{"damage_healed":0,"gold_gain":0,"player_choice":"Copied","damage_taken":0,"max_hp_gain":0,"max_hp_loss":0,"event_name":"Duplicator","floor":20,"gold_loss":0,"cards_obtained":["Finesse"]},{"damage_healed":0,"gold_gain":0,"player_choice":"1 cards matched","damage_taken":0,"max_hp_gain":0,"max_hp_loss":0,"event_name":"Match and Keep!","floor":28,"gold_loss":0,"cards_obtained":["Thunderclap"]},{"damage_healed":0,"gold_gain":0,"player_choice":"Embrace Madness","damage_taken":10,"max_hp_gain":0,"max_hp_loss":0,"event_name":"Winding Halls","floor":36,"gold_loss":0,"cards_obtained":["Madness","Madness"]},{"damage_healed":0,"gold_gain":0,"player_choice":"Paid Gold","damage_taken":0,"relics_obtained":["Boot"],"max_hp_gain":0,"max_hp_loss":0,"event_name":"WeMeetAgain","floor":39,"gold_loss":104}],"is_beta":false,"boss_relics":[{"not_picked":["Cursed Key","Coffee Dripper"],"picked":"Fusion Hammer"},{"not_picked":["Busted Crown","Astrolabe"],"picked":"White Beast Statue"}],"items_purged_floors":[4,12,37],"is_endless":false,"potions_floor_spawned":[5,7,13,22,25,31,33,35,38,40,42,45,47,48],"killed_by":"Time Eater","ascension_level":4}