{"gold_per_floor":[118,132,147,160,177,177,203,203,203,203,214,246,191,191],"floor_reached":14,"playtime":505,"items_purged":[],"score":204,"play_id":"6f20b39c-eeb7-4863-bc1a-170abf3fe617","local_time":"20190221212341","is_ascension_mode":true,"campfire_choices":[{"data":"Sunder","floor":6,"key":"SMITH"},{"data":"Zap","floor":8,"key":"SMITH"},{"data":"Stack","floor":10,"key":"SMITH"}],"neow_cost":"NONE","seed_source_timestamp":1337285847513300,"circlet_count":0,"master_deck":["AscendersBane","Strike_B","Strike_B","Strike_B","Strike_B","Defend_B","Defend_B","Defend_B","Defend_B","Zap+1","Dualcast","Coolheaded","Sunder+1","Seek","Stack+1","Doom and Gloom","Coolheaded","Hologram","Cold Snap"],"relics":["Cracked Core","Ice Cream","Pantograph","Blue Candle"],"potions_floor_usage":[7,12,14],"damage_taken":[{"damage":2,"enemies":"Jaw Worm","floor":1,"turns":4},{"damage":0,"enemies":"Cultist","floor":2,"turns":4},{"damage":0,"enemies":"2 Louse","floor":3,"turns":1},{"damage":19,"enemies":"Exordium Wildlife","floor":4,"turns":4},{"damage":9,"enemies":"Looter","floor":5,"turns":4},{"damage":8,"enemies":"Gremlin Nob","floor":7,"turns":3},{"damage":0,"enemies":"Exordium Thugs","floor":11,"turns":4},{"damage":20,"enemies":"3 Sentries","floor":12,"turns":7},{"damage":24,"enemies":"Gremlin Nob","floor":14,"turns":3}],"seed_played":"-3264588326165664456","potions_obtained":[{"floor":2,"key":"Block Potion"},{"floor":3,"key":"FocusPotion"},{"floor":12,"key":"PowerPotion"}],"is_trial":false,"path_per_floor":["M","M","M","M","M","R","E","R","T","R","M","E","?","E"],"character_chosen":"DEFECT","items_purchased":[],"campfire_rested":0,"item_purchase_floors":[],"current_hp_per_floor":[69,69,69,50,41,41,33,33,33,33,33,13,13,0],"gold":191,"neow_bonus":"TEN_PERCENT_HP_BONUS","is_prod":false,"is_daily":false,"chose_seed":false,"campfire_upgraded":3,"win_rate":0,"timestamp":1550813021,"path_taken":["M","M","M","M","M","R","E","R","T","R","M","E","?","E"],"build_version":"2019-01-23","purchased_purges":0,"victory":false,"max_hp_per_floor":[78,78,78,78,78,78,78,78,78,78,78,78,78,78],"card_choices":[{"not_picked":["Compile Driver","Go for the Eyes"],"picked":"Coolheaded","floor":1},{"not_picked":["Storm","Compile Driver"],"picked":"Sunder","floor":2},{"not_picked":["Turbo","Blizzard"],"picked":"Seek","floor":3},{"not_picked":["Turbo","Skim"],"picked":"Stack","floor":4},{"not_picked":["Steam","Compile Driver"],"picked":"Doom and Gloom","floor":5},{"not_picked":["Sunder","Doom and Gloom"],"picked":"Coolheaded","floor":7},{"not_picked":["Steam","Genetic Algorithm"],"picked":"Hologram","floor":11},{"not_picked":["Steam","Compile Driver"],"picked":"Cold Snap","floor":12}],"player_experience":754904,"relics_obtained":[{"floor":7,"key":"Ice Cream"},{"floor":9,"key":"Pantograph"},{"floor":12,"key":"Blue Candle"}],"event_choices":[{"damage_healed":0,"gold_gain":0,"player_choice":"Left Gold","damage_taken":0,"max_hp_gain":0,"max_hp_loss":0,"event_name":"World of Goop","floor":13,"gold_loss":55}],"is_beta":false,"boss_relics":[],"items_purged_floors":[],"is_endless":false,"potions_floor_spawned":[2,3,12],"killed_by":"Gremlin Nob","ascension_level":20}