{"gold_per_floor":[110,37,50,70,70,70,96,96,164,178,198,216,216,216,216,316,316,331,342,370,29,29,29,46,60,60,76,103,103,103,122,122,226,226,244,2,2,14,24,24],"floor_reached":40,"playtime":1677,"items_purged":[],"score":710,"play_id":"f62e6d42-bd7d-4ad6-8bce-4afe24462341","local_time":"20181029041801","is_ascension_mode":true,"campfire_choices":[{"data":"Defragment","floor":6,"key":"SMITH"},{"data":"Defragment","floor":13,"key":"SMITH"},{"data":"Chaos","floor":15,"key":"SMITH"},{"data":"Creative AI","floor":23,"key":"SMITH"},{"data":"Zap","floor":30,"key":"SMITH"},{"data":"Redo","floor":32,"key":"SMITH"}],"neow_cost":"TEN_PERCENT_HP_LOSS","seed_source_timestamp":118099019961663,"circlet_count":0,"master_deck":["Defend_B","Defend_B+1","Defend_B","Defend_B+1","Zap+1","Dualcast","AscendersBane","Self Repair","Defragment+1","Chaos+1","Cold Snap","Coolheaded","Defragment+1","Ball Lightning+1","Creative AI+1","Ball Lightning+1","Conserve Battery+1","Defragment+1","Redo+1","Cold Snap+1","Ball Lightning+1","Defragment+1","Thunder Strike+1","Ball Lightning+1","Storm","Lockon+1","Conserve Battery+1"],"relics":["Cracked Core","Anchor","Molten Egg 2","Blood Vial","White Beast Statue","Red Mask","DollysMirror","Lantern","Dodecahedron","Strawberry","Sozu","MealTicket","War Paint"],"potions_floor_usage":[16,20,20,27,33,40],"damage_taken":[{"damage":0,"enemies":"Cultist","floor":1,"turns":4},{"damage":18,"enemies":"Small Slimes","floor":3,"turns":4},{"damage":7,"enemies":"Jaw Worm","floor":4,"turns":6},{"damage":31,"enemies":"Gremlin Nob","floor":7,"turns":4},{"damage":1,"enemies":"Exordium Wildlife","floor":10,"turns":4},{"damage":0,"enemies":"Blue Slaver","floor":11,"turns":3},{"damage":0,"enemies":"3 Louse","floor":12,"turns":4},{"damage":0,"enemies":"The Guardian","floor":16,"turns":9},{"damage":32,"enemies":"3 Byrds","floor":18,"turns":4},{"damage":7,"enemies":"Chosen","floor":19,"turns":5},{"damage":0,"enemies":"Masked Bandits","floor":20,"turns":2},{"damage":11,"enemies":"Centurion and Healer","floor":24,"turns":7},{"damage":4,"enemies":"Sentry and Sphere","floor":25,"turns":6},{"damage":15,"enemies":"Snecko","floor":27,"turns":4},{"damage":8,"enemies":"Shelled Parasite and Fungi","floor":31,"turns":5},{"damage":21,"enemies":"Collector","floor":33,"turns":9},{"damage":6,"enemies":"3 Darklings","floor":35,"turns":5},{"damage":21,"enemies":"Orb Walker","floor":38,"turns":3},{"damage":17,"enemies":"Maw","floor":39,"turns":6},{"damage":85,"enemies":"Nemesis","floor":40,"turns":6}],"seed_played":"-1911284089930747376","potions_obtained":[{"floor":1,"key":"Poison Potion"},{"floor":3,"key":"SteroidPotion"},{"floor":4,"key":"Poison Potion"},{"floor":12,"key":"Swift Potion"},{"floor":18,"key":"FocusPotion"},{"floor":19,"key":"PowerPotion"},{"floor":20,"key":"Poison Potion"},{"floor":24,"key":"AttackPotion"},{"floor":25,"key":"EntropicBrew"},{"floor":27,"key":"Ancient Potion"},{"floor":33,"key":"AttackPotion"}],"is_trial":false,"path_per_floor":["M","$","M","M","?","R","E","?","T","M","M","M","R","?","R","B",null,"M","M","?","$","?","R","M","M","T","M","T","?","R","M","R","B",null,"M","$","?","M","M"],"character_chosen":"DEFECT","items_purchased":["Defragment","DollysMirror","Lantern","Storm","MealTicket"],"campfire_rested":0,"item_purchase_floors":[2,21,21,36,36],"current_hp_per_floor":[68,68,57,57,50,50,26,26,26,32,39,46,46,46,46,55,65,42,44,53,53,53,53,51,56,56,50,57,57,57,58,58,46,68,71,71,71,52,44,0],"gold":24,"neow_bonus":"REMOVE_TWO","is_prod":false,"is_daily":false,"chose_seed":false,"campfire_upgraded":6,"win_rate":0,"timestamp":1540811881,"path_taken":["M","?","M","M","?","R","E","?","T","M","M","M","R","?","R","BOSS","M","M","?","$","?","R","M","?","T","M","?","?","R","M","R","BOSS","M","$","?","M","M","E"],"build_version":"2018-10-25v2","purchased_purges":0,"victory":false,"max_hp_per_floor":[68,68,68,68,68,68,68,68,68,68,68,68,68,68,68,68,68,68,68,68,68,68,68,68,68,68,68,75,75,75,75,75,75,75,75,75,75,75,75,75],"card_choices":[{"not_picked":["Conserve Battery","Leap"],"picked":"Self Repair","floor":1},{"not_picked":["Cold Snap","Beam Cell"],"picked":"Chaos","floor":3},{"not_picked":["Go for the Eyes","Double Energy"],"picked":"Cold Snap","floor":4},{"not_picked":["All For One","Skim","Aggregate"],"picked":"SKIP","floor":7},{"not_picked":["Hello World","Redo"],"picked":"Coolheaded","floor":10},{"not_picked":["Streamline+1","Cold Snap+1"],"picked":"Defragment","floor":11},{"not_picked":["Auto Shields","Loop"],"picked":"Ball Lightning+1","floor":12},{"not_picked":["Amplify","Core Surge+1"],"picked":"Creative AI","floor":16},{"not_picked":["Leap","Rebound+1"],"picked":"Ball Lightning+1","floor":18},{"not_picked":["Stack","BootSequence"],"picked":"Conserve Battery+1","floor":19},{"not_picked":["FTL+1","Beam Cell+1"],"picked":"Redo","floor":24},{"not_picked":["All For One+1","Stack"],"picked":"Cold Snap+1","floor":25},{"not_picked":["Gash+1","Turbo"],"picked":"Ball Lightning+1","floor":27},{"not_picked":["Barrage+1","Reinforced Body","Rebound+1"],"picked":"SKIP","floor":31},{"not_picked":["Fission","All For One+1"],"picked":"Thunder Strike+1","floor":33},{"not_picked":["Compile Driver+1","Steam+1"],"picked":"Ball Lightning+1","floor":35},{"not_picked":["Redo+1","Steam"],"picked":"Lockon+1","floor":38},{"not_picked":["Double Energy","Consume"],"picked":"Conserve Battery+1","floor":39}],"player_experience":323057,"relics_obtained":[{"floor":7,"key":"Anchor"},{"floor":9,"key":"Molten Egg 2"},{"floor":20,"key":"Red Mask"},{"floor":26,"key":"Dodecahedron"},{"floor":28,"key":"Strawberry"}],"event_choices":[{"cards_removed":["Strike_B"],"damage_healed":0,"gold_gain":0,"player_choice":"Card Removal","damage_taken":7,"max_hp_gain":0,"max_hp_loss":0,"event_name":"Golden Wing","floor":5,"gold_loss":0},{"cards_removed":["Strike_B"],"damage_healed":0,"gold_gain":0,"player_choice":"Offered Basic","damage_taken":0,"max_hp_gain":0,"max_hp_loss":0,"event_name":"Bonfire Elementals","floor":8,"gold_loss":0},{"damage_healed":0,"gold_gain":30,"player_choice":"Searched \u00273\u0027 times","damage_taken":0,"relics_obtained":["Blood Vial"],"max_hp_gain":0,"max_hp_loss":0,"event_name":"Dead Adventurer","floor":14,"gold_loss":0},{"damage_healed":0,"gold_gain":0,"player_choice":"Fought Bandits","damage_taken":0,"max_hp_gain":0,"max_hp_loss":0,"event_name":"Masked Bandits","floor":20,"gold_loss":0},{"damage_healed":0,"gold_gain":0,"player_choice":"Ignored","damage_taken":0,"max_hp_gain":0,"max_hp_loss":0,"event_name":"Ghosts","floor":22,"gold_loss":0},{"damage_healed":0,"gold_gain":0,"player_choice":"Copied","damage_taken":0,"max_hp_gain":0,"max_hp_loss":0,"event_name":"Duplicator","floor":29,"gold_loss":0,"cards_obtained":["Defragment"]},{"damage_healed":0,"gold_gain":0,"player_choice":"Gave Potion","damage_taken":0,"relics_obtained":["War Paint"],"max_hp_gain":0,"max_hp_loss":0,"event_name":"WeMeetAgain","floor":37,"gold_loss":0}],"is_beta":false,"boss_relics":[{"not_picked":["Pandora\u0027s Box","Velvet Choker"],"picked":"White Beast Statue"},{"not_picked":["Philosopher\u0027s Stone","Fusion Hammer"],"picked":"Sozu"}],"items_purged_floors":[],"is_endless":false,"potions_floor_spawned":[1,3,4,12,18,19,20,24,25,27,31,33,35,38,39],"killed_by":"Nemesis","ascension_level":10}