{"gold_per_floor":[109,128,128,139,158,187,187,201,226,236,236,267,267,287,287,366,366,377,390,390,11,11,11,27,27,27,77,110,110,30,60,60,136,136,149,160,160,179,3,3,3],"floor_reached":41,"playtime":2842,"items_purged":["Writhe","Defend_B"],"score":932,"play_id":"2f91b2b0-9650-4180-8996-7dfef593dc69","local_time":"20190303165617","is_ascension_mode":true,"campfire_choices":[{"data":"Zap","floor":7.0,"key":"SMITH"},{"data":"Ball Lightning","floor":11.0,"key":"SMITH"},{"data":"Biased Cognition","floor":13.0,"key":"SMITH"},{"data":"Rip and Tear","floor":15.0,"key":"SMITH"},{"data":"Capacitor","floor":23.0,"key":"SMITH"},{"data":"Go for the Eyes","floor":25.0,"key":"SMITH"},{"data":"Electrodynamics","floor":29.0,"key":"SMITH"},{"data":"Dualcast","floor":32.0,"key":"SMITH"},{"data":"Buffer","floor":40.0,"key":"SMITH"}],"neow_cost":"PERCENT_DAMAGE","seed_source_timestamp":200795997271548,"circlet_count":0,"master_deck":["AscendersBane","Strike_B","Strike_B","Defend_B","Defend_B","Zap+1","Dualcast+1","Cold Snap","Gash+1","Skim","Go for the Eyes+1","Ball Lightning+1","Genetic Algorithm","Cold Snap+1","Biased Cognition+1","Rip and Tear+1","Electrodynamics+1","Conserve Battery+1","Stack+1","Capacitor+1","Steam+1","Redo+1","Coolheaded+1","Darkness+1","Buffer+1","Hologram+1","Barrage+1","BootSequence+1","Turbo+1"],"special_seed":0,"relics":["Cracked Core","Nunchaku","Orichalcum","Pen Nib","Ancient Tea Set","Inserter","Potion Belt","Toxic Egg 2","The Courier","Whetstone","Matryoshka","White Beast Statue","DataDisk"],"potions_floor_usage":[41],"damage_taken":[{"damage":1.0,"enemies":"Cultist","floor":1.0,"turns":3.0},{"damage":5.0,"enemies":"Jaw Worm","floor":2.0,"turns":3.0},{"damage":2.0,"enemies":"2 Louse","floor":4.0,"turns":3.0},{"damage":7.0,"enemies":"Large Slime","floor":5.0,"turns":7.0},{"damage":23.0,"enemies":"3 Sentries","floor":6.0,"turns":11.0},{"damage":1.0,"enemies":"2 Fungi Beasts","floor":8.0,"turns":2.0},{"damage":2.0,"enemies":"Red Slaver","floor":10.0,"turns":3.0},{"damage":0.0,"enemies":"Gremlin Nob","floor":12.0,"turns":3.0},{"damage":0.0,"enemies":"Lots of Slimes","floor":14.0,"turns":4.0},{"damage":8.0,"enemies":"Slime Boss","floor":16.0,"turns":9.0},{"damage":20.0,"enemies":"2 Thieves","floor":18.0,"turns":4.0},{"damage":1.0,"enemies":"Chosen","floor":19.0,"turns":4.0},{"damage":0.0,"enemies":"Snecko","floor":24.0,"turns":5.0},{"damage":9.0,"enemies":"Slavers","floor":28.0,"turns":2.0},{"damage":9.0,"enemies":"Book of Stabbing","floor":31.0,"turns":5.0},{"damage":7.0,"enemies":"Collector","floor":33.0,"turns":7.0},{"damage":50.0,"enemies":"3 Darklings","floor":35.0,"turns":6.0},{"damage":1.0,"enemies":"3 Shapes","floor":36.0,"turns":4.0},{"damage":12.0,"enemies":"Transient","floor":38.0,"turns":6.0},{"damage":22,"enemies":"Giant Head","floor":41,"turns":6}],"seed_played":"1301521249576475683","potions_obtained":[{"floor":2.0,"key":"SkillPotion"},{"floor":5.0,"key":"Strength Potion"},{"floor":8.0,"key":"Regen Potion"},{"floor":10.0,"key":"Ancient Potion"},{"floor":14.0,"key":"SteroidPotion"},{"floor":19.0,"key":"AttackPotion"},{"floor":28.0,"key":"Strength Potion"},{"floor":35.0,"key":"SpeedPotion"},{"floor":36.0,"key":"Regen Potion"},{"floor":38.0,"key":"GamblersBrew"}],"is_trial":false,"path_per_floor":["M","M","?","M","M","E","R","M","T","M","R","E","R","M","R","B",null,"M","M","?","$","?","R","M","R","T","?","E","R","$","E","R","B",null,"M","M","?","M","$","R","E"],"character_chosen":"DEFECT","items_purchased":["Toxic Egg 2","Stack+1","DataDisk","Turbo+1"],"campfire_rested":0,"item_purchase_floors":[21,21,39,39],"current_hp_per_floor":[45,40,40,38,31,8,8,7,7,5,5,14,14,14,14,6,55,35,34,34,34,34,34,34,34,34,34,25,25,25,16,16,9,56,6,5,5,8,8,8,0],"gold":3,"neow_bonus":"ONE_RARE_RELIC","is_prod":false,"is_daily":false,"chose_seed":false,"campfire_upgraded":9,"win_rate":0,"timestamp":1551650177,"path_taken":["M","M","?","M","M","E","R","M","T","M","R","E","R","M","R","BOSS","M","?","?","$","?","R","M","R","T","?","E","R","$","E","R","BOSS","M","M","?","M","$","R","E"],"build_version":"2019-01-23","purchased_purges":2,"victory":false,"max_hp_per_floor":[71,71,71,71,71,71,71,71,71,71,71,71,71,71,71,71,71,71,71,71,71,71,71,71,71,71,71,71,71,71,71,71,71,71,71,71,71,71,71,71,71],"card_choices":[{"not_picked":["Steam Power","Sweeping Beam"],"picked":"Cold Snap","floor":1.0},{"not_picked":["Beam Cell","Coolheaded"],"picked":"Gash","floor":2.0},{"not_picked":["Amplify","Aggregate"],"picked":"Skim","floor":4.0},{"not_picked":["Sunder","Storm"],"picked":"Go for the Eyes","floor":5.0},{"not_picked":["Darkness","Stack"],"picked":"Ball Lightning","floor":6.0},{"not_picked":["Conserve Battery","Leap"],"picked":"Genetic Algorithm","floor":8.0},{"not_picked":["Sweeping Beam","Tempest"],"picked":"Cold Snap","floor":10.0},{"not_picked":["Cold Snap","Static Discharge"],"picked":"Biased Cognition","floor":12.0},{"not_picked":["Compile Driver","Genetic Algorithm"],"picked":"Rip and Tear","floor":14.0},{"not_picked":["Multi-Cast","Thunder Strike"],"picked":"Electrodynamics","floor":16.0},{"not_picked":["Reinforced Body+1","Hologram"],"picked":"Conserve Battery+1","floor":18.0},{"not_picked":["Leap+1","Beam Cell","Rebound"],"picked":"SKIP","floor":19.0},{"not_picked":["Heatsinks","Leap+1"],"picked":"Redo+1","floor":24.0},{"not_picked":["BootSequence+1","Static Discharge"],"picked":"Coolheaded+1","floor":28.0},{"not_picked":["Self Repair+1","Compile Driver"],"picked":"Darkness+1","floor":31.0},{"not_picked":["Hyperbeam","Multi-Cast+1"],"picked":"Buffer","floor":33.0},{"not_picked":["Barrage","Leap+1"],"picked":"Hologram+1","floor":35.0},{"not_picked":["Conserve Battery+1","Gash+1"],"picked":"Barrage+1","floor":36.0},{"not_picked":["Genetic Algorithm+1","Steam+1"],"picked":"BootSequence+1","floor":38.0}],"player_experience":667158,"relics_obtained":[{"floor":6.0,"key":"Orichalcum"},{"floor":9.0,"key":"Pen Nib"},{"floor":12.0,"key":"Ancient Tea Set"},{"floor":26.0,"key":"The Courier"},{"floor":28.0,"key":"Whetstone"},{"floor":31.0,"key":"Matryoshka"}],"event_choices":[{"cards_removed":["Strike_B"],"damage_healed":0.0,"max_hp_gain":0.0,"max_hp_loss":0.0,"gold_gain":0.0,"event_name":"Purifier","player_choice":"Purged","floor":3.0,"gold_loss":0.0,"damage_taken":0.0},{"damage_healed":0.0,"max_hp_gain":0.0,"max_hp_loss":0.0,"gold_gain":0.0,"event_name":"The Mausoleum","player_choice":"Opened","floor":20.0,"gold_loss":0.0,"damage_taken":0.0,"relics_obtained":["Potion Belt"],"cards_obtained":["Writhe"]},{"damage_healed":0.0,"max_hp_gain":0.0,"max_hp_loss":0.0,"gold_gain":0.0,"cards_transformed":["Strike_B","Defend_B"],"event_name":"Drug Dealer","player_choice":"Became Test Subject","floor":22.0,"gold_loss":0.0,"damage_taken":0.0,"cards_obtained":["Capacitor","Steam"]},{"damage_healed":0.0,"max_hp_gain":0.0,"max_hp_loss":0.0,"gold_gain":50.0,"event_name":"Nest","player_choice":"Stole From Cult","floor":27.0,"gold_loss":0.0,"damage_taken":0.0},{"damage_healed":0.0,"max_hp_gain":0.0,"max_hp_loss":0.0,"gold_gain":0.0,"event_name":"SecretPortal","player_choice":"Ignored","floor":37.0,"gold_loss":0.0,"damage_taken":0.0}],"is_beta":false,"boss_relics":[{"not_picked":["Snecko Eye","Calling Bell"],"picked":"Inserter"},{"not_picked":["Orrery","Black Star"],"picked":"White Beast Statue"}],"items_purged_floors":[21,30],"is_endless":false,"potions_floor_spawned":[2,5,8,10,14,19,28,35,36,38],"killed_by":"Giant Head","ascension_level":20}