{"path_per_floor":["M","?","?","M","$","E","M","R","T","M","M","E","M","M","R","B",null,"M","?","?","$","?","R","E","M","T","M","$","E","R","M","R"],"character_chosen":"IRONCLAD","items_purchased":["Apotheosis","Limit Break","Rampage","Pommel Strike","Purity"],"gold_per_floor":[365,365,365,383,56,81,98,98,124,138,149,180,192,204,204,302,302,322,322,247,95,95,95,154,171,171,181,58,93,93,110,110],"floor_reached":33,"campfire_rested":2,"playtime":1177,"current_hp_per_floor":[43,43,69,75,75,66,72,72,72,72,76,74,75,80,80,26,80,80,65,65,65,85,85,58,46,46,52,52,17,42,29,54],"items_purged":["Defend_R"],"gold":110,"score":297,"play_id":"2d1cb9cc-ef98-49e3-8d21-f23a0aa44ddd","is_prod":false,"is_daily":false,"is_ascension_mode":false,"campfire_upgraded":3,"path_taken":["M","?","?","M","$","E","M","R","T","?","M","E","M","M","R","BOSS","M","?","?","$","?","R","E","M","T","M","$","E","R","M","R","BOSS"],"build_version":"2018-02-22-PROD2","purchased_purges":1,"victory":false,"master_deck":["Strike_R","Strike_R","Strike_R","Strike_R","Strike_R","Defend_R","Bash","Perfected Strike","Headbutt","Apotheosis+1","Limit Break","Pommel Strike","Fiend Fire","Battle Trance+1","Warcry+1","Rampage+1","Warcry","Corruption+1","Pommel Strike","Purity","Feed","Shrug It Off"],"max_hp_per_floor":[80,80,80,80,80,80,80,80,80,80,80,80,80,80,80,80,80,80,85,85,85,85,85,85,85,85,85,85,85,85,85,85],"relics":["Burning Blood","Mummified Hand","Orichalcum","Juzu Bracelet","Sozu","Tiny Chest","Dream Catcher","Bag of Marbles"],"card_choices":[{"not_picked":["Combust","Anger"],"picked":"Perfected Strike"},{"not_picked":["Uppercut","Reckless Charge"],"picked":"Headbutt"},{"not_picked":["Clash","Exhume"],"picked":"Pummel"},{"not_picked":["Anger","True Grit"],"picked":"Pommel Strike"},{"not_picked":["Havoc","Second Wind"],"picked":"Fiend Fire"},{"not_picked":["Searing Blow","Iron Wave"],"picked":"Battle Trance"},{"not_picked":["Rampage","Seeing Red"],"picked":"Warcry"},{"not_picked":["Battle Trance","Corruption"],"picked":"Warcry"},{"not_picked":["Disarm","Body Slam"],"picked":"Corruption"},{"not_picked":["Blood for Blood","Flex"],"picked":"Feed"},{"not_picked":["Body Slam","Burning Pact"],"picked":"Shrug It Off"}],"player_experience":228534,"potions_floor_usage":[11,33],"damage_taken":[{"damage":3,"enemies":"Small Slimes","floor":1,"turns":3},{"damage":0,"enemies":"Cultist","floor":4,"turns":2},{"damage":15,"enemies":"Gremlin Nob","floor":6,"turns":4},{"damage":0,"enemies":"2 Louse","floor":7,"turns":2},{"damage":6,"enemies":"Exordium Wildlife","floor":10,"turns":3},{"damage":2,"enemies":"Lots of Slimes","floor":11,"turns":3},{"damage":8,"enemies":"3 Sentries","floor":12,"turns":6},{"damage":5,"enemies":"Large Slime","floor":13,"turns":3},{"damage":1,"enemies":"Blue Slaver","floor":14,"turns":2},{"damage":60,"enemies":"The Guardian","floor":16,"turns":9},{"damage":4,"enemies":"3 Byrds","floor":18,"turns":5},{"damage":33,"enemies":"Book of Stabbing","floor":24,"turns":4},{"damage":18,"enemies":"2 Thieves","floor":25,"turns":3},{"damage":0,"enemies":"Cultist and Chosen","floor":27,"turns":5},{"damage":41,"enemies":"Slavers","floor":29,"turns":5},{"damage":19,"enemies":"Sentry and Sphere","floor":31,"turns":4},{"damage":68,"enemies":"Automaton","floor":33,"turns":6}],"event_choices":[{"event_name":"Purifier","player_choice":"One Purge","floor":2,"damage_taken":0},{"event_name":"Big Fish","player_choice":"Banana","floor":3,"damage_taken":0},{"event_name":"Forgotten Altar","player_choice":"Shed Blood","floor":19,"damage_taken":0},{"event_name":"Beggar","player_choice":"Gave Gold","floor":20,"damage_taken":0},{"event_name":"Bonfire Elementals","player_choice":"UNCOMMON","floor":22,"damage_taken":0}],"boss_relics":[{"not_picked":["White Beast Statue","Tiny House"],"picked":"Sozu"}],"potions_floor_spawned":[1,4,7,13,14,24,31],"seed_played":"3690685581019332840","killed_by":"Automaton","ascension_level":0,"is_trial":false}