{"gold_per_floor":[115,125,145,159,159,159,171,171,171,171,171,206,223,223],"floor_reached":14,"playtime":633,"items_purged":[],"score":101,"play_id":"a4f07af7-26d7-4d30-913d-ab097b9115eb","local_time":"20190307205656","is_ascension_mode":true,"campfire_choices":[{"data":"Flame Barrier","floor":6,"key":"SMITH"},{"data":"Shrug It Off","floor":8,"key":"SMITH"},{"data":"Shrug It Off","floor":10,"key":"SMITH"}],"neow_cost":"NONE","seed_source_timestamp":1988602564960617,"circlet_count":0,"master_deck":["Strike_R","Strike_R","Strike_R","Strike_R","Strike_R","Defend_R","Defend_R","Defend_R","Defend_R","Bash","Flame Barrier+1","Shrug It Off+1","Headbutt","Iron Wave","Shrug It Off+1","Body Slam"],"relics":["Burning Blood","Ancient Tea Set","Bag of Marbles","Omamori","Blue Candle"],"potions_floor_usage":[14],"damage_taken":[{"damage":0,"enemies":"Small Slimes","floor":1,"turns":3},{"damage":7,"enemies":"Jaw Worm","floor":2,"turns":6},{"damage":0,"enemies":"Cultist","floor":3,"turns":4},{"damage":4,"enemies":"Red Slaver","floor":4,"turns":5},{"damage":1,"enemies":"Lots of Slimes","floor":7,"turns":3},{"damage":72,"enemies":"Lagavulin","floor":12,"turns":23},{"damage":10,"enemies":"2 Fungi Beasts","floor":13,"turns":4},{"damage":18,"enemies":"3 Sentries","floor":14,"turns":4}],"seed_played":"603044273623812385","potions_obtained":[{"floor":1,"key":"Energy Potion"},{"floor":2,"key":"Swift Potion"},{"floor":13,"key":"BloodPotion"}],"is_trial":false,"path_per_floor":["M","M","M","M","?","R","M","R","T","R","$","E","M","E"],"character_chosen":"IRONCLAD","items_purchased":[],"campfire_rested":0,"item_purchase_floors":[],"current_hp_per_floor":[80,79,80,80,73,73,78,78,78,78,78,12,8,0],"gold":223,"neow_bonus":"RANDOM_COMMON_RELIC","is_prod":false,"is_daily":false,"chose_seed":false,"campfire_upgraded":3,"win_rate":0,"timestamp":1552010216,"path_taken":["M","M","M","M","?","R","M","R","T","R","$","E","M","E"],"build_version":"2019-01-23","purchased_purges":0,"victory":false,"max_hp_per_floor":[80,80,80,80,80,80,80,80,80,80,80,80,80,80],"card_choices":[{"not_picked":["True Grit","Hemokinesis"],"picked":"Flame Barrier","floor":1},{"not_picked":["Perfected Strike","Demon Form"],"picked":"Shrug It Off","floor":2},{"not_picked":["Heavy Blade","True Grit"],"picked":"Headbutt","floor":3},{"not_picked":["Headbutt","Heavy Blade"],"picked":"Iron Wave","floor":4},{"not_picked":["Cleave","Searing Blow"],"picked":"Shrug It Off","floor":7},{"not_picked":["Uppercut","Entrench"],"picked":"Body Slam","floor":12},{"not_picked":["Headbutt","Havoc","Rampage"],"picked":"SKIP","floor":13}],"player_experience":513361,"relics_obtained":[{"floor":9,"key":"Omamori"},{"floor":12,"key":"Blue Candle"}],"event_choices":[{"damage_healed":0,"gold_gain":0,"player_choice":"Success","damage_taken":7,"relics_obtained":["Bag of Marbles"],"max_hp_gain":0,"max_hp_loss":0,"event_name":"Scrap Ooze","floor":5,"gold_loss":0}],"is_beta":false,"boss_relics":[],"items_purged_floors":[],"is_endless":false,"potions_floor_spawned":[1,2,13],"killed_by":"3 Sentries","ascension_level":2}