{"gold_per_floor":[110,121,121,121,121,146,146,163,189,201,226,226,226,241,241,241],"floor_reached":16,"playtime":501,"items_purged":[],"score":263,"play_id":"d21f7706-5caf-41ae-8548-c5ad5ba8a263","local_time":"20180928145749","is_ascension_mode":true,"campfire_choices":[{"data":"Acrobatics","floor":7.0,"key":"SMITH"},{"data":"Prepared","floor":15.0,"key":"SMITH"}],"neow_cost":"NONE","seed_source_timestamp":42924839962713,"circlet_count":0,"master_deck":["Defend_G","Defend_G","Defend_G","Defend_G","Defend_G","Strike_G","Strike_G","Strike_G","Survivor","Neutralize","AscendersBane","Grand Finale","Quick Slash","Acrobatics+1","Leg Sweep","Footwork","Prepared+1"],"special_seed":0,"relics":["Ring of the Snake","Bag of Marbles","Pen Nib","Letter Opener","PreservedInsect"],"potions_floor_usage":[],"damage_taken":[{"damage":4.0,"enemies":"Jaw Worm","floor":1.0,"turns":7.0},{"damage":4.0,"enemies":"2 Louse","floor":2.0,"turns":3.0},{"damage":22.0,"enemies":"Lagavulin","floor":6.0,"turns":6.0},{"damage":1.0,"enemies":"Cultist","floor":8.0,"turns":5.0},{"damage":0.0,"enemies":"Blue Slaver","floor":10.0,"turns":6.0},{"damage":0.0,"enemies":"3 Sentries","floor":11.0,"turns":2.0},{"damage":0.0,"enemies":"Large Slime","floor":14.0,"turns":3.0},{"damage":7,"enemies":"Hexaghost","floor":16,"turns":8}],"seed_played":"3597437785114413046","potions_obtained":[{"floor":2.0,"key":"AttackPotion"},{"floor":8.0,"key":"Ancient Potion"},{"floor":11.0,"key":"AttackPotion"}],"is_trial":false,"path_per_floor":["M","M","?","?","?","E","R","M","T","M","E","?","?","M","R"],"character_chosen":"THE_SILENT","items_purchased":[],"campfire_rested":0,"item_purchase_floors":[],"current_hp_per_floor":[55,51,44,66,66,44,44,43,43,43,43,8,8,8,8,1],"gold":241,"neow_bonus":"ONE_RANDOM_RARE_CARD","is_prod":false,"is_daily":false,"chose_seed":false,"campfire_upgraded":2,"win_rate":0,"timestamp":1538114269,"path_taken":["M","M","?","?","?","E","R","M","T","M","E","?","?","M","R","BOSS"],"build_version":"2018-09-27","purchased_purges":0,"victory":false,"max_hp_per_floor":[66,66,66,66,66,66,66,66,66,66,66,66,66,66,66,66],"card_choices":[{"not_picked":["Quick Slash","Blur","Caltrops"],"picked":"SKIP","floor":1.0},{"not_picked":["Blur","Caltrops"],"picked":"Quick Slash","floor":1.0},{"not_picked":["Catalyst","Infinite Blades"],"picked":"Acrobatics","floor":2.0},{"not_picked":["Deadly Poison","Eviscerate"],"picked":"Leg Sweep","floor":6.0},{"not_picked":["Dodge and Roll","Footwork","Poisoned Stab"],"picked":"SKIP","floor":8.0},{"not_picked":["Dodge and Roll","Poisoned Stab"],"picked":"Footwork","floor":8.0},{"not_picked":["Accuracy","Flechettes","Quick Slash"],"picked":"SKIP","floor":10.0},{"not_picked":["Dagger Spray","Leg Sweep"],"picked":"Prepared","floor":11.0},{"not_picked":["Slice","Outmaneuver","Infinite Blades"],"picked":"SKIP","floor":14.0}],"player_experience":681975,"relics_obtained":[{"floor":6.0,"key":"Bag of Marbles"},{"floor":9.0,"key":"Pen Nib"},{"floor":11.0,"key":"Letter Opener"}],"event_choices":[{"event_name":"Golden Wing","player_choice":"Card Removal","floor":3.0,"damage_taken":0.0},{"event_name":"Big Fish","player_choice":"Banana","floor":4.0,"damage_taken":0.0},{"event_name":"Living Wall","player_choice":"Forget","floor":5.0,"damage_taken":0.0},{"event_name":"Scrap Ooze","player_choice":"success","floor":12.0,"damage_taken":35.0},{"event_name":"Dead Adventurer","player_choice":"Searched \u00272\u0027 times","floor":13.0,"damage_taken":0.0}],"is_beta":false,"boss_relics":[],"items_purged_floors":[],"is_endless":false,"potions_floor_spawned":[2,8,11],"killed_by":"Hexaghost","ascension_level":19}