{"gold_per_floor":[109,109,53,105,122,122,141,141,141,154,79,95,105,24,24,102,102,120,120,120,138,138,151,76,76,99,117,136,150,150,177,177,177],"floor_reached":33,"playtime":1271,"items_purged":["Strike_G"],"score":478,"play_id":"d905e081-715a-4731-b67d-76b43f0b5720","local_time":"20190209205007","is_ascension_mode":true,"campfire_choices":[{"floor":6.0,"key":"REST"},{"data":"Neutralize","floor":8.0,"key":"SMITH"},{"data":"Bouncing Flask","floor":15.0,"key":"SMITH"},{"floor":25,"key":"REST"},{"floor":32,"key":"REST"}],"neow_cost":"TEN_PERCENT_HP_LOSS","seed_source_timestamp":635762518315982,"circlet_count":0,"master_deck":["AscendersBane","Defend_G","Defend_G","Defend_G+1","Defend_G+1","Strike_G","Strike_G","Strike_G","Strike_G","Survivor","Neutralize+1","Dash","Backflip","Escape Plan","Poisoned Stab","Bouncing Flask+1","Adrenaline+1","Catalyst","Dash","Footwork"],"special_seed":0,"relics":["Ring of the Snake","The Specimen","Paper Crane","Velvet Choker","Orichalcum","Bronze Scales"],"potions_floor_usage":[21,33],"damage_taken":[{"damage":6.0,"enemies":"2 Louse","floor":1.0,"turns":6.0},{"damage":1.0,"enemies":"Small Slimes","floor":5.0,"turns":5.0},{"damage":0.0,"enemies":"Jaw Worm","floor":7.0,"turns":6.0},{"damage":0.0,"enemies":"Looter","floor":10.0,"turns":4.0},{"damage":3.0,"enemies":"Large Slime","floor":12.0,"turns":10.0},{"damage":5.0,"enemies":"Exordium Thugs","floor":13.0,"turns":6.0},{"damage":9.0,"enemies":"The Guardian","floor":16.0,"turns":9.0},{"damage":9.0,"enemies":"3 Byrds","floor":18.0,"turns":5.0},{"damage":8.0,"enemies":"Colosseum Slavers","floor":19.0,"turns":5.0},{"damage":0,"enemies":"Spheric Guardian","floor":21,"turns":5},{"damage":12,"enemies":"Snake Plant","floor":23,"turns":3},{"damage":8,"enemies":"Sentry and Sphere","floor":27,"turns":6},{"damage":18,"enemies":"3 Cultists","floor":28,"turns":6},{"damage":0,"enemies":"Centurion and Healer","floor":29,"turns":7},{"damage":35,"enemies":"Automaton","floor":33,"turns":12}],"seed_played":"-7430109144419308743","potions_obtained":[{"floor":5.0,"key":"EssenceOfSteel"},{"floor":10.0,"key":"Block Potion"},{"floor":12.0,"key":"Ancient Potion"},{"floor":28,"key":"Dexterity Potion"}],"is_trial":false,"path_per_floor":["M","?","$","?","M","R","M","R","T","M","?","M","M","$","R","B",null,"M","?","?","M","?","M","$","R","T","M","M","M","?","T","R","B"],"character_chosen":"THE_SILENT","items_purchased":["Backflip","Bouncing Flask"],"campfire_rested":3,"item_purchase_floors":[3,14],"current_hp_per_floor":[53,35,35,35,34,52,52,52,52,52,52,49,44,44,44,35,54,45,37,37,37,37,25,25,43,43,35,17,17,17,17,35,0],"gold":177,"neow_bonus":"ONE_RARE_RELIC","is_prod":false,"is_daily":false,"chose_seed":false,"campfire_upgraded":2,"win_rate":0,"timestamp":1549774207,"path_taken":["M","?","$","?","M","R","M","R","T","M","?","M","M","?","R","BOSS","M","?","?","M","?","M","$","R","T","?","M","M","?","?","R","BOSS"],"build_version":"2019-01-23","purchased_purges":1,"victory":false,"max_hp_per_floor":[60,60,60,60,60,60,60,60,60,60,60,60,60,60,60,60,60,60,60,60,60,60,60,60,60,60,60,60,60,60,60,60,60],"card_choices":[{"not_picked":["Slice","Dagger Spray"],"picked":"Dash","floor":1.0},{"not_picked":["Blade Dance","Slice","Underhanded Strike"],"picked":"SKIP","floor":5.0},{"not_picked":["Slice","Deflect"],"picked":"Escape Plan","floor":7.0},{"not_picked":["Prepared","Underhanded Strike","Quick Slash"],"picked":"SKIP","floor":10.0},{"not_picked":["Finisher","Reflex"],"picked":"Poisoned Stab","floor":12.0},{"not_picked":["Quick Slash","Acrobatics","Riddle With Holes"],"picked":"SKIP","floor":13.0},{"not_picked":["Grand Finale","Tools of the Trade"],"picked":"Adrenaline","floor":16.0},{"not_picked":["Outmaneuver","All Out Attack"],"picked":"Catalyst","floor":18.0},{"not_picked":["Poisoned Stab","Deadly Poison"],"picked":"Dash","floor":21},{"not_picked":["Sucker Punch","Heel Hook","Riddle With Holes"],"picked":"SKIP","floor":23},{"not_picked":["Deflect","Dagger Throw+1"],"picked":"Footwork","floor":27},{"not_picked":["Glass Knife","Reflex","Dash"],"picked":"SKIP","floor":28},{"not_picked":["Dagger Spray","Dodge and Roll","Dagger Throw+1"],"picked":"SKIP","floor":29}],"player_experience":718777,"relics_obtained":[{"floor":9.0,"key":"Paper Crane"},{"floor":26,"key":"Orichalcum"},{"floor":31,"key":"Bronze Scales"}],"event_choices":[{"damage_healed":0.0,"max_hp_gain":0.0,"max_hp_loss":0.0,"gold_gain":0.0,"event_name":"Shining Light","player_choice":"Entered Light","floor":2.0,"gold_loss":0.0,"damage_taken":18.0,"cards_upgraded":["Defend_G","Defend_G"]},{"damage_healed":0.0,"max_hp_gain":0.0,"max_hp_loss":0.0,"gold_gain":52.0,"event_name":"Golden Wing","player_choice":"Gained Gold","floor":4.0,"gold_loss":0.0,"damage_taken":0.0},{"cards_removed":["Defend_G"],"damage_healed":0.0,"max_hp_gain":0.0,"max_hp_loss":0.0,"gold_gain":0.0,"event_name":"The Cleric","player_choice":"Card Removal","floor":11.0,"gold_loss":75.0,"damage_taken":0.0},{"damage_healed":0.0,"max_hp_gain":0.0,"max_hp_loss":0.0,"gold_gain":0.0,"event_name":"Colosseum","player_choice":"Fight","floor":19.0,"gold_loss":0.0,"damage_taken":0.0},{"damage_healed":0.0,"max_hp_gain":0.0,"max_hp_loss":0.0,"gold_gain":0.0,"event_name":"Colosseum","player_choice":"Fled From Nobs","floor":19.0,"gold_loss":0.0,"damage_taken":0.0},{"damage_healed":0.0,"max_hp_gain":0.0,"max_hp_loss":0.0,"gold_gain":0.0,"event_name":"Vampires","player_choice":"Ignored","floor":20.0,"gold_loss":0.0,"damage_taken":0.0},{"damage_healed":0,"gold_gain":0,"player_choice":"Upgraded","damage_taken":0,"max_hp_gain":0,"max_hp_loss":0,"event_name":"Upgrade Shrine","floor":22,"gold_loss":0,"cards_upgraded":["Adrenaline"]},{"damage_healed":0,"gold_gain":0,"player_choice":"Ignored","damage_taken":0,"max_hp_gain":0,"max_hp_loss":0,"event_name":"Cursed Tome","floor":30,"gold_loss":0}],"is_beta":false,"boss_relics":[{"not_picked":["Ectoplasm","Lizard Tail"],"picked":"Velvet Choker"}],"items_purged_floors":[24],"is_endless":false,"potions_floor_spawned":[5,10,12,16,19,28],"killed_by":"Automaton","ascension_level":20}