{"gold_per_floor":[116,41,41,51,68,96,96,130,156,182,201,215,215],"floor_reached":13,"playtime":613,"items_purged":["Parasite"],"score":121,"play_id":"ada1d96f-88ae-4602-b1d8-3d078b77375a","local_time":"20190227092919","is_ascension_mode":true,"campfire_choices":[{"data":"Defragment","floor":7.0,"key":"SMITH"}],"neow_cost":"CURSE","seed_source_timestamp":0,"circlet_count":0,"master_deck":["Strike_B+1","Strike_B","Strike_B+1","Defend_B","Defend_B","Defend_B","Defend_B","Zap","Dualcast","Defragment+1","Hologram","BootSequence","Hologram","Heatsinks+1","Darkness","Self Repair+1"],"special_seed":0,"relics":["Cracked Core","Du-Vu Doll","Whetstone","Orichalcum","DataDisk","Frozen Egg 2"],"potions_floor_usage":[10],"damage_taken":[{"damage":0.0,"enemies":"2 Louse","floor":1.0,"turns":3.0},{"damage":1.0,"enemies":"Cultist","floor":4.0,"turns":4.0},{"damage":3.0,"enemies":"Small Slimes","floor":5.0,"turns":4.0},{"damage":24.0,"enemies":"Gremlin Nob","floor":6.0,"turns":4.0},{"damage":13.0,"enemies":"Lagavulin","floor":8.0,"turns":6.0},{"damage":21,"enemies":"3 Sentries","floor":10,"turns":7},{"damage":0,"enemies":"Blue Slaver","floor":11,"turns":3},{"damage":0,"enemies":"3 Louse","floor":12,"turns":2},{"damage":20,"enemies":"Large Slime","floor":13,"turns":4}],"seed_played":"1571369401040525001","potions_obtained":[{"floor":4.0,"key":"EssenceOfSteel"},{"floor":5.0,"key":"Swift Potion"},{"floor":6.0,"key":"SteroidPotion"},{"floor":8.0,"key":"FearPotion"}],"is_trial":false,"path_per_floor":["M","$","?","M","M","E","R","E","T","E","M","M","M"],"character_chosen":"DEFECT","items_purchased":[],"campfire_rested":0,"item_purchase_floors":[],"current_hp_per_floor":[75,72,72,71,68,44,44,31,31,10,10,10,0],"gold":215,"neow_bonus":"ONE_RARE_RELIC","is_prod":false,"is_daily":false,"chose_seed":false,"campfire_upgraded":1,"win_rate":0,"timestamp":1551248959,"path_taken":["M","$","?","M","M","E","R","E","T","E","M","M","?"],"build_version":"2019-01-23","purchased_purges":1,"victory":false,"max_hp_per_floor":[75,72,72,72,72,72,72,72,72,72,72,72,72],"card_choices":[{"not_picked":["Hologram","Self Repair"],"picked":"Defragment","floor":1.0},{"not_picked":["Stack","Gash"],"picked":"Hologram","floor":4.0},{"not_picked":["Genetic Algorithm","Heatsinks"],"picked":"BootSequence","floor":5.0},{"not_picked":["Meteor Strike","Rebound","BootSequence"],"picked":"SKIP","floor":6.0},{"not_picked":["Creative AI","Streamline"],"picked":"Hologram","floor":8.0},{"not_picked":["Gash","Hyperbeam"],"picked":"Heatsinks","floor":10},{"not_picked":["Heatsinks+1","Streamline"],"picked":"Darkness","floor":11},{"not_picked":["Tempest","Hologram"],"picked":"Self Repair+1","floor":12}],"player_experience":354422,"relics_obtained":[{"floor":6.0,"key":"Whetstone"},{"floor":8.0,"key":"Orichalcum"},{"floor":9.0,"key":"DataDisk"},{"floor":10,"key":"Frozen Egg 2"}],"event_choices":[{"cards_removed":["Strike_B"],"damage_healed":0.0,"max_hp_gain":0.0,"max_hp_loss":0.0,"gold_gain":0.0,"event_name":"Bonfire Elementals","player_choice":"Offered Basic","floor":3.0,"gold_loss":0.0,"damage_taken":0.0}],"is_beta":false,"boss_relics":[],"items_purged_floors":[2],"is_endless":false,"potions_floor_spawned":[4,5,6,8],"killed_by":"Large Slime","ascension_level":3}