{"gold_per_floor":[115,135,56,76,90,125,125,60,60,60,71,102,115,131,131,231,231,250,265,117,129,139,139,139,139,139,139,139,154,154,172,172,275,275,293,293,293,342,393,393,424,442,442,442,462,462,473,473,473,473],"floor_reached":50,"playtime":2095,"items_purged":["Strike_B"],"score":559,"play_id":"581eec6e-5066-4e28-b607-edc1b660f833","local_time":"20181223061935","is_ascension_mode":false,"campfire_choices":[{"data":"Defragment","floor":7,"key":"SMITH"},{"data":"Zap","floor":10,"key":"SMITH"},{"floor":15,"key":"REST"},{"data":"Capacitor","floor":23,"key":"SMITH"},{"data":"Chaos","floor":27,"key":"SMITH"},{"data":"Ball Lightning","floor":30,"key":"SMITH"},{"data":"Capacitor","floor":32,"key":"SMITH"},{"floor":40,"key":"REST"},{"floor":44,"key":"REST"},{"floor":49,"key":"REST"}],"neow_cost":"NONE","seed_source_timestamp":72548417423367,"circlet_count":0,"master_deck":["Zap+1","Dualcast","Genetic Algorithm","Ball Lightning","Defragment+1","Chaos+1","Ball Lightning","Multi-Cast","Tempest","Ball Lightning+1","Electrodynamics","Doom and Gloom","Doom and Gloom+1","Capacitor+1","Bite","Bite","Bite","Bite","Bite","Capacitor+1","Buffer","Chill","Electrodynamics","Madness","Madness","Chill+1","Hyperbeam","Conserve Battery"],"relics":["Cracked Core","Pear","Strawberry","Mercury Hourglass","Ornamental Fan","Sozu","Pantograph","Pandora\u0027s Box","Orichalcum","Thread and Needle","Shuriken","Emotion Chip"],"potions_floor_usage":[2,6,6,19],"damage_taken":[{"damage":6,"enemies":"Cultist","floor":1,"turns":3},{"damage":5,"enemies":"Jaw Worm","floor":2,"turns":3},{"damage":2,"enemies":"Small Slimes","floor":4,"turns":3},{"damage":5,"enemies":"2 Fungi Beasts","floor":5,"turns":3},{"damage":14,"enemies":"Lagavulin","floor":6,"turns":5},{"damage":0,"enemies":"Large Slime","floor":11,"turns":2},{"damage":21,"enemies":"Gremlin Nob","floor":12,"turns":4},{"damage":7,"enemies":"Blue Slaver","floor":13,"turns":3},{"damage":14,"enemies":"Exordium Thugs","floor":14,"turns":4},{"damage":0,"enemies":"Slime Boss","floor":16,"turns":5},{"damage":0,"enemies":"Spheric Guardian","floor":18,"turns":3},{"damage":11,"enemies":"2 Thieves","floor":19,"turns":3},{"damage":15,"enemies":"Centurion and Healer","floor":21,"turns":3},{"damage":8,"enemies":"Snecko","floor":22,"turns":4},{"damage":13,"enemies":"Snake Plant","floor":29,"turns":3},{"damage":6,"enemies":"Cultist and Chosen","floor":31,"turns":3},{"damage":69,"enemies":"Automaton","floor":33,"turns":8},{"damage":17,"enemies":"3 Shapes","floor":35,"turns":4},{"damage":42,"enemies":"2 Orb Walkers","floor":39,"turns":4},{"damage":18,"enemies":"Nemesis","floor":41,"turns":5},{"damage":9,"enemies":"Orb Walker","floor":42,"turns":3},{"damage":17,"enemies":"Spire Growth","floor":45,"turns":5},{"damage":11,"enemies":"Jaw Worm Horde","floor":47,"turns":4},{"damage":89,"enemies":"Awakened One","floor":50,"turns":9}],"seed_played":"6745784925117573223","potions_obtained":[{"floor":1,"key":"Swift Potion"},{"floor":2,"key":"Energy Potion"},{"floor":4,"key":"Block Potion"},{"floor":16,"key":"Energy Potion"}],"is_trial":false,"path_per_floor":["M","M","$","M","M","E","R","?","T","R","M","E","M","M","R","B",null,"M","M","$","M","M","R","?","?","T","R","?","M","R","M","R","B",null,"M","?","?","T","?","R","E","M","T","R","M","?","M","?","R","B"],"character_chosen":"DEFECT","items_purchased":["Defragment","Capacitor"],"campfire_rested":4,"item_purchase_floors":[3,20],"current_hp_per_floor":[76,71,71,69,64,60,60,67,67,67,67,46,39,25,54,54,99,99,88,88,73,65,65,45,45,45,45,45,40,40,40,40,12,72,57,57,48,48,12,33,19,14,14,35,24,24,15,15,36,0],"gold":473,"neow_bonus":"TEN_PERCENT_HP_BONUS","is_prod":false,"is_daily":false,"chose_seed":false,"campfire_upgraded":6,"win_rate":0,"timestamp":1545563975,"path_taken":["M","?","$","M","M","E","R","?","T","R","?","E","M","M","R","BOSS","M","M","$","M","M","R","?","?","T","R","?","M","R","M","R","BOSS","M","?","?","?","?","R","E","?","T","R","M","?","?","?","R","BOSS"],"build_version":"2018-12-20","purchased_purges":1,"victory":false,"max_hp_per_floor":[82,82,82,82,82,92,92,99,99,99,99,99,99,99,99,99,99,99,99,99,99,99,99,104,72,72,72,72,72,72,72,72,72,72,72,72,72,72,72,72,72,72,72,72,72,72,72,72,72,72],"card_choices":[{"not_picked":["Auto Shields","Hologram"],"picked":"Genetic Algorithm","floor":1},{"not_picked":["FTL","Beam Cell"],"picked":"Ball Lightning","floor":2},{"not_picked":["Turbo","Hologram"],"picked":"Chaos","floor":4},{"not_picked":["Turbo","Skim"],"picked":"Ball Lightning","floor":5},{"not_picked":["Sunder","Auto Shields","Melter"],"picked":"SKIP","floor":6},{"not_picked":["Gash","Steam Power"],"picked":"Multi-Cast","floor":11},{"not_picked":["Compile Driver","Barrage","Consume"],"picked":"SKIP","floor":12},{"not_picked":["Redo","Leap"],"picked":"Tempest","floor":13},{"not_picked":["Storm","Conserve Battery"],"picked":"Ball Lightning","floor":14},{"not_picked":["Echo Form","Hyperbeam"],"picked":"Electrodynamics","floor":16},{"not_picked":["Rebound","Hello World+1"],"picked":"Doom and Gloom","floor":18},{"not_picked":["Chill+1","Stack"],"picked":"Doom and Gloom+1","floor":19},{"not_picked":["Barrage","Steam","Streamline"],"picked":"SKIP","floor":21},{"not_picked":["Conserve Battery","Gash+1","Streamline"],"picked":"SKIP","floor":22},{"not_picked":["Stack+1","Fusion","Conserve Battery"],"picked":"SKIP","floor":29},{"not_picked":["Steam+1","Heatsinks"],"picked":"Capacitor","floor":31},{"not_picked":["Machine Learning","Fission"],"picked":"Buffer","floor":33},{"not_picked":["Sunder","Steam","Cold Snap"],"picked":"SKIP","floor":35},{"not_picked":["Go for the Eyes","Sweeping Beam+1","Aggregate"],"picked":"SKIP","floor":41},{"not_picked":["Conserve Battery","Auto Shields"],"picked":"Chill+1","floor":42},{"not_picked":["Gash+1","Skim","Sweeping Beam"],"picked":"SKIP","floor":45},{"not_picked":["Doom and Gloom","Gash+1","Skim+1"],"picked":"SKIP","floor":47}],"player_experience":338867,"relics_obtained":[{"floor":6,"key":"Pear"},{"floor":9,"key":"Mercury Hourglass"},{"floor":12,"key":"Ornamental Fan"},{"floor":26,"key":"Pantograph"},{"floor":38,"key":"Orichalcum"},{"floor":39,"key":"Thread and Needle"},{"floor":41,"key":"Shuriken"},{"floor":43,"key":"Emotion Chip"}],"event_choices":[{"damage_healed":0,"gold_gain":0,"player_choice":"Paid Gold","damage_taken":0,"relics_obtained":["Strawberry"],"max_hp_gain":0,"max_hp_loss":0,"event_name":"WeMeetAgain","floor":8,"gold_loss":65},{"damage_healed":0,"gold_gain":0,"player_choice":"Shed Blood","damage_taken":25,"max_hp_gain":5,"max_hp_loss":0,"event_name":"Forgotten Altar","floor":24,"gold_loss":0},{"damage_healed":0,"gold_gain":0,"player_choice":"Became a vampire","damage_taken":0,"max_hp_gain":0,"max_hp_loss":32,"event_name":"Vampires","floor":25,"gold_loss":0,"cards_obtained":["Bite","Bite","Bite","Bite","Bite"]},{"cards_removed":["Defend_B"],"damage_healed":0,"gold_gain":0,"player_choice":"Elegance","damage_taken":0,"max_hp_gain":0,"max_hp_loss":0,"event_name":"Back to Basics","floor":28,"gold_loss":0},{"damage_healed":0,"gold_gain":0,"player_choice":"Memory 1","damage_taken":0,"max_hp_gain":0,"max_hp_loss":0,"event_name":"SensoryStone","floor":36,"gold_loss":0},{"damage_healed":0,"gold_gain":0,"player_choice":"Embrace Madness","damage_taken":9,"max_hp_gain":0,"max_hp_loss":0,"event_name":"Winding Halls","floor":37,"gold_loss":0,"cards_obtained":["Madness","Madness"]},{"damage_healed":0,"gold_gain":0,"player_choice":"Fight","damage_taken":0,"max_hp_gain":0,"max_hp_loss":0,"event_name":"Mysterious Sphere","floor":39,"gold_loss":0},{"damage_healed":0,"gold_gain":0,"player_choice":"1 cards matched","damage_taken":0,"max_hp_gain":0,"max_hp_loss":0,"event_name":"Match and Keep!","floor":46,"gold_loss":0,"cards_obtained":["Hyperbeam"]},{"damage_healed":0,"gold_gain":0,"cards_transformed":["Barrage"],"player_choice":"Transformed","damage_taken":0,"max_hp_gain":0,"max_hp_loss":0,"event_name":"Transmorgrifier","floor":48,"gold_loss":0,"cards_obtained":["Conserve Battery"]}],"is_beta":false,"boss_relics":[{"not_picked":["Lizard Tail","Snecko Eye"],"picked":"Sozu"},{"not_picked":["Calling Bell","Fusion Hammer"],"picked":"Pandora\u0027s Box"}],"items_purged_floors":[20],"is_endless":false,"potions_floor_spawned":[1,2,4,16,19,29,31,35],"killed_by":"Awakened One","ascension_level":0}