{"gold_per_floor":[117,42,117,117,117,117,152,152,152,170,3,30,30,30,30,30],"floor_reached":16,"playtime":282,"items_purged":[],"score":252,"play_id":"012af8cc-e5cb-4dad-930f-f4a33968a8e9","local_time":"20190116211119","is_ascension_mode":true,"campfire_choices":[{"data":"Zap","floor":6,"key":"SMITH"},{"data":"Cold Snap","floor":8,"key":"SMITH"},{"data":"Tempest","floor":13,"key":"SMITH"},{"data":"Capacitor","floor":15,"key":"SMITH"}],"neow_cost":"NONE","seed_source_timestamp":669373958564051,"circlet_count":0,"master_deck":["AscendersBane","Strike_B","Strike_B","Defend_B","Defend_B","Defend_B","Defend_B","Zap+1","Dualcast","Cold Snap+1","Rebound","Tempest+1","Capacitor+1","Rip and Tear","Thunder Strike"],"relics":["Cracked Core","NeowsBlessing","Kunai","Bottled Lightning","Gremlin Horn","Oddly Smooth Stone"],"potions_floor_usage":[12],"damage_taken":[{"damage":0,"enemies":"2 Louse","floor":1,"turns":1},{"damage":0,"enemies":"Lagavulin","floor":7,"turns":1},{"damage":0,"enemies":"Jaw Worm","floor":10,"turns":1},{"damage":4,"enemies":"Gremlin Nob","floor":12,"turns":3},{"damage":42,"enemies":"Slime Boss","floor":16,"turns":6}],"seed_played":"-5154737982097759078","potions_obtained":[{"floor":7,"key":"LiquidBronze"},{"floor":10,"key":"FocusPotion"}],"is_trial":false,"path_per_floor":["M","?","?","?","T","R","E","R","T","M","$","E","R","$","R","B"],"character_chosen":"DEFECT","items_purchased":["Capacitor","Rip and Tear"],"campfire_rested":0,"item_purchase_floors":[11,11],"current_hp_per_floor":[64,64,53,46,46,46,46,46,46,46,46,42,42,42,42,0],"gold":30,"neow_bonus":"THREE_ENEMY_KILL","is_prod":false,"is_daily":false,"chose_seed":false,"campfire_upgraded":4,"win_rate":0,"timestamp":1547691079,"path_taken":["M","?","?","?","?","R","E","R","T","M","$","E","R","?","R","BOSS"],"build_version":"2019-01-16","purchased_purges":0,"victory":false,"max_hp_per_floor":[71,71,71,71,71,71,71,71,71,71,71,71,71,71,71,71],"card_choices":[{"not_picked":["Steam","Turbo"],"picked":"Cold Snap","floor":1},{"not_picked":["Stack","Redo"],"picked":"Rebound","floor":7},{"not_picked":["Turbo","Aggregate"],"picked":"Tempest","floor":10},{"not_picked":["Auto Shields","Go for the Eyes"],"picked":"Thunder Strike","floor":12}],"player_experience":463414,"relics_obtained":[{"floor":5,"key":"Kunai"},{"floor":7,"key":"Bottled Lightning"},{"floor":9,"key":"Gremlin Horn"},{"floor":12,"key":"Oddly Smooth Stone"}],"event_choices":[{"cards_removed":["Strike_B"],"damage_healed":0,"gold_gain":0,"player_choice":"Card Removal","damage_taken":0,"max_hp_gain":0,"max_hp_loss":0,"event_name":"The Cleric","floor":2,"gold_loss":75},{"damage_healed":0,"gold_gain":75,"player_choice":"Gather Gold","damage_taken":11,"max_hp_gain":0,"max_hp_loss":0,"event_name":"World of Goop","floor":3,"gold_loss":0},{"cards_removed":["Strike_B"],"damage_healed":0,"gold_gain":0,"player_choice":"Card Removal","damage_taken":7,"max_hp_gain":0,"max_hp_loss":0,"event_name":"Golden Wing","floor":4,"gold_loss":0}],"is_beta":true,"boss_relics":[],"items_purged_floors":[],"is_endless":false,"potions_floor_spawned":[7,10],"killed_by":"Slime Boss","ascension_level":19}