{"gold_per_floor":[11,27,27,47,47,47,77,91,91,111,111,125,156,6,6,104,104,85,184,184,203,221,221,250,266,266,266,95,130,142,169,169,271,271,289,289,21,21,21],"floor_reached":40,"playtime":2336,"items_purged":["Strike_G","Strike_G","Strike_G"],"score":868,"play_id":"61839bdb-643d-4557-b3c3-9001cf783876","local_time":"20180930121211","is_ascension_mode":true,"campfire_choices":[{"data":"Noxious Fumes","floor":6,"key":"SMITH"},{"data":"Footwork","floor":11,"key":"SMITH"},{"data":"Cloak And Dagger","floor":15,"key":"SMITH"},{"data":"Strike_G","floor":23,"key":"PURGE"},{"data":"Writhe","floor":27,"key":"PURGE"},{"data":"Noxious Fumes","floor":32,"key":"SMITH"}],"neow_cost":"NO_GOLD","seed_source_timestamp":1359073748789743,"circlet_count":0,"master_deck":["Defend_G","Defend_G","Defend_G","Defend_G","Survivor","Neutralize","Masterful Stab","Cloak And Dagger+1","Noxious Fumes+1","PiercingWail","PiercingWail","Footwork+1","Flying Knee","Caltrops","Blur","Malaise","Quick Slash+1","Blur","Noxious Fumes+1","Noxious Fumes+1","Blur+1","Tools of the Trade","After Image","Madness","Madness"],"relics":["Ring of the Snake","Calipers","Thread and Needle","Pocketwatch","Blood Vial","Sozu","Peace Pipe","Mango","Prayer Wheel","Shuriken","Regal Pillow","Busted Crown","Anchor"],"potions_floor_usage":[25],"damage_taken":[{"damage":0,"enemies":"2 Louse","floor":1,"turns":3},{"damage":0,"enemies":"Cultist","floor":2,"turns":4},{"damage":0,"enemies":"Jaw Worm","floor":4,"turns":4},{"damage":18,"enemies":"Gremlin Nob","floor":7,"turns":5},{"damage":0,"enemies":"Large Slime","floor":8,"turns":3},{"damage":0,"enemies":"Looter","floor":10,"turns":3},{"damage":0,"enemies":"2 Fungi Beasts","floor":12,"turns":3},{"damage":0,"enemies":"Lagavulin","floor":13,"turns":7},{"damage":0,"enemies":"The Guardian","floor":16,"turns":10},{"damage":3,"enemies":"2 Thieves","floor":18,"turns":4},{"damage":2,"enemies":"Spheric Guardian","floor":21,"turns":6},{"damage":10,"enemies":"3 Cultists","floor":22,"turns":7},{"damage":0,"enemies":"Gremlin Leader","floor":24,"turns":9},{"damage":0,"enemies":"Centurion and Healer","floor":25,"turns":6},{"damage":0,"enemies":"Book of Stabbing","floor":29,"turns":6},{"damage":0,"enemies":"Cultist and Chosen","floor":30,"turns":7},{"damage":3,"enemies":"Gremlin Leader","floor":31,"turns":7},{"damage":0,"enemies":"Champ","floor":33,"turns":12},{"damage":0,"enemies":"3 Shapes","floor":35,"turns":4},{"damage":30,"enemies":"Awakened One","floor":39,"turns":18}],"seed_played":"4126825915319217302","potions_obtained":[{"floor":1,"key":"Block Potion"},{"floor":2,"key":"Swift Potion"},{"floor":10,"key":"SpeedPotion"},{"floor":13,"key":"Block Potion"}],"is_trial":false,"path_per_floor":["M","M","$","M","?","R","E","M","T","M","R","M","E","$","R","B",null,"M","?","?","M","M","R","E","M","T","R","$","E","M","E","R","B",null,"M","?","$","?","B"],"character_chosen":"THE_SILENT","items_purchased":["Blur","Noxious Fumes","Anchor"],"campfire_rested":0,"item_purchase_floors":[14,28,37],"current_hp_per_floor":[70,70,70,70,70,70,52,52,52,52,52,52,52,52,52,54,70,67,67,67,67,59,59,75,77,77,77,77,79,81,80,80,82,84,84,73,73,73,45],"gold":21,"neow_bonus":"REMOVE_TWO","is_prod":false,"is_daily":false,"chose_seed":false,"campfire_upgraded":4,"win_rate":0,"timestamp":1538323931,"path_taken":["M","M","$","M","?","R","E","M","T","?","R","M","E","?","R","BOSS","M","?","?","M","?","R","E","?","T","R","?","E","M","E","R","BOSS","M","?","$","?","BOSS"],"build_version":"2018-09-27","purchased_purges":3,"victory":true,"max_hp_per_floor":[70,70,70,70,70,70,70,70,70,70,70,70,70,70,70,70,70,70,70,70,70,70,70,84,84,84,84,84,84,84,84,84,84,84,84,84,84,84,84],"card_choices":[{"not_picked":["Accuracy","Bane"],"picked":"Masterful Stab","floor":1},{"not_picked":["Quick Slash","Setup"],"picked":"Cloak And Dagger","floor":2},{"not_picked":["Deadly Poison","Catalyst"],"picked":"Noxious Fumes","floor":4},{"not_picked":["Slice","Bane"],"picked":"PiercingWail","floor":7},{"not_picked":["Bane","Storm of Steel"],"picked":"PiercingWail","floor":8},{"not_picked":["Cloak And Dagger","Terror"],"picked":"Footwork","floor":10},{"not_picked":["Expertise","Bane"],"picked":"Flying Knee","floor":12},{"not_picked":["Underhanded Strike","Masterful Stab"],"picked":"Caltrops","floor":13},{"not_picked":["Die Die Die","Venomology"],"picked":"Malaise","floor":16},{"not_picked":["Flying Knee","Dodge and Roll"],"picked":"Quick Slash+1","floor":18},{"not_picked":["Masterful Stab","Endless Agony","Accuracy+1"],"picked":"SKIP","floor":21},{"not_picked":["Dodge and Roll","Underhanded Strike","Concentrate"],"picked":"SKIP","floor":22},{"not_picked":["Bane","Phantasmal Killer"],"picked":"Blur","floor":24},{"not_picked":["Sucker Punch","Dagger Throw","Flying Knee"],"picked":"SKIP","floor":25},{"not_picked":["Night Terror","Poisoned Stab"],"picked":"Noxious Fumes+1","floor":29},{"not_picked":["Acrobatics","Dagger Throw+1"],"picked":"Blur+1","floor":30},{"not_picked":["Reflex","Blade Dance+1","Calculated Gamble"],"picked":"SKIP","floor":30},{"not_picked":["Backstab","Cloak And Dagger+1"],"picked":"Tools of the Trade","floor":31},{"not_picked":["Bullet Time","Unload"],"picked":"After Image","floor":33},{"not_picked":["Prepared"],"picked":"SKIP","floor":35},{"not_picked":["Slice"],"picked":"SKIP","floor":35}],"player_experience":288577,"relics_obtained":[{"floor":7,"key":"Thread and Needle"},{"floor":9,"key":"Pocketwatch"},{"floor":13,"key":"Blood Vial"},{"floor":24,"key":"Mango"},{"floor":26,"key":"Prayer Wheel"},{"floor":29,"key":"Shuriken"},{"floor":31,"key":"Regal Pillow"}],"event_choices":[{"event_name":"WeMeetAgain","player_choice":"Potion","floor":5,"damage_taken":0},{"event_name":"Nest","player_choice":"Stole From Cult","floor":19,"damage_taken":0},{"event_name":"The Mausoleum","player_choice":"Yes","floor":20,"damage_taken":0},{"event_name":"Winding Halls","player_choice":"Embrace Madness","floor":36,"damage_taken":0},{"event_name":"SecretPortal","player_choice":"Took Portal.","floor":38,"damage_taken":0}],"is_beta":false,"boss_relics":[{"not_picked":["Cursed Key","Orrery"],"picked":"Sozu"},{"not_picked":["Philosopher\u0027s Stone","HoveringKite"],"picked":"Busted Crown"}],"items_purged_floors":[14,28,37],"is_endless":false,"potions_floor_spawned":[1,2,10,13,16,18,24,31],"ascension_level":1}