{"gold_per_floor":[113,131,19,33,44,75,75,75,99,0,0,0,29,48,48,153,153,166,166],"floor_reached":19,"playtime":1560,"items_purged":["Strike_B"],"score":272,"play_id":"13d41ee1-f833-478a-b4a5-0658edf450d4","local_time":"20180927181007","is_ascension_mode":true,"campfire_choices":[{"data":"Zap","floor":7,"key":"SMITH"},{"data":"Coolheaded","floor":12,"key":"SMITH"},{"data":"Blizzard","floor":15,"key":"SMITH"}],"neow_cost":"NONE","seed_source_timestamp":6848660409052040,"circlet_count":0,"master_deck":["Strike_B","Strike_B","Defend_B","Defend_B","Defend_B","Defend_B","Zap+1","Dualcast","Amplify","Auto Shields","Cold Snap","Heatsinks","Sunder","Ball Lightning","Blizzard+1","Coolheaded+1","Loop","Hello World","Coolheaded","Creative AI","Lockon","Darkness","Conserve Battery","Leap","Ball Lightning","Streamline"],"relics":["Cracked Core","Vajra","Anchor","Centennial Puzzle","Boot","Orrery"],"potions_floor_usage":[6,19,19,19],"damage_taken":[{"damage":2,"enemies":"2 Louse","floor":1,"turns":2},{"damage":7,"enemies":"Small Slimes","floor":2,"turns":4},{"damage":0,"enemies":"Cultist","floor":4,"turns":3},{"damage":3,"enemies":"Exordium Thugs","floor":5,"turns":4},{"damage":18,"enemies":"Lagavulin","floor":6,"turns":6},{"damage":6,"enemies":"3 Sentries","floor":13,"turns":7},{"damage":1,"enemies":"Blue Slaver","floor":14,"turns":3},{"damage":0,"enemies":"Slime Boss","floor":16,"turns":6},{"damage":27,"enemies":"Shell Parasite","floor":18,"turns":8},{"damage":38,"enemies":"Colosseum Slavers","floor":19,"turns":5},{"damage":10,"enemies":"Colosseum Nobs","floor":19,"turns":2}],"seed_played":"-6583068672004182333","potions_obtained":[{"floor":4,"key":"Weak Potion"},{"floor":5,"key":"Ancient Potion"},{"floor":6,"key":"EssenceOfSteel"},{"floor":13,"key":"EssenceOfSteel"}],"is_trial":false,"path_per_floor":["M","M","$","M","M","E","R","?","T","$","?","R","E","M","R","B",null,"M"],"character_chosen":"DEFECT","items_purchased":["Heatsinks","Coolheaded","Loop"],"campfire_rested":0,"item_purchase_floors":[3,10,10],"current_hp_per_floor":[73,66,66,66,63,45,45,38,38,38,31,31,25,24,24,24,75,48,0],"gold":166,"neow_bonus":"ONE_RANDOM_RARE_CARD","is_prod":false,"is_daily":false,"chose_seed":false,"campfire_upgraded":3,"win_rate":0,"timestamp":1538097007,"path_taken":["M","M","$","M","M","E","R","?","T","$","?","R","E","M","R","BOSS","M","?"],"build_version":"2018-09-27","purchased_purges":1,"victory":false,"max_hp_per_floor":[75,75,75,75,75,75,75,75,75,75,75,75,75,75,75,75,75,75,75],"card_choices":[{"not_picked":["Compile Driver","Barrage"],"picked":"Auto Shields","floor":1},{"not_picked":["Scrape","Chaos"],"picked":"Cold Snap","floor":2},{"not_picked":["Compile Driver","Rip and Tear"],"picked":"Sunder","floor":4},{"not_picked":["Coolheaded","BootSequence"],"picked":"Ball Lightning","floor":5},{"not_picked":["Barrage","Rip and Tear"],"picked":"Blizzard","floor":6},{"not_picked":["Go for the Eyes","Auto Shields"],"picked":"Hello World","floor":13},{"not_picked":["Turbo","Genetic Algorithm"],"picked":"Coolheaded","floor":14},{"not_picked":["Core Surge","Electrodynamics"],"picked":"Creative AI","floor":16},{"not_picked":["Skim","Beam Cell"],"picked":"Lockon","floor":17},{"not_picked":["Steam","Melter"],"picked":"Darkness","floor":17},{"not_picked":["Sweeping Beam","Sunder"],"picked":"Conserve Battery","floor":17},{"not_picked":["Sweeping Beam","Turbo"],"picked":"Leap","floor":17},{"not_picked":["Gash","Fusion"],"picked":"Ball Lightning","floor":17},{"not_picked":["Auto Shields","Barrage"],"picked":"Streamline","floor":18}],"player_experience":173277,"relics_obtained":[{"floor":6,"key":"Vajra"},{"floor":9,"key":"Anchor"},{"floor":13,"key":"Boot"}],"event_choices":[{"event_name":"Golden Wing","player_choice":"Card Removal","floor":8,"damage_taken":0},{"event_name":"Scrap Ooze","player_choice":"success","floor":11,"damage_taken":7},{"event_name":"Colosseum","player_choice":"Fight","floor":19,"damage_taken":0},{"event_name":"Colosseum","player_choice":"Fought Nobs","floor":19,"damage_taken":0}],"is_beta":false,"boss_relics":[{"not_picked":["Runic Pyramid","Philosopher\u0027s Stone"],"picked":"Orrery"}],"items_purged_floors":[3],"is_endless":false,"potions_floor_spawned":[4,5,6,13,18],"killed_by":"Colosseum Nobs","ascension_level":4}