{"gold_per_floor":[210,210,210,1,15,15,46,61,61,61,79,114,114,140,140,215,215,233,233,233,246,246,246,280,295,342,342],"floor_reached":27,"playtime":1148,"items_purged":[],"score":523,"play_id":"d13915c8-3bfc-4842-bb03-5093c61c3607","local_time":"20180707145229","is_ascension_mode":true,"campfire_choices":[{"data":"Dagger Spray","floor":6,"key":"SMITH"},{"floor":10,"key":"REST"},{"floor":13,"key":"REST"},{"data":"Blade Dance","floor":15,"key":"SMITH"},{"floor":23,"key":"REST"}],"neow_cost":"NONE","seed_source_timestamp":0,"circlet_count":0,"master_deck":["Defend_G+1","Defend_G+1","Defend_G+1","Defend_G+1","Defend_G+1","Strike_G+1","Strike_G+1","Strike_G+1","Strike_G+1","Survivor","Neutralize+1","AscendersBane","Cloak And Dagger","Footwork","Riddle With Holes","Dagger Spray+1","Flying Knee","Blade Dance+1","Backflip","Cloak And Dagger","Infinite Blades","Deflect","Phantasmal Killer","Slice","After Image","Outmaneuver","Glass Knife"],"special_seed":17719,"relics":["Ring of the Snake","Shuriken","The Specimen","Omamori","Ice Cream","Black Star","Oddly Smooth Stone","Ancient Tea Set","Juzu Bracelet"],"potions_floor_usage":[12,14,16,27],"damage_taken":[{"damage":3,"enemies":"Jaw Worm","floor":1,"turns":5},{"damage":0,"enemies":"Small Slimes","floor":5,"turns":3},{"damage":16,"enemies":"3 Sentries","floor":7,"turns":9},{"damage":3,"enemies":"2 Louse","floor":8,"turns":3},{"damage":0,"enemies":"Blue Slaver","floor":11,"turns":6},{"damage":28,"enemies":"Gremlin Nob","floor":12,"turns":4},{"damage":12,"enemies":"3 Sentries","floor":14,"turns":5},{"damage":0,"enemies":"Slime Boss","floor":16,"turns":7},{"damage":25,"enemies":"2 Thieves","floor":18,"turns":5},{"damage":15,"enemies":"Spheric Guardian","floor":21,"turns":4},{"damage":18,"enemies":"Book of Stabbing","floor":24,"turns":6},{"damage":11,"enemies":"Snake Plant","floor":25,"turns":6},{"damage":12,"enemies":"Gremlin Leader","floor":27,"turns":2}],"seed_played":"-5610983590349585426","potions_obtained":[{"floor":7,"key":"AttackPotion"},{"floor":11,"key":"SpeedPotion"},{"floor":12,"key":"AttackPotion"},{"floor":24,"key":"LiquidBronze"}],"is_trial":false,"path_per_floor":["M","?","?","$","M","R","E","M","T","R","M","E","R","E","R","B",null,"M","?","?","M","?","R","E","M","T"],"character_chosen":"THE_SILENT","items_purchased":["Footwork","Riddle With Holes","Dagger Spray"],"campfire_rested":3,"item_purchase_floors":[4,4,4],"current_hp_per_floor":[56,56,56,56,56,56,40,37,37,56,56,28,47,35,35,35,58,33,33,33,18,18,37,19,8,8,0],"gold":342,"neow_bonus":"HUNDRED_GOLD","is_prod":false,"is_daily":false,"chose_seed":false,"campfire_upgraded":2,"win_rate":0,"timestamp":1530967949,"path_taken":["M","?","?","$","M","R","E","M","T","R","M","E","R","E","R","BOSS","M","?","?","M","?","R","E","?","T","E"],"build_version":"2018-07-05","purchased_purges":0,"victory":false,"max_hp_per_floor":[66,66,66,66,66,66,66,66,66,66,66,66,66,66,66,66,66,66,66,66,66,66,66,66,66,66,66],"card_choices":[{"not_picked":["Eviscerate","Dodge and Roll"],"picked":"Cloak And Dagger","floor":1},{"not_picked":["PiercingWail","Backflip"],"picked":"Flying Knee","floor":5},{"not_picked":["Catalyst","Outmaneuver"],"picked":"Blade Dance","floor":7},{"not_picked":["Eviscerate","Slice"],"picked":"Backflip","floor":8},{"not_picked":["PiercingWail","Underhanded Strike"],"picked":"Cloak And Dagger","floor":11},{"not_picked":["Riddle With Holes","Predator"],"picked":"Infinite Blades","floor":12},{"not_picked":["Acrobatics","Slice"],"picked":"Deflect","floor":14},{"not_picked":["Bullet Time","Tactician"],"picked":"Phantasmal Killer","floor":16},{"not_picked":["Prepared","Catalyst"],"picked":"Slice","floor":18},{"not_picked":["Bane","Caltrops+1","Setup"],"picked":"SKIP","floor":21},{"not_picked":["Outmaneuver","Dagger Spray"],"picked":"Glass Knife","floor":24},{"not_picked":["Slice","Bouncing Flask","Sucker Punch"],"picked":"SKIP","floor":25}],"player_experience":767232,"relics_obtained":[{"floor":7,"key":"Shuriken"},{"floor":9,"key":"The Specimen"},{"floor":12,"key":"Omamori"},{"floor":14,"key":"Ice Cream"},{"floor":24,"key":"Oddly Smooth Stone"},{"floor":24,"key":"Ancient Tea Set"},{"floor":26,"key":"Juzu Bracelet"}],"event_choices":[{"event_name":"Living Wall","player_choice":"Grow","floor":2,"damage_taken":0},{"event_name":"Scrap Ooze","player_choice":"unsuccessful","floor":3,"damage_taken":0},{"event_name":"Back to Basics","player_choice":"Simplicity","floor":19,"damage_taken":0},{"event_name":"Purifier","player_choice":"One Purge","floor":20,"damage_taken":0},{"event_name":"Match and Keep!","player_choice":"2 cards matched","floor":22,"damage_taken":0}],"boss_relics":[{"not_picked":["Runic Pyramid","White Beast Statue"],"picked":"Black Star"}],"items_purged_floors":[],"is_endless":false,"potions_floor_spawned":[7,11,12,24],"killed_by":"Gremlin Leader","ascension_level":15}