{"gold_per_floor":[114,128,53,53,53,83,109,143,143,43,59,59,85,85,85,181,181,201,101,201,201,301,301,316,347,347,347,227,227,87,106,106,210,210,227,227,238,254,254,254,94,112,112,123,149,149,0,100,100,100],"floor_reached":51,"playtime":1517,"items_purged":["Strike_R","Defend_R","Strike_R","Bash","Defend_R","Defend_R"],"score":817,"play_id":"39a7a05d-5d00-4b97-9298-9f454da7ddff","local_time":"20190125173822","is_ascension_mode":true,"campfire_choices":[{"data":"Whirlwind","floor":12,"key":"SMITH"},{"data":"Battle Trance","floor":15,"key":"SMITH"},{"data":"Limit Break","floor":23,"key":"SMITH"},{"data":"Flex","floor":27,"key":"SMITH"},{"data":"Flex","floor":32,"key":"SMITH"},{"data":"Defend_R","floor":40,"key":"SMITH"},{"floor":49,"key":"RECALL"}],"neow_cost":"NONE","seed_source_timestamp":1432979973533505,"circlet_count":0,"master_deck":["Defend_R+1","Whirlwind+1","Battle Trance+1","Limit Break+1","Flex+1","Seeing Red+1","Flex+1","Flex+1"],"relics":["Burning Blood","Orichalcum","Mango","Dodecahedron","Odd Mushroom","Bag of Marbles","Bottled Lightning","The Courier","Empty Cage","Gambling Chip","Ornamental Fan","Shuriken","Blue Candle","Runic Dome","Meat on the Bone","Kunai","Red Mask","FossilizedHelix"],"potions_floor_usage":[8,50,50,50],"damage_taken":[{"damage":0,"enemies":"Cultist","floor":1,"turns":3},{"damage":1,"enemies":"2 Louse","floor":2,"turns":2},{"damage":11,"enemies":"Gremlin Nob","floor":6,"turns":5},{"damage":6,"enemies":"The Mushroom Lair","floor":7,"turns":2},{"damage":24,"enemies":"Lagavulin","floor":8,"turns":7},{"damage":0,"enemies":"Small Slimes","floor":11,"turns":2},{"damage":11,"enemies":"3 Sentries","floor":13,"turns":3},{"damage":10,"enemies":"Slime Boss","floor":16,"turns":7},{"damage":16,"enemies":"Shell Parasite","floor":18,"turns":4},{"damage":19,"enemies":"Colosseum Slavers","floor":20,"turns":2},{"damage":11,"enemies":"Colosseum Nobs","floor":20,"turns":3},{"damage":0,"enemies":"Spheric Guardian","floor":24,"turns":1},{"damage":18,"enemies":"Book of Stabbing","floor":25,"turns":3},{"damage":0,"enemies":"Centurion and Healer","floor":31,"turns":1},{"damage":12,"enemies":"Collector","floor":33,"turns":3},{"damage":0,"enemies":"Orb Walker","floor":35,"turns":1},{"damage":0,"enemies":"3 Shapes","floor":37,"turns":1},{"damage":0,"enemies":"Transient","floor":38,"turns":5},{"damage":4,"enemies":"4 Shapes","floor":42,"turns":1},{"damage":0,"enemies":"Writhing Mass","floor":44,"turns":1},{"damage":0,"enemies":"Nemesis","floor":45,"turns":1},{"damage":0,"enemies":"Mind Bloom Boss Battle","floor":48,"turns":1},{"damage":5,"enemies":"Time Eater","floor":50,"turns":3}],"seed_played":"-9189133054422930053","potions_obtained":[{"floor":7,"key":"SkillPotion"},{"floor":8,"key":"PowerPotion"},{"floor":11,"key":"SpeedPotion"},{"floor":31,"key":"Ancient Potion"},{"floor":33,"key":"SkillPotion"},{"floor":42,"key":"PowerPotion"}],"is_trial":false,"path_per_floor":["M","M","$","?","?","E","?","E","T","$","M","R","E","$","R","B",null,"M","$","?","?","?","R","M","E","T","R","$","?","$","M","R","B",null,"M","?","M","M","?","R","$","M","T","M","E","$","?","?","R","B",null],"character_chosen":"IRONCLAD","items_purchased":[],"campfire_rested":0,"item_purchase_floors":[],"current_hp_per_floor":[80,80,80,87,87,82,82,64,64,64,70,70,65,65,65,61,94,84,84,66,66,66,66,72,60,60,60,60,60,60,66,66,60,94,94,94,94,94,89,89,89,89,89,89,89,89,89,89,89,89],"gold":100,"neow_bonus":"RANDOM_COMMON_RELIC","is_prod":false,"is_daily":false,"chose_seed":false,"campfire_upgraded":6,"win_rate":0,"timestamp":1548455902,"path_taken":["M","M","?","?","?","E","?","E","T","$","M","R","E","$","R","BOSS","M","$","?","?","?","R","?","E","T","R","$","?","?","M","R","BOSS","M","?","?","M","?","R","$","M","T","M","E","$","?","?","R","BOSS"],"build_version":"2019-01-23","purchased_purges":6,"victory":true,"max_hp_per_floor":[80,80,80,94,94,94,94,94,94,94,94,94,94,94,94,94,94,94,94,94,94,94,94,94,94,94,94,94,94,94,94,94,94,94,94,94,94,94,89,89,89,89,89,89,89,89,89,89,89,89],"card_choices":[{"not_picked":["Cleave","Flex"],"picked":"Whirlwind","floor":1},{"not_picked":["Clash","Thunderclap","Headbutt"],"picked":"SKIP","floor":2},{"not_picked":["Thunderclap","Pommel Strike"],"picked":"Battle Trance","floor":6},{"not_picked":["Havoc","Fire Breathing","Rage"],"picked":"SKIP","floor":8},{"not_picked":["Whirlwind","True Grit","Berserk"],"picked":"SKIP","floor":11},{"not_picked":["Sword Boomerang","Burning Pact","Double Tap"],"picked":"SKIP","floor":13},{"not_picked":["Juggernaut","Brutality"],"picked":"Limit Break","floor":16},{"not_picked":["Wild Strike","Perfected Strike"],"picked":"Flex","floor":18},{"not_picked":["Wild Strike","Entrench"],"picked":"Seeing Red+1","floor":20},{"not_picked":["Burning Pact","Heavy Blade","Thunderclap"],"picked":"SKIP","floor":24},{"not_picked":["Feed","Shrug It Off","Reaper"],"picked":"SKIP","floor":25},{"not_picked":["Pommel Strike","Armaments","Heavy Blade"],"picked":"SKIP","floor":31},{"not_picked":["Body Slam","Headbutt+1","Bloodletting+1"],"picked":"SKIP","floor":35},{"not_picked":["Cleave+1","Blood for Blood+1","Dropkick"],"picked":"SKIP","floor":37},{"not_picked":["Spot Weakness+1","True Grit","Disarm+1"],"picked":"SKIP","floor":38},{"not_picked":["Intimidate","Perfected Strike","Cleave+1"],"picked":"SKIP","floor":42},{"not_picked":["Armaments","Sword Boomerang+1","Havoc+1"],"picked":"SKIP","floor":44},{"not_picked":["Iron Wave+1","Reckless Charge+1"],"picked":"Flex+1","floor":45}],"player_experience":508373,"relics_obtained":[{"floor":6,"key":"Dodecahedron"},{"floor":7,"key":"Odd Mushroom"},{"floor":8,"key":"Bag of Marbles"},{"floor":9,"key":"Bottled Lightning"},{"floor":13,"key":"The Courier"},{"floor":20,"key":"Gambling Chip"},{"floor":20,"key":"Ornamental Fan"},{"floor":25,"key":"Shuriken"},{"floor":26,"key":"Blue Candle"},{"floor":43,"key":"Meat on the Bone"},{"floor":45,"key":"Kunai"},{"floor":48,"key":"FossilizedHelix"}],"event_choices":[{"damage_healed":0,"gold_gain":0,"player_choice":"Success","damage_taken":7,"relics_obtained":["Mango"],"max_hp_gain":0,"max_hp_loss":0,"event_name":"Scrap Ooze","floor":4,"gold_loss":0},{"cards_removed":["Strike_R"],"damage_healed":0,"gold_gain":0,"player_choice":"Forget","damage_taken":0,"max_hp_gain":0,"max_hp_loss":0,"event_name":"Living Wall","floor":5,"gold_loss":0},{"damage_healed":0,"gold_gain":0,"player_choice":"Fought Mushrooms","damage_taken":0,"max_hp_gain":0,"max_hp_loss":0,"event_name":"Mushrooms","floor":7,"gold_loss":0},{"damage_healed":0,"gold_gain":0,"player_choice":"Fight","damage_taken":0,"max_hp_gain":0,"max_hp_loss":0,"event_name":"Colosseum","floor":20,"gold_loss":0},{"damage_healed":0,"gold_gain":0,"player_choice":"Fought Nobs","damage_taken":0,"max_hp_gain":0,"max_hp_loss":0,"event_name":"Colosseum","floor":20,"gold_loss":0},{"damage_healed":0,"gold_gain":0,"player_choice":"Read","damage_taken":0,"max_hp_gain":0,"max_hp_loss":0,"event_name":"The Library","floor":21,"gold_loss":0,"cards_obtained":["Flex"]},{"damage_healed":0,"gold_gain":100,"player_choice":"Pray","damage_taken":0,"max_hp_gain":0,"max_hp_loss":0,"event_name":"Golden Shrine","floor":22,"gold_loss":0},{"damage_healed":0,"gold_gain":0,"player_choice":"Ignored","damage_taken":0,"max_hp_gain":0,"max_hp_loss":0,"event_name":"Ghosts","floor":29,"gold_loss":0},{"damage_healed":0,"gold_gain":0,"player_choice":"Ignored","damage_taken":0,"max_hp_gain":0,"max_hp_loss":0,"event_name":"SecretPortal","floor":36,"gold_loss":0},{"damage_healed":0,"gold_gain":0,"player_choice":"Max HP","damage_taken":0,"max_hp_gain":0,"max_hp_loss":5,"event_name":"Winding Halls","floor":39,"gold_loss":0},{"damage_healed":0,"gold_gain":0,"player_choice":"Paid","damage_taken":0,"relics_obtained":["Red Mask"],"max_hp_gain":0,"max_hp_loss":0,"event_name":"Tomb of Lord Red Mask","floor":47,"gold_loss":149},{"damage_healed":0,"gold_gain":0,"player_choice":"Fight","damage_taken":0,"max_hp_gain":0,"max_hp_loss":0,"event_name":"MindBloom","floor":48,"gold_loss":0}],"is_beta":true,"boss_relics":[{"not_picked":["Pandora\u0027s Box","Mark of Pain"],"picked":"Empty Cage"},{"not_picked":["Lizard Tail","Snecko Eye"],"picked":"Runic Dome"}],"items_purged_floors":[3,10,19,28,30,41],"is_endless":false,"potions_floor_spawned":[7,8,11,31,33,38,42,44],"ascension_level":1}