{"path_per_floor":["M","M","M","?","?","E","R","M","T","E","?","R","?","M","R","B",null,"M","?","?","$","M","E","R","E","T","R","M","?","R","M","R","B",null,"M","M","?","?","?","M","R","M","T","M","?","$","M","M","R","B"],"character_chosen":"IRONCLAD","items_purchased":["Seeing Red","Block Potion","Block Potion","Molten Egg 2","Dream Catcher"],"gold_per_floor":[114,134,149,149,149,187,187,205,205,245,245,245,245,269,269,398,398,421,346,346,208,229,264,264,307,307,307,328,328,328,352,352,483,521,537,553,886,886,886,896,896,908,962,972,972,513,529,546,546,546],"floor_reached":51,"campfire_rested":2,"playtime":2927,"current_hp_per_floor":[80,77,80,60,60,54,54,51,51,45,20,44,44,52,52,19,80,78,78,78,78,80,70,70,74,74,74,74,74,74,68,68,55,85,73,63,63,63,85,69,69,63,63,57,78,78,72,62,85,6],"items_purged":["Writhe"],"gold":546,"play_id":"8b3b6557-c2bd-40b2-93e1-0687b295c75c","is_prod":false,"is_daily":false,"is_ascension_mode":true,"campfire_upgraded":7,"path_taken":["M","M","M","?","?","E","R","M","T","E","?","R","?","M","R","BOSS","M","?","?","$","M","E","R","E","T","R","?","?","R","M","R","BOSS","M","M","?","?","?","M","R","M","T","?","?","$","?","M","R","BOSS"],"build_version":"2018-02-01-PROD3","purchased_purges":1,"victory":true,"master_deck":["Bash+1","Shrug It Off","Heavy Blade+1","Headbutt","Heavy Blade+1","Offering+1","Clash","Warcry","Pommel Strike","Inflame+1","Cleave","Shockwave","Seeing Red","Flex+1","Offering","Whirlwind+1","Shrug It Off","Exhume"],"max_hp_per_floor":[80,80,80,80,80,80,80,80,80,80,80,80,80,80,80,80,80,80,80,80,80,80,80,80,80,80,80,80,80,80,80,80,80,85,85,85,85,85,85,85,85,85,85,85,85,85,85,85,85,85],"relics":["Blood Vial","War Paint","Lantern","Orichalcum","Pandora\u0027s Box","Gambling Chip","Letter Opener","Ginger","Nloth\u0027s Gift","Tiny House","Ancient Tea Set","Molten Egg 2","Dream Catcher"],"card_choices":[{"not_picked":["Disarm","Wild Strike"],"picked":"Shrug It Off"},{"not_picked":["Power Through","Clothesline"],"picked":"Heavy Blade"},{"not_picked":["Combust","Clash"],"picked":"Headbutt"},{"not_picked":["Immolate","Barricade"],"picked":"Offering"},{"not_picked":["Clothesline","Havoc"],"picked":"Shockwave"},{"not_picked":["Heavy Blade","Cleave"],"picked":"Flex"},{"not_picked":["Burning Pact","Fire Breathing"],"picked":"Offering"},{"not_picked":["Clash","Searing Blow"],"picked":"Whirlwind"},{"not_picked":["Havoc","Sword Boomerang"],"picked":"Shrug It Off"},{"not_picked":["Bludgeon","Dark Embrace"],"picked":"Exhume"}],"player_experience":92136,"potions_floor_usage":[6,6,10,16,16,16,25,25,40,42,50,50,50],"damage_taken":[{"damage":0,"enemies":"Small Slimes","floor":1,"turns":3},{"damage":9,"enemies":"2 Louse","floor":2,"turns":2},{"damage":1,"enemies":"Cultist","floor":3,"turns":3},{"damage":12,"enemies":"3 Sentries","floor":6,"turns":7},{"damage":11,"enemies":"3 Louse","floor":8,"turns":3},{"damage":14,"enemies":"Gremlin Nob","floor":10,"turns":4},{"damage":0,"enemies":"Gremlin Gang","floor":14,"turns":4},{"damage":56,"enemies":"Hexaghost","floor":16,"turns":12},{"damage":8,"enemies":"Chosen","floor":18,"turns":3},{"damage":5,"enemies":"Shell Parasite","floor":22,"turns":3},{"damage":16,"enemies":"Slavers","floor":23,"turns":5},{"damage":4,"enemies":"Book of Stabbing","floor":25,"turns":2},{"damage":8,"enemies":"Chosen and Byrds","floor":28,"turns":1},{"damage":8,"enemies":"3 Cultists","floor":31,"turns":1},{"damage":15,"enemies":"Collector","floor":33,"turns":3},{"damage":12,"enemies":"Orb Walker","floor":35,"turns":1},{"damage":12,"enemies":"3 Darklings","floor":36,"turns":1},{"damage":16,"enemies":"Sphere and 2 Shapes","floor":40,"turns":1},{"damage":8,"enemies":"4 Shapes","floor":42,"turns":1},{"damage":8,"enemies":"3 Darklings","floor":44,"turns":1},{"damage":8,"enemies":"Sphere and 2 Shapes","floor":47,"turns":1},{"damage":12,"enemies":"Maw","floor":48,"turns":2},{"damage":94,"enemies":"Donu and Deca","floor":50,"turns":7}],"event_choices":[{"event_name":"Golden Idol","player_choice":"Take Damage","floor":4,"damage_taken":0},{"event_name":"Transmorgrifier","player_choice":"Transform","floor":5,"damage_taken":0},{"event_name":"Scrap Ooze","player_choice":"success","floor":11,"damage_taken":25},{"event_name":"The Lab","player_choice":"Got Potions","floor":13,"damage_taken":0},{"event_name":"Beggar","player_choice":"Gave Gold","floor":19,"damage_taken":0},{"event_name":"Back to Basics","player_choice":"Elegance","floor":20,"damage_taken":0},{"event_name":"N\u0027loth","player_choice":"Traded a Burning Blood","floor":29,"damage_taken":0},{"event_name":"The Moai Head","player_choice":"Gave Idol","floor":37,"damage_taken":0},{"event_name":"Mysterious Sphere","player_choice":"Ignore","floor":38,"damage_taken":0},{"event_name":"Bonfire Elementals","player_choice":"UNCOMMON","floor":39,"damage_taken":0},{"event_name":"Winding Halls","player_choice":"Writhe","floor":45,"damage_taken":0}],"boss_relics":[{"not_picked":["Black Star","Runic Dome"],"picked":"Pandora\u0027s Box"},{"not_picked":["Velvet Choker","Runic Cube"],"picked":"Tiny House"}],"potions_floor_spawned":[1,8,10,14,22,33,35,40,42],"seed_played":"-3875683792859704925","ascension_level":1,"is_trial":false}