{"gold_per_floor":[110,60,21,196,271,304,314,314,389,399,417,445,445,445,445,541,541,561,561,486,497,526,526,541,541,541,557,571,103,118,67,67,67],"floor_reached":33,"playtime":3245,"items_purged":["Doubt"],"score":361,"play_id":"0f8c7f6a-3ccf-4079-981c-0213a25ea763","local_time":"20180927190430","is_ascension_mode":true,"campfire_choices":[{"data":"Defragment","floor":8,"key":"SMITH"},{"data":"Zap","floor":13,"key":"SMITH"},{"data":"Heatsinks","floor":15,"key":"SMITH"},{"data":"Core Surge","floor":23,"key":"SMITH"},{"floor":25,"key":"REST"},{"data":"Echo Form","floor":32,"key":"SMITH"}],"neow_cost":"NONE","seed_source_timestamp":6850238917922556,"circlet_count":0,"master_deck":["Strike_B","Strike_B","Defend_B","Defend_B","Defend_B","Defend_B+1","Zap+1","Dualcast","Coolheaded","Hello World+1","Defragment+1","Glacier","Leap","Heatsinks+1","Barrage","Core Surge+1","Hologram+1","White Noise+1","Ball Lightning","Hologram","Blizzard","Echo Form+1","Turbo+1","Turbo+1"],"relics":["FrozenCore","Lantern","Mango","Sundial","Strawberry","MutagenicStrength","Red Mask","Ornamental Fan","Toxic Egg 2","Juzu Bracelet"],"potions_floor_usage":[22,22,24,33],"damage_taken":[{"damage":0,"enemies":"Small Slimes","floor":1,"turns":2},{"damage":22,"enemies":"3 Sentries","floor":6,"turns":7},{"damage":2,"enemies":"Jaw Worm","floor":7,"turns":3},{"damage":0,"enemies":"2 Louse","floor":10,"turns":3},{"damage":1,"enemies":"Blue Slaver","floor":11,"turns":6},{"damage":0,"enemies":"Lagavulin","floor":12,"turns":8},{"damage":17,"enemies":"Slime Boss","floor":16,"turns":10},{"damage":8,"enemies":"3 Byrds","floor":18,"turns":8},{"damage":3,"enemies":"Shell Parasite","floor":21,"turns":6},{"damage":68,"enemies":"Masked Bandits","floor":22,"turns":9},{"damage":3,"enemies":"Sentry and Sphere","floor":24,"turns":5},{"damage":1,"enemies":"Snecko","floor":27,"turns":5},{"damage":0,"enemies":"Cultist and Chosen","floor":28,"turns":8},{"damage":3,"enemies":"Centurion and Healer","floor":30,"turns":7},{"damage":54,"enemies":"Champ","floor":33,"turns":17}],"seed_played":"-4772406991518908656","potions_obtained":[{"floor":6,"key":"Block Potion"},{"floor":11,"key":"AttackPotion"},{"floor":12,"key":"SpeedPotion"},{"floor":22,"key":"Explosive Potion"},{"floor":27,"key":"Energy Potion"},{"floor":28,"key":"SkillPotion"}],"is_trial":false,"path_per_floor":["M","?","$","?","?","E","M","R","T","M","M","E","R","?","R","B",null,"M","?","?","M","?","R","M","R","T","M","M","$","M","$","R"],"character_chosen":"DEFECT","items_purchased":["Hello World","Toxic Egg 2","Juzu Bracelet","Turbo+1"],"campfire_rested":1,"item_purchase_floors":[3,29,29,31],"current_hp_per_floor":[75,75,75,75,64,56,54,54,54,54,53,60,60,41,41,24,96,88,88,88,85,17,17,14,42,42,41,41,41,38,38,38,0],"gold":67,"neow_bonus":"RANDOM_COMMON_RELIC","is_prod":false,"is_daily":false,"chose_seed":false,"campfire_upgraded":5,"win_rate":0,"timestamp":1538100270,"path_taken":["M","?","$","?","?","E","?","R","T","M","M","E","R","?","R","BOSS","M","?","?","?","?","R","M","R","T","M","M","$","M","$","R","BOSS"],"build_version":"2018-09-27","purchased_purges":1,"victory":false,"max_hp_per_floor":[75,75,75,75,75,89,89,89,89,89,89,96,96,96,96,96,96,96,96,96,96,96,96,96,96,96,96,96,96,96,96,96,96],"card_choices":[{"not_picked":["Stack","Fusion"],"picked":"Coolheaded","floor":1},{"not_picked":["Conserve Battery","Hologram"],"picked":"Defragment","floor":6},{"not_picked":["Cold Snap","Barrage"],"picked":"Glacier","floor":7},{"not_picked":["Barrage","Chaos"],"picked":"Leap","floor":10},{"not_picked":["Rebound","Melter"],"picked":"Heatsinks","floor":11},{"not_picked":["Scrape","Rip and Tear"],"picked":"Barrage","floor":12},{"not_picked":["Fission","Seek"],"picked":"Core Surge","floor":16},{"not_picked":["Rebound+1","Ball Lightning"],"picked":"Hologram+1","floor":18},{"not_picked":["Undo","Sweeping Beam"],"picked":"White Noise+1","floor":21},{"not_picked":["Rebound","Stack"],"picked":"Ball Lightning","floor":22},{"not_picked":["Turbo","Go for the Eyes"],"picked":"Hologram","floor":24},{"not_picked":["Skim","Loop+1"],"picked":"Blizzard","floor":27},{"not_picked":["Gash","Chaos"],"picked":"Echo Form","floor":28},{"not_picked":["Reprogram+1","Lockon"],"picked":"Turbo+1","floor":30}],"player_experience":174837,"relics_obtained":[{"floor":6,"key":"Mango"},{"floor":9,"key":"Sundial"},{"floor":12,"key":"Strawberry"},{"floor":22,"key":"Red Mask"},{"floor":26,"key":"Ornamental Fan"}],"event_choices":[{"event_name":"The Cleric","player_choice":"Card Removal","floor":2,"damage_taken":0},{"event_name":"Liars Game","player_choice":"agreed","floor":4,"damage_taken":0},{"event_name":"World of Goop","player_choice":"Gather Gold","floor":5,"damage_taken":0},{"event_name":"Shining Light","player_choice":"Entered Light","floor":14,"damage_taken":0},{"event_name":"Drug Dealer","player_choice":"Inject Mutagens","floor":19,"damage_taken":0},{"event_name":"Beggar","player_choice":"Gave Gold","floor":20,"damage_taken":0},{"event_name":"Masked Bandits","player_choice":"Fought Bandits","floor":22,"damage_taken":0}],"is_beta":false,"boss_relics":[{"not_picked":["Runic Pyramid","Empty Cage"],"picked":"FrozenCore"}],"items_purged_floors":[29],"is_endless":false,"potions_floor_spawned":[6,11,12,22,27,28,30],"killed_by":"Champ","ascension_level":4}