{"path_per_floor":["M","M","M","$","?","E","R","E","T","R","?","M","E","?","R"],"character_chosen":"IRONCLAD","items_purchased":[],"gold_per_floor":[115,125,144,69,69,103,103,132,162,162,162,174,202,202,202,202],"floor_reached":16,"campfire_rested":1,"playtime":824,"current_hp_per_floor":[80,80,80,80,80,37,37,11,11,35,61,58,79,63,63,0],"items_purged":["Strike_R"],"gold":202,"score":179,"play_id":"d6bae8ac-7582-4083-bb21-30a79dcaf0df","local_time":"20180412223131","is_prod":false,"is_daily":false,"is_ascension_mode":true,"campfire_upgraded":2,"timestamp":1523565091,"path_taken":["M","M","M","$","?","E","R","E","T","R","?","M","E","?","R","BOSS"],"build_version":"2018-04-05v2","purchased_purges":1,"victory":false,"master_deck":["Strike_R","Strike_R","Strike_R","Defend_R+1","Defend_R","Defend_R","Defend_R","Bash+1","Pommel Strike","Spot Weakness+1","Battle Trance","Pommel Strike+1","True Grit+1","Ghostly Armor","Twin Strike"],"max_hp_per_floor":[80,80,80,80,80,80,80,80,80,80,80,80,80,80,80,80],"relics":["Burning Blood","Du-Vu Doll","Dodecahedron","Tiny Chest","Blood Vial"],"card_choices":[{"not_picked":["Clash","Headbutt"],"picked":"Spot Weakness","floor":1},{"not_picked":["Fire Breathing","Twin Strike"],"picked":"Battle Trance","floor":2},{"not_picked":["Sword Boomerang","Body Slam"],"picked":"Pommel Strike","floor":3},{"not_picked":["Sentinel","Battle Trance"],"picked":"True Grit","floor":6},{"not_picked":["Sentinel","Searing Blow"],"picked":"Ghostly Armor","floor":12},{"not_picked":["Blood for Blood","Rage"],"picked":"Twin Strike","floor":13}],"player_experience":226754,"potions_floor_usage":[8,13,13,16],"damage_taken":[{"damage":6,"enemies":"2 Louse","floor":1,"turns":3},{"damage":1,"enemies":"Cultist","floor":2,"turns":3},{"damage":4,"enemies":"Small Slimes","floor":3,"turns":4},{"damage":49,"enemies":"Gremlin Nob","floor":6,"turns":5},{"damage":32,"enemies":"Lagavulin","floor":8,"turns":8},{"damage":9,"enemies":"3 Louse","floor":12,"turns":4},{"damage":0,"enemies":"3 Sentries","floor":13,"turns":7},{"damage":71,"enemies":"Hexaghost","floor":16,"turns":11}],"event_choices":[{"event_name":"Accursed Blacksmith","player_choice":"Forge","floor":5,"damage_taken":0},{"event_name":"Big Fish","player_choice":"Banana","floor":11,"damage_taken":0},{"event_name":"Shining Light","player_choice":"Entered Light","floor":14,"damage_taken":0}],"boss_relics":[],"potions_floor_spawned":[1,3,8,12],"seed_played":"-2900606301084422421","killed_by":"Hexaghost","ascension_level":5,"is_trial":false}