{"gold_per_floor":[115,115,125,137,157,157,157,157,157,171,197],"floor_reached":11,"playtime":278,"items_purged":[],"score":65,"play_id":"e197332b-7b05-4488-a18a-210cea944f47","local_time":"20190217104839","is_ascension_mode":false,"campfire_choices":[{"data":"Double Tap","floor":6,"key":"SMITH"}],"neow_cost":"NONE","seed_source_timestamp":230050728664386,"circlet_count":0,"master_deck":["Strike_R","Strike_R","Strike_R","Strike_R","Defend_R+1","Defend_R","Defend_R","Defend_R+1","Bash","Spot Weakness","Heavy Blade","Double Tap+1","Cleave","Flex","Armaments"],"relics":["White Beast Statue","Odd Mushroom"],"potions_floor_usage":[11],"damage_taken":[{"damage":3,"enemies":"2 Louse","floor":1,"turns":3},{"damage":6,"enemies":"Cultist","floor":3,"turns":3},{"damage":2,"enemies":"Small Slimes","floor":4,"turns":3},{"damage":6,"enemies":"Blue Slaver","floor":5,"turns":5},{"damage":4,"enemies":"Looter","floor":10,"turns":3},{"damage":7,"enemies":"The Mushroom Lair","floor":11,"turns":3}],"seed_played":"7091672100447077008","potions_obtained":[{"floor":1,"key":"Regen Potion"},{"floor":3,"key":"Poison Potion"},{"floor":4,"key":"Ancient Potion"},{"floor":5,"key":"SkillPotion"},{"floor":11,"key":"FearPotion"}],"is_trial":false,"path_per_floor":["M","?","M","M","M","R","?","T","T","M","?"],"character_chosen":"IRONCLAD","items_purchased":[],"campfire_rested":0,"item_purchase_floors":[],"current_hp_per_floor":[77,77,71,69,63,63,47,47,47,43,36],"gold":197,"neow_bonus":"BOSS_RELIC","is_prod":false,"is_daily":false,"chose_seed":false,"campfire_upgraded":1,"win_rate":0,"timestamp":1550418519,"path_taken":["M","?","?","M","M","R","?","?","T","M","?"],"build_version":"2019-01-23","purchased_purges":0,"victory":false,"max_hp_per_floor":[80,80,80,80,80,80,80,80,80,80,80],"card_choices":[{"not_picked":["Clash","Twin Strike"],"picked":"Spot Weakness","floor":1},{"not_picked":["Sword Boomerang","Havoc"],"picked":"Heavy Blade","floor":3},{"not_picked":["Sword Boomerang","Clash"],"picked":"Double Tap","floor":4},{"not_picked":["Sword Boomerang","Warcry"],"picked":"Cleave","floor":5},{"not_picked":["Power Through","Clothesline"],"picked":"Flex","floor":10},{"not_picked":["Cleave","Body Slam"],"picked":"Armaments","floor":11}],"player_experience":196695,"relics_obtained":[{"floor":11,"key":"Odd Mushroom"}],"event_choices":[{"cards_removed":["Strike_R"],"damage_healed":0,"gold_gain":0,"player_choice":"Purged","damage_taken":0,"max_hp_gain":0,"max_hp_loss":0,"event_name":"Purifier","floor":2,"gold_loss":0},{"damage_healed":0,"gold_gain":0,"player_choice":"Entered Light","damage_taken":16,"max_hp_gain":0,"max_hp_loss":0,"event_name":"Shining Light","floor":7,"gold_loss":0,"cards_upgraded":["Defend_R","Defend_R"]},{"damage_healed":0,"gold_gain":0,"player_choice":"Fought Mushrooms","damage_taken":0,"max_hp_gain":0,"max_hp_loss":0,"event_name":"Mushrooms","floor":11,"gold_loss":0}],"is_beta":false,"boss_relics":[],"items_purged_floors":[],"is_endless":false,"potions_floor_spawned":[1,3,4,5,10,11],"killed_by":"The Mushroom Lair","ascension_level":0}