{"gold_per_floor":[117,192,192,192,192,236,236,270,293,306,331,344,363,406,406,529,529,549,549,562,575,575,575,575],"floor_reached":24,"playtime":1701,"items_purged":[],"score":291,"play_id":"53a2e6f4-08d3-40d3-b7fb-3dde5898659f","local_time":"20190302025252","is_ascension_mode":false,"campfire_choices":[{"data":"Chen:MisdirectSwipe","floor":7,"key":"SMITH"},{"floor":15,"key":"DIG"},{"floor":23,"key":"DIG"}],"neow_cost":"NONE","seed_source_timestamp":2047045812234000,"circlet_count":0,"master_deck":["Chen:Strike","Chen:Strike+1","Chen:Defend","Chen:Defend","Chen:Defend","Chen:Defend+1","Chen:PounceTurnTail","Chen:GlitterPoke","Chen:MisdirectSwipe+1","Chen:GuardCounter+1","Chen:Frivolous","Chen:Exploit","Chen:Rush","Chen:Unpredictable+1","Chen:Fadeout","Chen:Stability","Chen:DazzleFlash","Chen:ResistTemptation+1","Chen:Barrier+1","Chen:Knockout+1"],"relics":["Chen:Catnip","Bloody Idol","Happy Flower","Shovel","Anchor","StoneCalendar","Sundial","Empty Cage","Turnip","War Paint"],"potions_floor_usage":[6,14,16,24],"damage_taken":[{"damage":4,"enemies":"Jaw Worm","floor":1,"turns":4},{"damage":17,"enemies":"Gremlin Nob","floor":6,"turns":3},{"damage":13,"enemies":"3 Sentries","floor":8,"turns":10},{"damage":0,"enemies":"2 Louse","floor":10,"turns":3},{"damage":0,"enemies":"Small Slimes","floor":11,"turns":3},{"damage":0,"enemies":"Looter","floor":12,"turns":4},{"damage":0,"enemies":"Blue Slaver","floor":13,"turns":3},{"damage":0,"enemies":"Lagavulin","floor":14,"turns":7},{"damage":0,"enemies":"Hexaghost","floor":16,"turns":7},{"damage":3,"enemies":"Spheric Guardian","floor":18,"turns":5},{"damage":0,"enemies":"3 Byrds","floor":20,"turns":6},{"damage":34,"enemies":"Shelled Parasite and Fungi","floor":21,"turns":7},{"damage":58,"enemies":"Cultist and Chosen","floor":24,"turns":6}],"seed_played":"4371048058497204310","potions_obtained":[{"floor":1,"key":"PowerPotion"},{"floor":12,"key":"PowerPotion"},{"floor":13,"key":"Swift Potion"},{"floor":14,"key":"Swift Potion"},{"floor":16,"key":"EssenceOfSteel"},{"floor":18,"key":"EssenceOfSteel"}],"is_trial":false,"path_per_floor":["M","?","?","?","?","E","R","E","T","M","M","M","M","E","R","B",null,"M","?","M","M","?","R","M"],"character_chosen":"CHEN","items_purchased":[],"campfire_rested":0,"item_purchase_floors":[],"current_hp_per_floor":[73,62,55,40,40,23,23,10,10,10,10,10,10,10,10,10,71,68,68,68,34,34,34,0],"gold":575,"neow_bonus":"TEN_PERCENT_HP_BONUS","is_prod":false,"is_daily":false,"chose_seed":false,"campfire_upgraded":1,"win_rate":0.0,"timestamp":1551523972,"path_taken":["M","?","?","?","?","E","R","E","T","M","M","M","M","E","R","BOSS","M","?","M","?","?","R","M"],"build_version":"2019-01-23","purchased_purges":0,"victory":false,"max_hp_per_floor":[77,77,77,77,71,71,71,71,71,71,71,71,71,71,71,71,71,71,71,71,71,71,71,71],"card_choices":[{"not_picked":["Chen:CatPunch","Chen:Catseye"],"picked":"Chen:MisdirectSwipe","floor":1},{"not_picked":["Chen:ResistTemptation","Chen:Unpredictable"],"picked":"Chen:GuardCounter","floor":6},{"not_picked":["Chen:Tear","Chen:DazzleFlash"],"picked":"Chen:Frivolous","floor":8},{"not_picked":["Chen:Instinct","Chen:Mixup"],"picked":"Chen:Exploit","floor":10},{"not_picked":["Chen:SelfControl","Chen:Scratch"],"picked":"Chen:Rush","floor":11},{"not_picked":["Chen:CatPunch","Chen:Sweep"],"picked":"Chen:Unpredictable","floor":12},{"not_picked":["Chen:MisdirectSwipe","Chen:Panic"],"picked":"Chen:Fadeout","floor":13},{"not_picked":["Chen:Instinct","Chen:Barrier"],"picked":"Chen:Stability","floor":14},{"not_picked":["Chen:Clarity","Chen:FinalSpellCard"],"picked":"Chen:DazzleFlash","floor":16},{"not_picked":["Chen:UnstableBoundary+1","Chen:TauntHiss+1"],"picked":"Chen:ResistTemptation+1","floor":18},{"not_picked":["Chen:GuardCounter","Chen:Scratch"],"picked":"Chen:Barrier+1","floor":20},{"not_picked":["Chen:Sweep+1","Chen:Instinct+1"],"picked":"Chen:Knockout+1","floor":21}],"player_experience":792756,"relics_obtained":[{"floor":6,"key":"Happy Flower"},{"floor":8,"key":"Shovel"},{"floor":9,"key":"Anchor"},{"floor":14,"key":"StoneCalendar"},{"floor":15,"key":"Sundial"},{"floor":19,"key":"Turnip"},{"floor":23,"key":"War Paint"}],"event_choices":[{"damage_healed":0,"gold_gain":75,"player_choice":"Gather Gold","damage_taken":11,"max_hp_gain":0,"max_hp_loss":0,"event_name":"World of Goop","floor":2,"gold_loss":0},{"cards_removed":["Chen:Strike"],"damage_healed":0,"gold_gain":0,"player_choice":"Card Removal","damage_taken":7,"max_hp_gain":0,"max_hp_loss":0,"event_name":"Golden Wing","floor":3,"gold_loss":0},{"damage_healed":0,"gold_gain":0,"player_choice":"Entered Light","damage_taken":15,"max_hp_gain":0,"max_hp_loss":0,"event_name":"Shining Light","floor":4,"gold_loss":0,"cards_upgraded":["Chen:Strike","Chen:Defend"]},{"damage_healed":0,"gold_gain":0,"player_choice":"Lose Max HP","damage_taken":0,"relics_obtained":["Golden Idol"],"max_hp_gain":0,"max_hp_loss":6,"event_name":"Golden Idol","floor":5,"gold_loss":0},{"damage_healed":0,"gold_gain":0,"player_choice":"Relic","damage_taken":0,"max_hp_gain":0,"max_hp_loss":0,"event_name":"Wheel of Change","floor":19,"gold_loss":0},{"damage_healed":0,"gold_gain":0,"player_choice":"Gave Idol","damage_taken":0,"relics_obtained":["Bloody Idol"],"max_hp_gain":0,"max_hp_loss":0,"event_name":"Forgotten Altar","floor":22,"relics_lost":["Golden Idol"],"gold_loss":0}],"is_beta":false,"boss_relics":[{"not_picked":["Calling Bell","Orrery"],"picked":"Empty Cage"}],"items_purged_floors":[],"is_endless":false,"potions_floor_spawned":[1,12,13,14,16,18,20],"killed_by":"Cultist and Chosen","ascension_level":0}