{"gold_per_floor":[111,71,143,68,68,68,101,101,101,101,101,141,141,159,159,159],"floor_reached":16,"playtime":440,"items_purged":["Strike_B"],"score":141,"play_id":"41e9ff3f-7d83-4a6f-ab7a-0c7f13b55ea7","local_time":"20181021043348","is_ascension_mode":true,"campfire_choices":[{"data":"Hyperbeam","floor":6,"key":"SMITH"},{"data":"Zap","floor":8,"key":"SMITH"},{"data":"Conserve Battery","floor":11,"key":"SMITH"},{"data":"Conserve Battery","floor":13,"key":"SMITH"},{"floor":15,"key":"REST"}],"neow_cost":"PERCENT_DAMAGE","seed_source_timestamp":53883282363962,"circlet_count":0,"master_deck":["Strike_B","Strike_B","Strike_B","Defend_B","Defend_B","Defend_B","Defend_B","Zap+1","Dualcast","AscendersBane","Hyperbeam+1","Conserve Battery+1","Conserve Battery+1","Fission"],"relics":["Cracked Core","Golden Idol","Odd Mushroom","Omamori","PreservedInsect","Boot"],"potions_floor_usage":[7,16],"damage_taken":[{"damage":4,"enemies":"Jaw Worm","floor":1,"turns":4},{"damage":0,"enemies":"The Mushroom Lair","floor":7,"turns":2},{"damage":18,"enemies":"Lagavulin","floor":12,"turns":5},{"damage":0,"enemies":"Cultist","floor":14,"turns":3},{"damage":32,"enemies":"Hexaghost","floor":16,"turns":10}],"seed_played":"6538885830661940404","potions_obtained":[{"floor":2,"key":"Ancient Potion"},{"floor":2,"key":"SkillPotion"},{"floor":2,"key":"Ancient Potion"},{"floor":7,"key":"SmokeBomb"},{"floor":12,"key":"SpeedPotion"},{"floor":14,"key":"Fire Potion"}],"is_trial":false,"path_per_floor":["M","?","?","$","?","R","?","R","T","T","R","E","R","M","R"],"character_chosen":"DEFECT","items_purchased":[],"campfire_rested":1,"item_purchase_floors":[],"current_hp_per_floor":[46,46,46,46,28,28,28,28,28,28,28,10,10,10,32,0],"gold":159,"neow_bonus":"THREE_RARE_CARDS","is_prod":false,"is_daily":false,"chose_seed":false,"campfire_upgraded":4,"win_rate":0,"timestamp":1540121628,"path_taken":["M","?","?","?","?","R","?","R","T","?","R","E","R","M","R","BOSS"],"build_version":"2018-10-18","purchased_purges":1,"victory":false,"max_hp_per_floor":[75,75,75,75,75,75,75,75,75,75,75,75,75,75,75,75],"card_choices":[{"not_picked":["Biased Cognition","Amplify"],"picked":"Hyperbeam","floor":0},{"not_picked":["Hologram","Barrage"],"picked":"Conserve Battery","floor":1},{"not_picked":["Coolheaded","BootSequence"],"picked":"Conserve Battery","floor":7},{"not_picked":["Glacier","Steam"],"picked":"Fission","floor":12},{"not_picked":["Undo","Barrage","Tempest"],"picked":"SKIP","floor":14}],"player_experience":313601,"relics_obtained":[{"floor":7,"key":"Odd Mushroom"},{"floor":9,"key":"Omamori"},{"floor":10,"key":"PreservedInsect"},{"floor":12,"key":"Boot"}],"event_choices":[{"damage_healed":0,"gold_gain":0,"player_choice":"Bought 3 Potions","damage_taken":0,"max_hp_gain":0,"max_hp_loss":0,"event_name":"The Woman in Blue","floor":2,"gold_loss":0},{"damage_healed":0,"gold_gain":72,"player_choice":"Gained Gold","damage_taken":0,"max_hp_gain":0,"max_hp_loss":0,"event_name":"Golden Wing","floor":3,"gold_loss":0},{"damage_healed":0,"gold_gain":0,"player_choice":"Take Damage","damage_taken":18,"relics_obtained":["Golden Idol"],"max_hp_gain":0,"max_hp_loss":0,"event_name":"Golden Idol","floor":5,"gold_loss":0},{"damage_healed":0,"gold_gain":0,"player_choice":"Fought Mushrooms","damage_taken":0,"max_hp_gain":0,"max_hp_loss":0,"event_name":"Mushrooms","floor":7,"gold_loss":0}],"is_beta":false,"boss_relics":[],"items_purged_floors":[4],"is_endless":false,"potions_floor_spawned":[7,12,14],"killed_by":"Hexaghost","ascension_level":10}