{"path_per_floor":["M","?","M","T","?","R","T","E","T","R","E","R","M","M","R","B",null,"M","?","M","M","?","E","R","E","T","E","M","?","M","M","R"],"character_chosen":"THE_SILENT","items_purchased":[],"gold_per_floor":[99,99,99,99,24,24,24,24,24,24,24,24,24,24,24,24,24,24,24,24,24,24,24,24,24,24,24,24,24,24,24,24,24],"floor_reached":33,"campfire_rested":3,"playtime":2335,"current_hp_per_floor":[52,52,51,51,51,51,51,39,39,39,26,60,60,60,60,5,51,39,39,33,13,13,5,39,29,29,9,4,17,12,14,48,0],"items_purged":[],"gold":24,"score":551,"play_id":"a2c4e7f8-f33b-41f3-af27-b5357ab71046","local_time":"20180426222409","is_prod":false,"is_daily":false,"chose_seed":false,"is_ascension_mode":true,"campfire_upgraded":3,"timestamp":1524774249,"path_taken":["M","?","M","?","?","R","?","E","T","R","E","R","M","M","R","BOSS","M","?","M","M","?","E","R","E","T","E","M","?","M","M","R","BOSS"],"build_version":"2018-04-19","seed_source_timestamp":309279701505551,"purchased_purges":0,"victory":false,"master_deck":["Defend_G","Defend_G+1","Defend_G","Defend_G","Defend_G","Strike_G","Strike_G","Strike_G","Strike_G","Survivor","Neutralize+1","AscendersBane","Riddle With Holes","Finisher+1","Backflip","Doppelganger+1","Skewer+1","Flying Knee","PiercingWail","Infinite Blades","Acrobatics","Dodge and Roll","Leg Sweep+1","Sucker Punch"],"max_hp_per_floor":[66,66,66,66,66,66,66,66,66,66,66,66,66,66,66,66,66,66,66,66,66,66,66,66,66,66,66,66,66,66,66,66,66],"relics":["Ectoplasm","Bird Faced Urn","Mummified Hand","Calipers","Ice Cream","Regal Pillow","Black Star","Gambling Chip","Thread and Needle","Old Coin","Torii","Mercury Hourglass","War Paint","Vajra"],"card_choices":[{"not_picked":["Expertise","Poisoned Stab"],"picked":"Riddle With Holes","floor":1},{"not_picked":["Underhanded Strike","Flying Knee"],"picked":"Finisher","floor":3},{"not_picked":["Bouncing Flask","Blade Dance"],"picked":"Backflip","floor":8},{"not_picked":["Dagger Throw","Poisoned Stab"],"picked":"Doppelganger","floor":11},{"not_picked":["Flechettes","Bane"],"picked":"Skewer","floor":14},{"not_picked":["Outmaneuver","Underhanded Strike"],"picked":"Flying Knee","floor":18},{"not_picked":["Underhanded Strike","Outmaneuver"],"picked":"PiercingWail","floor":20},{"not_picked":["Well Laid Plans","Flying Knee"],"picked":"Infinite Blades","floor":23},{"not_picked":["Bane","Bullet Time"],"picked":"Acrobatics","floor":27},{"not_picked":["Slice","Deadly Poison"],"picked":"Dodge and Roll","floor":28},{"not_picked":["PiercingWail","Deadly Poison"],"picked":"Leg Sweep","floor":30},{"not_picked":["Glass Knife","Calculated Gamble"],"picked":"Sucker Punch","floor":31}],"player_experience":457933,"potions_floor_usage":[8,18,20,23,27,27,33,33],"damage_taken":[{"damage":7,"enemies":"Small Slimes","floor":1,"turns":5},{"damage":1,"enemies":"2 Louse","floor":3,"turns":2},{"damage":12,"enemies":"Lagavulin","floor":8,"turns":6},{"damage":13,"enemies":"3 Sentries","floor":11,"turns":9},{"damage":0,"enemies":"Jaw Worm","floor":13,"turns":3},{"damage":0,"enemies":"3 Louse","floor":14,"turns":4},{"damage":55,"enemies":"Slime Boss","floor":16,"turns":13},{"damage":12,"enemies":"3 Byrds","floor":18,"turns":8},{"damage":6,"enemies":"Spheric Guardian","floor":20,"turns":3},{"damage":20,"enemies":"3 Cultists","floor":21,"turns":7},{"damage":8,"enemies":"Gremlin Leader","floor":23,"turns":9},{"damage":12,"enemies":"Book of Stabbing","floor":25,"turns":6},{"damage":22,"enemies":"Slavers","floor":27,"turns":6},{"damage":7,"enemies":"Snecko","floor":28,"turns":4},{"damage":7,"enemies":"Snake Plant","floor":30,"turns":4},{"damage":0,"enemies":"Centurion and Healer","floor":31,"turns":5},{"damage":75,"enemies":"Automaton","floor":33,"turns":12}],"event_choices":[{"event_name":"Liars Game","player_choice":"disagreed","floor":2,"damage_taken":0},{"event_name":"The Cleric","player_choice":"Card Removal","floor":5,"damage_taken":0},{"event_name":"Cursed Tome","player_choice":"Ignored","floor":19,"damage_taken":0},{"event_name":"Beggar","player_choice":"Ignored","floor":22,"damage_taken":0},{"event_name":"The Library","player_choice":"Heal","floor":29,"damage_taken":0}],"boss_relics":[{"not_picked":["Snecko Eye","Runic Pyramid"],"picked":"Black Star"}],"potions_floor_spawned":[1,11,13,16,20,21,27,30],"seed_played":"-8429244916530467039","killed_by":"Automaton","ascension_level":15,"is_trial":false}