{"gold_per_floor":[109,125,125,125,141,174,186,186,240,240,13,28,44,44,44,149,149,166,181,201,201,300,325,325,355,405,421,421,455,455,468,468,569,569,581,581,581,581,591,591,609,627,652,662,681,20,31,50,50,50],"floor_reached":50,"playtime":2231,"items_purged":["Defend_R","Strike_R"],"score":508,"play_id":"f54b18f4-2698-472b-8648-3e3b7434028f","local_time":"20181209175518","is_ascension_mode":false,"campfire_choices":[{"data":"Perfected Strike","floor":8,"key":"SMITH"},{"data":"Bludgeon","floor":10,"key":"SMITH"},{"data":"Immolate","floor":15,"key":"SMITH"},{"floor":28,"key":"REST"},{"data":"Rage","floor":30,"key":"SMITH"},{"floor":32,"key":"REST"},{"data":"Immolate","floor":40,"key":"SMITH"},{"floor":49,"key":"REST"}],"neow_cost":"NONE","seed_source_timestamp":846293494070956,"circlet_count":0,"master_deck":["Strike_R","Strike_R+1","Strike_R+1","Strike_R","Defend_R+1","Bash","Flex+1","Cleave+1","Perfected Strike+1","Twin Strike","Bludgeon+1","Immolate+1","Immolate+1","Perfected Strike+1","Rage+1","Fiend Fire","Headbutt","Seeing Red","Pommel Strike","Spot Weakness+1","Dark Embrace","Inflame","Limit Break","Perfected Strike","Whirlwind+1"],"relics":["Burning Blood","Vajra","Matryoshka","Whetstone","Potion Belt","Mark of Pain","Question Card","Bottled Lightning","Blood Vial","Orichalcum","Strawberry","Runic Dome","Letter Opener","Anchor","War Paint","MealTicket"],"potions_floor_usage":[6,16,16,19,23,25,29,33,45,47,48,50],"damage_taken":[{"damage":9,"enemies":"Small Slimes","floor":1,"turns":4},{"damage":2,"enemies":"2 Louse","floor":2,"turns":3},{"damage":1,"enemies":"Cultist","floor":5,"turns":3},{"damage":26,"enemies":"Lagavulin","floor":6,"turns":5},{"damage":7,"enemies":"Blue Slaver","floor":7,"turns":2},{"damage":0,"enemies":"Lots of Slimes","floor":12,"turns":1},{"damage":0,"enemies":"2 Fungi Beasts","floor":13,"turns":2},{"damage":54,"enemies":"The Guardian","floor":16,"turns":6},{"damage":15,"enemies":"2 Thieves","floor":18,"turns":3},{"damage":0,"enemies":"Shell Parasite","floor":19,"turns":1},{"damage":0,"enemies":"3 Cultists","floor":20,"turns":3},{"damage":14,"enemies":"Gremlin Leader","floor":23,"turns":3},{"damage":30,"enemies":"Slavers","floor":25,"turns":3},{"damage":14,"enemies":"Centurion and Healer","floor":27,"turns":4},{"damage":12,"enemies":"Book of Stabbing","floor":29,"turns":3},{"damage":6,"enemies":"Snake Plant","floor":31,"turns":2},{"damage":65,"enemies":"Champ","floor":33,"turns":9},{"damage":0,"enemies":"Orb Walker","floor":35,"turns":2},{"damage":6,"enemies":"3 Darklings","floor":39,"turns":2},{"damage":0,"enemies":"Sphere and 2 Shapes","floor":41,"turns":2},{"damage":22,"enemies":"Maw","floor":42,"turns":6},{"damage":1,"enemies":"3 Darklings","floor":44,"turns":4},{"damage":0,"enemies":"Transient","floor":45,"turns":5},{"damage":0,"enemies":"Jaw Worm Horde","floor":47,"turns":2},{"damage":29,"enemies":"Maw","floor":48,"turns":6},{"damage":95,"enemies":"Awakened One","floor":50,"turns":6}],"seed_played":"-2480681527105570409","potions_obtained":[{"floor":1,"key":"EssenceOfSteel"},{"floor":5,"key":"PowerPotion"},{"floor":12,"key":"SteroidPotion"},{"floor":14,"key":"Regen Potion"},{"floor":14,"key":"SkillPotion"},{"floor":14,"key":"Dexterity Potion"},{"floor":18,"key":"AttackPotion"},{"floor":27,"key":"Energy Potion"},{"floor":31,"key":"PowerPotion"},{"floor":35,"key":"PowerPotion"},{"floor":39,"key":"Regen Potion"},{"floor":44,"key":"SteroidPotion"},{"floor":45,"key":"AttackPotion"}],"is_trial":false,"path_per_floor":["M","M","?","?","M","E","M","R","T","R","$","M","M","?","R","B",null,"M","M","M","?","?","E","?","E","T","M","R","E","R","M","R","B",null,"M","?","?","?","M","R","M","M","T","M","M","$","M","M","R","B"],"character_chosen":"IRONCLAD","items_purchased":["Immolate","War Paint","MealTicket","Limit Break","Perfected Strike"],"campfire_rested":3,"item_purchase_floors":[11,46,46,46,46],"current_hp_per_floor":[77,80,80,80,80,60,59,59,59,59,59,65,71,71,71,23,80,71,77,80,80,80,72,57,42,42,36,61,64,64,66,92,33,92,92,92,92,92,92,92,92,76,76,83,91,91,92,74,92,0],"gold":50,"neow_bonus":"RANDOM_COMMON_RELIC","is_prod":false,"is_daily":false,"chose_seed":false,"campfire_upgraded":5,"win_rate":0,"timestamp":1544396118,"path_taken":["M","M","?","?","M","E","?","R","T","R","$","M","M","?","R","BOSS","M","?","M","?","?","E","?","E","T","M","R","E","R","M","R","BOSS","M","?","?","?","M","R","M","M","T","?","M","$","M","M","R","BOSS"],"build_version":"2018-12-06","purchased_purges":2,"victory":false,"max_hp_per_floor":[80,80,80,80,80,80,80,80,80,80,80,80,80,80,80,80,80,80,80,80,80,80,80,85,85,85,85,85,92,92,92,92,92,92,92,92,92,92,92,92,92,92,92,92,92,92,92,92,92,92],"card_choices":[{"not_picked":["Evolve","Warcry"],"picked":"Flex","floor":1},{"not_picked":["Wild Strike","Clothesline"],"picked":"Cleave","floor":2},{"not_picked":["Sword Boomerang","True Grit"],"picked":"Perfected Strike","floor":5},{"not_picked":["Flame Barrier","Headbutt"],"picked":"Twin Strike","floor":6},{"not_picked":["Iron Wave","Sword Boomerang"],"picked":"Bludgeon","floor":7},{"not_picked":["Infernal Blade","Pummel","Heavy Blade"],"picked":"SKIP","floor":12},{"not_picked":["Body Slam","Clothesline","Combust"],"picked":"SKIP","floor":13},{"not_picked":["Impervious","Barricade"],"picked":"Immolate","floor":16},{"not_picked":["Armaments","Thunderclap"],"picked":"Perfected Strike+1","floor":18},{"not_picked":["Wild Strike","Blood for Blood"],"picked":"Rage","floor":19},{"not_picked":["True Grit","Flame Barrier"],"picked":"Fiend Fire","floor":20},{"not_picked":["Combust","Disarm"],"picked":"Headbutt","floor":23},{"not_picked":["Headbutt","Wild Strike","Cleave+1","Seeing Red"],"picked":"SKIP","floor":25},{"not_picked":["Headbutt","Wild Strike","Cleave+1"],"picked":"Seeing Red","floor":25},{"not_picked":["Heavy Blade","Corruption","Demon Form","Dropkick"],"picked":"SKIP","floor":27},{"not_picked":["Headbutt","Havoc","Shockwave"],"picked":"Pommel Strike","floor":29},{"not_picked":["Shrug It Off","Power Through","Sword Boomerang"],"picked":"Spot Weakness+1","floor":31},{"not_picked":["Fiend Fire","Berserk","Demon Form"],"picked":"Dark Embrace","floor":33},{"not_picked":["Body Slam+1","Combust","Heavy Blade+1","Thunderclap"],"picked":"SKIP","floor":35},{"not_picked":["Flex+1","Thunderclap+1","Headbutt"],"picked":"Inflame","floor":39},{"not_picked":["Infernal Blade","Anger+1","Body Slam","Shrug It Off+1"],"picked":"SKIP","floor":41},{"not_picked":["Brutality","Warcry+1","Cleave","Armaments+1"],"picked":"SKIP","floor":42},{"not_picked":["Cleave","Hemokinesis+1","Iron Wave","Rampage"],"picked":"SKIP","floor":44},{"not_picked":["Sword Boomerang+1","Body Slam","Pommel Strike+1","Fire Breathing"],"picked":"SKIP","floor":45},{"not_picked":["Sword Boomerang+1","Shrug It Off","Anger+1"],"picked":"Whirlwind+1","floor":47},{"not_picked":["Ghostly Armor","Warcry","Flame Barrier","Flex"],"picked":"SKIP","floor":48}],"player_experience":215830,"relics_obtained":[{"floor":6,"key":"Matryoshka"},{"floor":9,"key":"Whetstone"},{"floor":9,"key":"Potion Belt"},{"floor":23,"key":"Question Card"},{"floor":25,"key":"Bottled Lightning"},{"floor":26,"key":"Blood Vial"},{"floor":26,"key":"Orichalcum"},{"floor":29,"key":"Strawberry"},{"floor":43,"key":"Anchor"}],"event_choices":[{"damage_healed":0,"gold_gain":0,"player_choice":"Grow","damage_taken":0,"max_hp_gain":0,"max_hp_loss":0,"event_name":"Living Wall","floor":3,"gold_loss":0,"cards_upgraded":["Cleave"]},{"cards_removed":["Defend_R"],"damage_healed":0,"gold_gain":0,"player_choice":"Purged","damage_taken":0,"max_hp_gain":0,"max_hp_loss":0,"event_name":"Purifier","floor":4,"gold_loss":0},{"damage_healed":0,"gold_gain":0,"player_choice":"Got Potions","damage_taken":0,"max_hp_gain":0,"max_hp_loss":0,"event_name":"Lab","floor":14,"gold_loss":0},{"damage_healed":0,"gold_gain":0,"player_choice":"Ignored","damage_taken":0,"max_hp_gain":0,"max_hp_loss":0,"event_name":"The Mausoleum","floor":21,"gold_loss":0},{"damage_healed":0,"gold_gain":99,"player_choice":"Stole From Cult","damage_taken":0,"max_hp_gain":0,"max_hp_loss":0,"event_name":"Nest","floor":22,"gold_loss":0},{"damage_healed":0,"gold_gain":0,"player_choice":"Shed Blood","damage_taken":20,"max_hp_gain":5,"max_hp_loss":0,"event_name":"Forgotten Altar","floor":24,"gold_loss":0},{"cards_removed":["Defend_R"],"damage_healed":0,"gold_gain":0,"player_choice":"Removed Skill","damage_taken":0,"max_hp_gain":0,"max_hp_loss":0,"event_name":"Falling","floor":36,"gold_loss":0},{"damage_healed":0,"gold_gain":0,"player_choice":"Ignored","damage_taken":0,"max_hp_gain":0,"max_hp_loss":0,"event_name":"Tomb of Lord Red Mask","floor":37,"gold_loss":0},{"damage_healed":0,"gold_gain":0,"player_choice":"Gave Potion","damage_taken":0,"relics_obtained":["Letter Opener"],"max_hp_gain":0,"max_hp_loss":0,"event_name":"WeMeetAgain","floor":38,"gold_loss":0}],"is_beta":false,"boss_relics":[{"not_picked":["Sozu","Tiny House"],"picked":"Mark of Pain"},{"not_picked":["Lizard Tail","White Beast Statue"],"picked":"Runic Dome"}],"items_purged_floors":[11,46],"is_endless":false,"potions_floor_spawned":[1,5,12,18,27,31,35,39,44,45],"killed_by":"Awakened One","ascension_level":0}