{"path_per_floor":["M","?","M","M","M","R","M","R","T","R","E","?","?","M","R","B",null,"M"],"character_chosen":"THE_SILENT","items_purchased":[],"gold_per_floor":[110,110,120,134,149,149,161,161,161,161,192,192,267,278,278,380,380,391],"floor_reached":19,"campfire_rested":1,"playtime":1029,"current_hp_per_floor":[70,56,56,56,63,63,58,58,58,58,45,45,34,31,52,28,70,51],"items_purged":[],"gold":391,"play_id":"5747c5eb-0dad-419f-ae2e-473ec808a336","is_prod":false,"is_daily":false,"is_ascension_mode":true,"campfire_upgraded":3,"path_taken":["M","?","M","M","M","R","?","R","T","R","E","?","?","M","R","BOSS","M","$"],"build_version":"2018-02-01-PROD3","purchased_purges":0,"victory":false,"master_deck":["Defend_G+1","Defend_G","Defend_G","Defend_G","Defend_G","Strike_G","Strike_G","Strike_G+1","Strike_G","Strike_G","Survivor","Neutralize+1","Dagger Spray+1","Flying Knee+1","Backflip","Terror","Outmaneuver","After Image","Cloak And Dagger","Setup","Quick Slash"],"max_hp_per_floor":[70,70,70,70,70,70,70,70,70,70,70,70,70,70,70,70,70,70],"relics":["Velvet Choker","Gambling Chip","Orichalcum","Orrery"],"card_choices":[{"not_picked":["Blur","Slice"],"picked":"Dagger Spray"},{"not_picked":["Sucker Punch","Skewer"],"picked":"Flying Knee"},{"not_picked":["Eviscerate","Bullet Time"],"picked":"Backflip"},{"not_picked":["Concentrate","PiercingWail"],"picked":"Terror"},{"not_picked":["Sucker Punch","Dodge and Roll"],"picked":"Outmaneuver"},{"not_picked":["Venomology","Doppelganger"],"picked":"After Image"},{"not_picked":["Calculated Gamble","Unload"],"picked":"Cloak And Dagger"},{"not_picked":["Flying Knee","Underhanded Strike"],"picked":"Setup"},{"not_picked":["Malaise","Prepared"],"picked":"Quick Slash"}],"player_experience":120126,"potions_floor_usage":[5,7,16],"damage_taken":[{"damage":0,"enemies":"Cultist","floor":1,"turns":4},{"damage":0,"enemies":"2 Louse","floor":3,"turns":2},{"damage":0,"enemies":"Blue Slaver","floor":4,"turns":3},{"damage":8,"enemies":"Exordium Wildlife","floor":5,"turns":6},{"damage":5,"enemies":"Exordium Thugs","floor":7,"turns":4},{"damage":13,"enemies":"3 Sentries","floor":11,"turns":7},{"damage":3,"enemies":"Looter","floor":14,"turns":2},{"damage":24,"enemies":"Slime Boss","floor":16,"turns":8},{"damage":19,"enemies":"Spheric Guardian","floor":18,"turns":5}],"event_choices":[{"event_name":"Shining Light","player_choice":"Entered Light","floor":2,"damage_taken":0},{"event_name":"Liars Game","player_choice":"disagreed","floor":12,"damage_taken":0},{"event_name":"World of Goop","player_choice":"Gather Gold","floor":13,"damage_taken":0}],"boss_relics":[{"not_picked":["Philosopher\u0027s Stone","Tiny House"],"picked":"Orrery"}],"potions_floor_spawned":[4,5,11,16,18],"seed_played":"-6403378601879309356","ascension_level":3,"is_trial":false}