{"gold_per_floor":[119,0,0,13,28,28,59,79,79,79,89,89,114,114,114,114],"floor_reached":16,"playtime":541,"items_purged":["Strike_B"],"score":209,"play_id":"e98d0d1a-7f49-493f-94ab-9dabaeadc290","local_time":"20190127140340","is_ascension_mode":true,"campfire_choices":[{"data":"Zap","floor":6,"key":"SMITH"},{"floor":10,"key":"REST"},{"floor":12,"key":"REST"},{"data":"Streamline","floor":15,"key":"SMITH"}],"neow_cost":"PERCENT_DAMAGE","seed_source_timestamp":1460604763107900,"circlet_count":0,"master_deck":["AscendersBane","Strike_B","Strike_B","Defend_B","Defend_B","Defend_B","Defend_B","Zap+1","Dualcast","All For One","Go for the Eyes","Defragment","Go for the Eyes","Streamline+1","All For One","Rebound","Gash","Hologram+1"],"relics":["Cracked Core","Regal Pillow","Art of War","Toxic Egg 2"],"potions_floor_usage":[7,7,16],"damage_taken":[{"damage":9,"enemies":"Jaw Worm","floor":1,"turns":4},{"damage":0,"enemies":"Cultist","floor":4,"turns":4},{"damage":4,"enemies":"Small Slimes","floor":5,"turns":3},{"damage":17,"enemies":"3 Sentries","floor":7,"turns":5},{"damage":12,"enemies":"2 Fungi Beasts","floor":8,"turns":4},{"damage":29,"enemies":"Large Slime","floor":11,"turns":5},{"damage":30,"enemies":"Gremlin Nob","floor":13,"turns":4},{"damage":22,"enemies":"The Guardian","floor":16,"turns":2}],"seed_played":"-3798814383520752141","potions_obtained":[{"floor":4,"key":"Strength Potion"},{"floor":5,"key":"FocusPotion"},{"floor":13,"key":"Dexterity Potion"}],"is_trial":false,"path_per_floor":["M","$","?","M","M","R","E","M","T","R","M","R","E","?","R","B"],"character_chosen":"DEFECT","items_purchased":["Defragment"],"campfire_rested":2,"item_purchase_floors":[2],"current_hp_per_floor":[37,37,37,37,33,33,16,4,4,40,11,47,17,17,17,0],"gold":114,"neow_bonus":"THREE_RARE_CARDS","is_prod":false,"is_daily":false,"chose_seed":false,"campfire_upgraded":2,"win_rate":0,"timestamp":1548626620,"path_taken":["M","$","?","M","?","R","E","M","T","R","M","R","E","?","R","BOSS"],"build_version":"2019-01-23","purchased_purges":1,"victory":false,"max_hp_per_floor":[71,71,71,71,71,71,71,71,71,71,71,71,71,71,71,71],"card_choices":[{"not_picked":["Amplify","Multi-Cast"],"picked":"All For One","floor":0},{"not_picked":["Stack","Turbo"],"picked":"Go for the Eyes","floor":1},{"not_picked":["Turbo","Leap"],"picked":"Go for the Eyes","floor":4},{"not_picked":["Barrage","Reinforced Body"],"picked":"Streamline","floor":5},{"not_picked":["Force Field","Steam Power"],"picked":"All For One","floor":7},{"not_picked":["Sweeping Beam","Double Energy"],"picked":"Rebound","floor":8},{"not_picked":["Heatsinks","Sweeping Beam"],"picked":"Gash","floor":11},{"not_picked":["Streamline","Steam"],"picked":"Hologram","floor":13}],"player_experience":589528,"relics_obtained":[{"floor":7,"key":"Regal Pillow"},{"floor":9,"key":"Art of War"},{"floor":13,"key":"Toxic Egg 2"}],"event_choices":[{"cards_removed":["Strike_B"],"damage_healed":0,"gold_gain":0,"player_choice":"Card Removal","damage_taken":0,"max_hp_gain":0,"max_hp_loss":0,"event_name":"Wheel of Change","floor":3,"gold_loss":0},{"damage_healed":0,"gold_gain":0,"player_choice":"Ignored","damage_taken":0,"max_hp_gain":0,"max_hp_loss":0,"event_name":"Shining Light","floor":14,"gold_loss":0}],"is_beta":false,"boss_relics":[],"items_purged_floors":[2],"is_endless":false,"potions_floor_spawned":[4,5,13],"killed_by":"The Guardian","ascension_level":18}