{"gold_per_floor":[368,368,387,42,57,83,83,94,119,178,193,158,187,201,201,273,273,286,286,286,286,286,45,45,62,88,113,125,147,159,197,209,293,305,335,347,77,96,62,62,91,107,131,147,147,165,165,190,190,190],"floor_reached":50,"playtime":2413,"items_purged":["Normality"],"score":1156,"play_id":"1e21f4a9-5f3c-497a-af95-5882229f8748","local_time":"20190301202847","is_ascension_mode":true,"campfire_choices":[{"data":"Sunder","floor":7,"key":"SMITH"},{"data":"Rainbow","floor":15,"key":"SMITH"},{"data":"Self Repair","floor":24,"key":"SMITH"},{"floor":28,"key":"REST"},{"data":"White Noise","floor":30,"key":"SMITH"},{"data":"Genetic Algorithm","floor":32,"key":"SMITH"},{"data":"Static Discharge","floor":40,"key":"SMITH"},{"data":"Seek","floor":45,"key":"SMITH"},{"floor":47,"key":"RECALL"},{"data":"Heatsinks","floor":49,"key":"SMITH"}],"neow_cost":"CURSE","seed_source_timestamp":2023289963028500,"circlet_count":0,"master_deck":["AscendersBane","Strike_B+1","Strike_B+1","Strike_B+1","Strike_B+1","Defend_B+1","Defend_B+1","Defend_B+1","Defend_B+1","Zap+1","Dualcast","Coolheaded","Sunder+1","Go for the Eyes+1","Echo Form","Cold Snap+1","Seek+1","White Noise+1","Genetic Algorithm+1","Rainbow+1","Echo Form","Gash+1","Self Repair+1","Loop","Sunder+1","Echo Form","Static Discharge+1","Gash","Consume","Heatsinks+1","Gash","Gash+1"],"relics":["Cracked Core","Mercury Hourglass","Art of War","PreservedInsect","Tiny Chest","Ancient Tea Set","Runic Pyramid","Ice Cream","MutagenicStrength","Lantern","Whetstone","MawBank","The Courier","Snecko Eye","Bottled Flame","Mummified Hand","Omamori"],"potions_floor_usage":[6,11,11,33,33,41,41,50,50],"damage_taken":[{"damage":7,"enemies":"Jaw Worm","floor":1,"turns":3},{"damage":6,"enemies":"Cultist","floor":3,"turns":3},{"damage":0,"enemies":"2 Louse","floor":5,"turns":2},{"damage":26,"enemies":"3 Sentries","floor":6,"turns":8},{"damage":0,"enemies":"Looter","floor":8,"turns":4},{"damage":4,"enemies":"Gremlin Nob","floor":10,"turns":3},{"damage":0,"enemies":"Exordium Wildlife","floor":11,"turns":2},{"damage":11,"enemies":"3 Sentries","floor":13,"turns":3},{"damage":0,"enemies":"2 Fungi Beasts","floor":14,"turns":2},{"damage":16,"enemies":"Hexaghost","floor":16,"turns":9},{"damage":31,"enemies":"Shell Parasite","floor":18,"turns":3},{"damage":0,"enemies":"Spheric Guardian","floor":25,"turns":3},{"damage":28,"enemies":"Slavers","floor":27,"turns":4},{"damage":4,"enemies":"Snecko","floor":29,"turns":3},{"damage":14,"enemies":"Book of Stabbing","floor":31,"turns":4},{"damage":29,"enemies":"Collector","floor":33,"turns":8},{"damage":0,"enemies":"3 Shapes","floor":35,"turns":3},{"damage":0,"enemies":"Orb Walker","floor":38,"turns":2},{"damage":34,"enemies":"Reptomancer","floor":41,"turns":5},{"damage":0,"enemies":"4 Shapes","floor":42,"turns":6},{"damage":16,"enemies":"Writhing Mass","floor":44,"turns":5},{"damage":0,"enemies":"Spire Growth","floor":46,"turns":3},{"damage":85,"enemies":"Awakened One","floor":50,"turns":8}],"seed_played":"7038840157995085699","potions_obtained":[{"floor":3,"key":"SteroidPotion"},{"floor":8,"key":"Fire Potion"},{"floor":10,"key":"Fire Potion"},{"floor":13,"key":"FearPotion"},{"floor":14,"key":"Explosive Potion"},{"floor":29,"key":"Energy Potion"},{"floor":33,"key":"Fire Potion"},{"floor":35,"key":"Regen Potion"},{"floor":38,"key":"SkillPotion"},{"floor":41,"key":"Regen Potion"},{"floor":46,"key":"GamblersBrew"}],"is_trial":false,"path_per_floor":["M","?","M","$","M","E","R","M","T","E","M","?","E","M","R","B",null,"M","?","T","?","?","$","R","M","T","E","R","M","R","E","R","B",null,"M","?","$","M","$","R","E","M","T","M","R","M","R","T","R","B"],"character_chosen":"DEFECT","items_purchased":["Mercury Hourglass","Lantern","Self Repair","Static Discharge","Bottled Flame","Consume"],"campfire_rested":1,"item_purchase_floors":[4,23,23,37,37,39],"current_hp_per_floor":[57,57,51,51,51,25,25,25,25,21,21,38,27,27,27,11,56,25,25,25,25,25,25,25,35,35,27,48,54,54,60,60,51,66,71,67,67,67,67,67,58,67,67,67,67,67,67,67,67,0],"gold":190,"neow_bonus":"TWO_FIFTY_GOLD","is_prod":false,"is_daily":false,"chose_seed":false,"campfire_upgraded":8,"win_rate":0,"timestamp":1551500927,"path_taken":["M","?","M","$","M","E","R","?","T","E","M","?","E","M","R","BOSS","M","?","?","?","?","?","R","?","T","E","R","M","R","E","R","BOSS","M","?","$","M","$","R","E","M","T","M","R","M","R","?","R","BOSS"],"build_version":"2019-01-23","purchased_purges":1,"victory":false,"max_hp_per_floor":[71,71,71,71,71,71,71,71,71,71,71,71,71,71,71,71,71,71,71,71,71,71,71,71,71,71,71,71,71,71,71,71,71,71,71,67,67,67,67,67,67,67,67,67,67,67,67,67,67,67],"card_choices":[{"not_picked":["Rip and Tear","Barrage"],"picked":"Coolheaded","floor":1},{"not_picked":["Steam","Barrage"],"picked":"Sunder","floor":3},{"not_picked":["Melter","Hello World"],"picked":"Go for the Eyes","floor":5},{"not_picked":["Doom and Gloom","Ball Lightning"],"picked":"Echo Form","floor":6},{"not_picked":["Leap","Streamline"],"picked":"Cold Snap","floor":8},{"not_picked":["Redo","Storm"],"picked":"Seek","floor":10},{"not_picked":["Hologram","Beam Cell"],"picked":"White Noise","floor":11},{"not_picked":["Redo","Rip and Tear"],"picked":"Genetic Algorithm","floor":13},{"not_picked":["Heatsinks","Doom and Gloom"],"picked":"Rainbow","floor":14},{"not_picked":["Machine Learning","Creative AI"],"picked":"Echo Form","floor":16},{"not_picked":["Recycle","Heatsinks"],"picked":"Gash+1","floor":18},{"not_picked":["Leap","White Noise","Rebound"],"picked":"SKIP","floor":25},{"not_picked":["Lockon","Reboot"],"picked":"Loop","floor":27},{"not_picked":["Chill","Beam Cell"],"picked":"Sunder+1","floor":29},{"not_picked":["Compile Driver","Stack+1","Doom and Gloom"],"picked":"SKIP","floor":31},{"not_picked":["All For One","Amplify"],"picked":"Echo Form","floor":33},{"not_picked":["Auto Shields+1","Go for the Eyes","Storm"],"picked":"SKIP","floor":35},{"not_picked":["Rebound+1","Barrage+1"],"picked":"Gash","floor":38},{"not_picked":["Barrage","Sweeping Beam"],"picked":"Heatsinks","floor":41},{"not_picked":["Scrape","Barrage"],"picked":"Gash","floor":42},{"not_picked":["Go for the Eyes+1","Compile Driver","Barrage"],"picked":"SKIP","floor":44},{"not_picked":["White Noise","Consume"],"picked":"Gash+1","floor":46}],"player_experience":774741,"relics_obtained":[{"floor":6,"key":"Art of War"},{"floor":9,"key":"PreservedInsect"},{"floor":10,"key":"Tiny Chest"},{"floor":13,"key":"Ancient Tea Set"},{"floor":20,"key":"Ice Cream"},{"floor":26,"key":"Whetstone"},{"floor":27,"key":"MawBank"},{"floor":31,"key":"The Courier"},{"floor":41,"key":"Mummified Hand"},{"floor":48,"key":"Omamori"}],"event_choices":[{"damage_healed":0,"gold_gain":0,"player_choice":"Upgraded","damage_taken":0,"max_hp_gain":0,"max_hp_loss":0,"event_name":"Upgrade Shrine","floor":2,"gold_loss":0,"cards_upgraded":["Zap"]},{"damage_healed":17,"gold_gain":0,"player_choice":"Healed","damage_taken":0,"max_hp_gain":0,"max_hp_loss":0,"event_name":"The Cleric","floor":12,"gold_loss":35},{"damage_healed":0,"gold_gain":0,"player_choice":"Simplicity","damage_taken":0,"max_hp_gain":0,"max_hp_loss":0,"event_name":"Back to Basics","floor":19,"gold_loss":0,"cards_upgraded":["Strike_B","Strike_B","Strike_B","Strike_B","Defend_B","Defend_B","Defend_B","Defend_B"]},{"damage_healed":0,"gold_gain":0,"player_choice":"Ignored","damage_taken":0,"max_hp_gain":0,"max_hp_loss":0,"event_name":"Vampires","floor":21,"gold_loss":0},{"damage_healed":0,"gold_gain":0,"player_choice":"Inject Mutagens","damage_taken":0,"relics_obtained":["MutagenicStrength"],"max_hp_gain":0,"max_hp_loss":0,"event_name":"Drug Dealer","floor":22,"gold_loss":0},{"damage_healed":0,"gold_gain":0,"player_choice":"Max HP","damage_taken":0,"max_hp_gain":0,"max_hp_loss":4,"event_name":"Winding Halls","floor":36,"gold_loss":0}],"is_beta":false,"boss_relics":[{"not_picked":["Black Star","Busted Crown"],"picked":"Runic Pyramid"},{"not_picked":["White Beast Statue","Eternal Feather"],"picked":"Snecko Eye"}],"items_purged_floors":[4],"is_endless":false,"potions_floor_spawned":[3,8,10,13,14,29,33,35,38,41,46],"killed_by":"Awakened One","ascension_level":20}