{"gold_per_floor":[111,122,122,141,216,216,246,246,270,284,0,35,35,52,52,130,130,146,146,162,62,76,76,35,52,52,69,69,89,89,89,89,166,166,177,177,196,196,207,207,226,226,226,55,0,0,0],"floor_reached":47,"playtime":1835,"items_purged":["Strike_G","Outmaneuver","Infinite Blades"],"score":848,"play_id":"515ea807-a165-44ce-8035-6f4399e0e9bc","local_time":"20181013210736","is_ascension_mode":true,"campfire_choices":[{"data":"Dagger Spray","floor":6.0,"key":"SMITH"},{"data":"Leg Sweep","floor":8.0,"key":"SMITH"},{"floor":13.0,"key":"REST"},{"data":"Cloak And Dagger","floor":15.0,"key":"SMITH"},{"data":"Cloak And Dagger","floor":23.0,"key":"SMITH"},{"data":"Dodge and Roll","floor":28.0,"key":"SMITH"},{"floor":32,"key":"REST"},{"data":"Envenom","floor":40,"key":"SMITH"},{"floor":42,"key":"REST"}],"neow_cost":"NONE","seed_source_timestamp":227801364718592,"circlet_count":0,"master_deck":["Survivor","Neutralize","AscendersBane","Dagger Spray+1","Dagger Throw","Leg Sweep+1","Sucker Punch","Endless Agony","Noxious Fumes","Cloak And Dagger+1","Terror","Glass Knife","PiercingWail","Heel Hook","Dodge and Roll+1","Blade Dance","PiercingWail","PiercingWail","Cloak And Dagger+1","Slice","Cloak And Dagger+1","Masterful Stab+1","Envenom+1","Catalyst+1","Dodge and Roll+1","Backflip","Footwork+1","Bouncing Flask"],"special_seed":0,"relics":["Ring of the Snake","NeowsBlessing","Anchor","Omamori","Orichalcum","Kunai","Pandora\u0027s Box","Meat on the Bone","Bottled Flame","Sozu","Letter Opener","Red Mask"],"potions_floor_usage":[33],"damage_taken":[{"damage":0.0,"enemies":"Cultist","floor":1.0,"turns":1.0},{"damage":0.0,"enemies":"Small Slimes","floor":2.0,"turns":1.0},{"damage":0.0,"enemies":"2 Louse","floor":4.0,"turns":1.0},{"damage":34.0,"enemies":"3 Sentries","floor":7.0,"turns":9.0},{"damage":5.0,"enemies":"Red Slaver","floor":10.0,"turns":5.0},{"damage":7.0,"enemies":"Lagavulin","floor":12.0,"turns":7.0},{"damage":1.0,"enemies":"Looter","floor":14.0,"turns":3.0},{"damage":15.0,"enemies":"The Guardian","floor":16.0,"turns":11.0},{"damage":7.0,"enemies":"2 Thieves","floor":18.0,"turns":5.0},{"damage":6.0,"enemies":"Chosen","floor":20.0,"turns":6.0},{"damage":7.0,"enemies":"Snake Plant","floor":22.0,"turns":6.0},{"damage":17.0,"enemies":"Shelled Parasite and Fungi","floor":25.0,"turns":6.0},{"damage":13.0,"enemies":"Centurion and Healer","floor":27.0,"turns":5.0},{"damage":2.0,"enemies":"3 Cultists","floor":29.0,"turns":4.0},{"damage":49,"enemies":"Collector","floor":33,"turns":13},{"damage":0,"enemies":"Orb Walker","floor":35,"turns":3},{"damage":9,"enemies":"3 Shapes","floor":37,"turns":12},{"damage":13,"enemies":"Transient","floor":39,"turns":6},{"damage":32,"enemies":"Spire Growth","floor":41,"turns":5},{"damage":46,"enemies":"3 Darklings","floor":47,"turns":6}],"seed_played":"-3352020005984483031","potions_obtained":[{"floor":2.0,"key":"SkillPotion"},{"floor":7.0,"key":"Fire Potion"},{"floor":14.0,"key":"Poison Potion"},{"floor":18.0,"key":"Regen Potion"},{"floor":27.0,"key":"Strength Potion"},{"floor":29.0,"key":"SkillPotion"}],"is_trial":false,"path_per_floor":["M","M","?","M","?","R","E","R","T","M","$","E","R","M","R","B",null,"M","?","M","$","M","R","$","M","T","M","R","M","T","?","R","B",null,"M","?","M","?","M","R","M","R","T","$","?","$"],"character_chosen":"THE_SILENT","items_purchased":["Noxious Fumes","Orichalcum","Infinite Blades","Bouncing Flask"],"campfire_rested":3,"item_purchase_floors":[11,11,24,44],"current_hp_per_floor":[59,59,64,64,53,53,19,19,19,14,14,7,28,27,27,12,56,49,49,43,43,36,36,36,34,34,33,33,43,43,43,64,27,60,60,60,51,51,38,38,18,39,39,39,39,39,0],"gold":0,"neow_bonus":"THREE_ENEMY_KILL","is_prod":false,"is_daily":false,"chose_seed":false,"campfire_upgraded":6,"win_rate":0,"timestamp":1539432456,"path_taken":["M","?","?","M","?","R","E","R","T","M","$","E","R","M","R","BOSS","M","?","M","?","?","R","$","M","T","M","R","M","?","?","R","BOSS","M","?","M","?","M","R","M","R","T","$","?","$","M"],"build_version":"2018-10-11","purchased_purges":3,"victory":false,"max_hp_per_floor":[66,66,71,71,71,71,71,71,71,71,71,71,71,71,71,71,71,71,71,71,71,71,71,71,71,71,71,71,71,71,71,71,71,71,71,71,71,71,71,71,71,71,71,71,71,71,71],"card_choices":[{"not_picked":["Sucker Punch","Cloak And Dagger"],"picked":"Dagger Spray","floor":1.0},{"not_picked":["Bane","Night Terror"],"picked":"Dagger Throw","floor":2.0},{"not_picked":["Sucker Punch","Outmaneuver"],"picked":"Leg Sweep","floor":4.0},{"not_picked":["Choke","PiercingWail"],"picked":"Sucker Punch","floor":7.0},{"not_picked":["Setup","Catalyst"],"picked":"Endless Agony","floor":10.0},{"not_picked":["Finisher","Choke"],"picked":"Cloak And Dagger","floor":12.0},{"not_picked":["Poisoned Stab","Tools of the Trade"],"picked":"Terror","floor":14.0},{"not_picked":["Phantasmal Killer","Venomology"],"picked":"Glass Knife","floor":16.0},{"not_picked":["Bane+1","PiercingWail","Blade Dance"],"picked":"SKIP","floor":18.0},{"not_picked":["Backflip","Leg Sweep"],"picked":"Cloak And Dagger","floor":20.0},{"not_picked":["Poisoned Stab","Choke+1"],"picked":"Slice","floor":22.0},{"not_picked":["Escape Plan","PiercingWail"],"picked":"Cloak And Dagger+1","floor":25.0},{"not_picked":["Outmaneuver+1","Noxious Fumes"],"picked":"Masterful Stab+1","floor":27.0},{"not_picked":["Skewer","Bane","PiercingWail"],"picked":"SKIP","floor":29.0},{"not_picked":["Glass Knife","Doppelganger"],"picked":"Envenom","floor":33},{"not_picked":["Leg Sweep","Cloak And Dagger"],"picked":"Catalyst","floor":35},{"not_picked":["Heel Hook","Slice"],"picked":"Dodge and Roll+1","floor":37},{"not_picked":["Tactician+1","Dagger Spray"],"picked":"Backflip","floor":39},{"not_picked":["Underhanded Strike","Noxious Fumes"],"picked":"Footwork+1","floor":41}],"player_experience":698218,"relics_obtained":[{"floor":7.0,"key":"Anchor"},{"floor":9.0,"key":"Omamori"},{"floor":12.0,"key":"Kunai"},{"floor":26.0,"key":"Meat on the Bone"},{"floor":30.0,"key":"Bottled Flame"},{"floor":43,"key":"Letter Opener"}],"event_choices":[{"event_name":"Big Fish","player_choice":"Donut","floor":3.0,"damage_taken":0.0},{"event_name":"World of Goop","player_choice":"Gather Gold","floor":5.0,"damage_taken":0.0},{"event_name":"Back to Basics","player_choice":"Elegance","floor":19.0,"damage_taken":0.0},{"event_name":"Cursed Tome","player_choice":"Ignored","floor":31,"damage_taken":0},{"event_name":"Falling","player_choice":"Removed Skill","floor":36,"damage_taken":0},{"event_name":"Upgrade Shrine","player_choice":"Upgraded","floor":38,"damage_taken":0},{"event_name":"Tomb of Lord Red Mask","player_choice":"Paid","floor":45,"damage_taken":0}],"is_beta":false,"boss_relics":[{"not_picked":["Orrery","Astrolabe"],"picked":"Pandora\u0027s Box"},{"not_picked":["Runic Pyramid","Black Star"],"picked":"Sozu"}],"items_purged_floors":[11,21,44],"is_endless":false,"potions_floor_spawned":[2,7,14,18,27,29,37,41],"killed_by":"3 Darklings","ascension_level":19}