{"gold_per_floor":[118,118,118,129,129,167,167,186,186,210,225,243,168,187,187,316,316,341,341,56,77,97,97,120,120,120,134,134,134,147,183,183,306,306,329,354,254,254,270,309,329,350,350,650,71,111,111,134,134,134],"floor_reached":51,"playtime":2255,"items_purged":["Strike_R","Shockwave","Defend_R"],"score":986,"play_id":"4b4da055-6431-4265-8ed7-4688a3437bb2","local_time":"20190308001518","is_ascension_mode":true,"campfire_choices":[{"data":"Body Slam","floor":15.0,"key":"SMITH"},{"data":"Entrench","floor":23,"key":"SMITH"},{"floor":28,"key":"REST"},{"floor":32,"key":"REST"},{"floor":49,"key":"REST"}],"neow_cost":"NONE","seed_source_timestamp":1998851549244726,"circlet_count":0,"master_deck":["Defend_R","Defend_R+1","Defend_R","Shrug It Off","Armaments","Body Slam+1","Juggernaut","Entrench+1","Body Slam+1","Body Slam+1","Impervious+1","Body Slam+1","Exhume","Armaments+1","Metallicize+1","Disarm+1","Ghostly Armor","Corruption","Armaments+1","Body Slam+1"],"special_seed":0,"relics":["Burning Blood","NeowsBlessing","Golden Idol","Blue Candle","Anchor","Empty Cage","DollysMirror","Self Forming Clay","Dead Branch","Sozu","Incense Burner","Prayer Wheel","War Paint","HandDrill","Vajra"],"potions_floor_usage":[24,30,35],"damage_taken":[{"damage":0.0,"enemies":"Jaw Worm","floor":1.0,"turns":1.0},{"damage":0.0,"enemies":"Cultist","floor":4.0,"turns":1.0},{"damage":0.0,"enemies":"Lagavulin","floor":6.0,"turns":1.0},{"damage":7.0,"enemies":"Small Slimes","floor":8.0,"turns":4.0},{"damage":1.0,"enemies":"Looter","floor":10.0,"turns":3.0},{"damage":9.0,"enemies":"Blue Slaver","floor":11.0,"turns":3.0},{"damage":15.0,"enemies":"Gremlin Gang","floor":12.0,"turns":6.0},{"damage":7.0,"enemies":"Large Slime","floor":14.0,"turns":12.0},{"damage":21.0,"enemies":"The Guardian","floor":16.0,"turns":19.0},{"damage":14.0,"enemies":"3 Byrds","floor":18.0,"turns":5.0},{"damage":22.0,"enemies":"Spheric Guardian","floor":21.0,"turns":6.0},{"damage":9,"enemies":"Snake Plant","floor":22,"turns":2},{"damage":3,"enemies":"Centurion and Healer","floor":24,"turns":8},{"damage":41,"enemies":"Cultist and Chosen","floor":27,"turns":7},{"damage":0,"enemies":"Shelled Parasite and Fungi","floor":30,"turns":3},{"damage":25,"enemies":"Gremlin Leader","floor":31,"turns":3},{"damage":58,"enemies":"Automaton","floor":33,"turns":7},{"damage":0,"enemies":"3 Shapes","floor":35,"turns":4},{"damage":0,"enemies":"Orb Walker","floor":36,"turns":2},{"damage":9,"enemies":"Spire Growth","floor":39,"turns":5},{"damage":25,"enemies":"Giant Head","floor":40,"turns":8},{"damage":0,"enemies":"Maw","floor":41,"turns":6},{"damage":0,"enemies":"Sphere and 2 Shapes","floor":42,"turns":2},{"damage":53,"enemies":"Reptomancer","floor":46,"turns":4},{"damage":0,"enemies":"4 Shapes","floor":48,"turns":4},{"damage":0,"enemies":"Awakened One","floor":50,"turns":6}],"seed_played":"-2141976773309809735","potions_obtained":[{"floor":4.0,"key":"LiquidBronze"},{"floor":10.0,"key":"AttackPotion"},{"floor":11.0,"key":"EntropicBrew"},{"floor":12.0,"key":"FearPotion"},{"floor":16.0,"key":"Ancient Potion"},{"floor":21.0,"key":"GamblersBrew"},{"floor":27,"key":"Poison Potion"},{"floor":33,"key":"GamblersBrew"}],"is_trial":false,"path_per_floor":["M","?","?","M","?","E","?","M","T","M","M","M","$","M","R","B",null,"M","?","$","M","M","R","M","?","T","M","R","?","M","E","R","B",null,"M","M","$","?","M","E","M","M","T","?","$","E","$","M","R","B",null],"character_chosen":"IRONCLAD","items_purchased":["DollysMirror","Impervious","Corruption","Armaments","War Paint","HandDrill"],"campfire_rested":3,"item_purchase_floors":[20,20,45,45,45,45],"current_hp_per_floor":[80,73,73,79,59,65,65,64,64,69,66,57,57,56,56,41,80,80,80,80,64,61,61,64,64,64,29,53,79,80,61,80,28,80,80,80,80,80,77,58,64,70,70,70,70,23,23,29,53,59],"gold":134,"neow_bonus":"THREE_ENEMY_KILL","is_prod":false,"is_daily":false,"chose_seed":false,"campfire_upgraded":2,"win_rate":0,"timestamp":1552022118,"path_taken":["M","?","?","?","?","E","?","M","T","M","M","M","?","M","R","BOSS","M","?","$","M","?","R","M","?","T","?","R","?","M","E","R","BOSS","M","M","$","?","M","E","?","M","T","?","$","E","?","?","R","BOSS"],"build_version":"2019-01-23","purchased_purges":3,"victory":true,"max_hp_per_floor":[80,80,80,80,80,80,80,80,80,80,80,80,80,80,80,80,80,80,80,80,80,80,80,80,80,80,80,80,80,80,80,80,80,80,80,80,80,80,80,80,80,80,80,80,80,80,80,80,80,80],"card_choices":[{"not_picked":["Clash","Carnage"],"picked":"Shrug It Off","floor":1.0},{"not_picked":["Havoc","Sword Boomerang"],"picked":"Shockwave","floor":4.0},{"not_picked":["Havoc","Seeing Red"],"picked":"Iron Wave","floor":6.0},{"not_picked":["Reckless Charge","Thunderclap","Perfected Strike"],"picked":"SKIP","floor":8.0},{"not_picked":["Anger","Flex","Fiend Fire"],"picked":"SKIP","floor":10.0},{"not_picked":["Sword Boomerang","Flex"],"picked":"Armaments","floor":11.0},{"not_picked":["Pummel","Flex","Pommel Strike"],"picked":"SKIP","floor":12.0},{"not_picked":["Fire Breathing","Carnage"],"picked":"Body Slam","floor":14.0},{"not_picked":["Exhume","Immolate"],"picked":"Juggernaut","floor":16.0},{"not_picked":["Thunderclap","Shrug It Off"],"picked":"Entrench","floor":18.0},{"not_picked":["Evolve+1","Cleave"],"picked":"Body Slam+1","floor":21.0},{"not_picked":["Second Wind","True Grit","Clothesline"],"picked":"SKIP","floor":22},{"not_picked":["Reckless Charge","Headbutt","Seeing Red"],"picked":"SKIP","floor":24},{"not_picked":["True Grit","Cleave","Flex+1"],"picked":"SKIP","floor":27},{"not_picked":["Clash+1","Disarm","Wild Strike+1"],"picked":"SKIP","floor":30},{"not_picked":["Clothesline","Cleave","Seeing Red"],"picked":"SKIP","floor":31},{"not_picked":["Juggernaut","Demon Form"],"picked":"Exhume","floor":33},{"not_picked":["Clash+1","Warcry"],"picked":"Armaments+1","floor":35},{"not_picked":["Blood for Blood+1","Flex"],"picked":"Metallicize+1","floor":36},{"not_picked":["Dual Wield+1","Spot Weakness+1","Uppercut"],"picked":"SKIP","floor":39},{"not_picked":["Headbutt","Pommel Strike"],"picked":"Disarm+1","floor":40},{"not_picked":["Iron Wave","Disarm","Warcry+1"],"picked":"SKIP","floor":41},{"not_picked":["Pommel Strike+1","Dropkick"],"picked":"Ghostly Armor","floor":42},{"not_picked":["Sword Boomerang+1","Combust+1","Anger"],"picked":"SKIP","floor":46},{"not_picked":["Anger","Blood for Blood+1"],"picked":"Body Slam+1","floor":48},{"not_picked":["Bludgeon","Ghostly Armor+1","Body Slam"],"picked":"SKIP","floor":48}],"player_experience":516166,"relics_obtained":[{"floor":6.0,"key":"Blue Candle"},{"floor":9.0,"key":"Anchor"},{"floor":26,"key":"Self Forming Clay"},{"floor":31,"key":"Dead Branch"},{"floor":40,"key":"Incense Burner"},{"floor":43,"key":"Prayer Wheel"},{"floor":46,"key":"Vajra"}],"event_choices":[{"cards_removed":["Strike_R"],"damage_healed":0.0,"max_hp_gain":0.0,"max_hp_loss":0.0,"gold_gain":0.0,"event_name":"Golden Wing","player_choice":"Card Removal","floor":2.0,"gold_loss":0.0,"damage_taken":7.0},{"cards_removed":["Strike_R"],"damage_healed":0.0,"max_hp_gain":0.0,"max_hp_loss":0.0,"gold_gain":0.0,"event_name":"Purifier","player_choice":"Purged","floor":3.0,"gold_loss":0.0,"damage_taken":0.0},{"damage_healed":0.0,"max_hp_gain":0.0,"max_hp_loss":0.0,"gold_gain":0.0,"event_name":"Golden Idol","player_choice":"Take Damage","floor":5.0,"gold_loss":0.0,"damage_taken":20.0,"relics_obtained":["Golden Idol"]},{"cards_removed":["Strike_R"],"damage_healed":0.0,"max_hp_gain":0.0,"max_hp_loss":0.0,"gold_gain":0.0,"event_name":"Living Wall","player_choice":"Forget","floor":7.0,"gold_loss":0.0,"damage_taken":0.0},{"damage_healed":0.0,"max_hp_gain":0.0,"max_hp_loss":0.0,"gold_gain":0.0,"event_name":"Duplicator","player_choice":"Copied","floor":19.0,"gold_loss":0.0,"damage_taken":0.0,"cards_obtained":["Body Slam"]},{"damage_healed":0,"gold_gain":0,"player_choice":"Forge","damage_taken":0,"max_hp_gain":0,"max_hp_loss":0,"event_name":"Accursed Blacksmith","floor":25,"gold_loss":0,"cards_upgraded":["Impervious"]},{"damage_healed":26,"gold_gain":0,"player_choice":"Heal","damage_taken":0,"max_hp_gain":0,"max_hp_loss":0,"event_name":"The Library","floor":29,"gold_loss":0},{"cards_removed":["Iron Wave"],"damage_healed":5,"gold_gain":0,"player_choice":"Offered Common","damage_taken":0,"max_hp_gain":0,"max_hp_loss":0,"event_name":"Bonfire Elementals","floor":38,"gold_loss":0},{"cards_removed":["Iron Wave"],"damage_healed":5,"gold_gain":0,"player_choice":"Offered Special","damage_taken":0,"max_hp_gain":0,"max_hp_loss":0,"event_name":"Bonfire Elementals","floor":38,"gold_loss":0},{"damage_healed":0,"gold_gain":300,"player_choice":"Gold","damage_taken":0,"max_hp_gain":0,"max_hp_loss":0,"event_name":"Wheel of Change","floor":44,"gold_loss":0}],"is_beta":false,"boss_relics":[{"not_picked":["Velvet Choker","Snecko Eye"],"picked":"Empty Cage"},{"not_picked":["Philosopher\u0027s Stone","Runic Cube"],"picked":"Sozu"}],"items_purged_floors":[13,37,45],"is_endless":false,"potions_floor_spawned":[4,10,11,12,16,21,27,33,39,41],"ascension_level":2}