{"gold_per_floor":[11,21,171,246,246,246,264,264,264,290,303,314,328,343,343,416,416,433,433,30,30,43,43],"floor_reached":23,"playtime":740,"items_purged":[],"score":386,"play_id":"e6854f4e-cf45-49bc-a128-14e753e114e8","local_time":"20181119235829","is_ascension_mode":true,"campfire_choices":[{"data":"True Grit","floor":6,"key":"SMITH"},{"floor":8,"key":"REST"},{"data":"Bash","floor":15,"key":"SMITH"}],"neow_cost":"NO_GOLD","seed_source_timestamp":47650499662109,"circlet_count":0,"master_deck":["AscendersBane","Strike_R","Strike_R","Strike_R","Defend_R","Defend_R","Defend_R","Bash+1","True Grit+1","Doubt","Pommel Strike","Disarm","Demon Form","Metallicize","Pain"],"relics":["Burning Blood","Mercury Hourglass","Letter Opener","Cursed Key","Membership Card","Blue Candle","WarpedTongs"],"potions_floor_usage":[14,16,16,22,23,23],"damage_taken":[{"damage":14,"enemies":"Jaw Worm","floor":1,"turns":6},{"damage":15,"enemies":"Small Slimes","floor":2,"turns":4},{"damage":3,"enemies":"2 Louse","floor":7,"turns":4},{"damage":32,"enemies":"Gremlin Nob","floor":10,"turns":4},{"damage":0,"enemies":"Red Slaver","floor":11,"turns":5},{"damage":8,"enemies":"Gremlin Gang","floor":12,"turns":4},{"damage":5,"enemies":"Blue Slaver","floor":13,"turns":4},{"damage":0,"enemies":"Large Slime","floor":14,"turns":4},{"damage":49,"enemies":"Slime Boss","floor":16,"turns":11},{"damage":13,"enemies":"Chosen","floor":18,"turns":4},{"damage":19,"enemies":"3 Byrds","floor":22,"turns":4},{"damage":24,"enemies":"Gremlin Leader","floor":23,"turns":5}],"seed_played":"-7103690355078669658","potions_obtained":[{"floor":10,"key":"EssenceOfSteel"},{"floor":12,"key":"Explosive Potion"},{"floor":14,"key":"PowerPotion"},{"floor":16,"key":"Dexterity Potion"},{"floor":18,"key":"Strength Potion"},{"floor":22,"key":"Explosive Potion"}],"is_trial":false,"path_per_floor":["M","M","?","?","?","R","M","R","T","E","M","M","M","M","R","B",null,"M","?","$","?","M","E"],"character_chosen":"IRONCLAD","items_purchased":["Membership Card","Metallicize","Blue Candle"],"campfire_rested":1,"item_purchase_floors":[20,20,20],"current_hp_per_floor":[60,51,51,40,40,40,43,65,65,39,45,43,44,50,50,7,58,51,30,30,30,17,0],"gold":43,"neow_bonus":"REMOVE_TWO","is_prod":false,"is_daily":false,"chose_seed":false,"campfire_upgraded":2,"win_rate":0,"timestamp":1542700709,"path_taken":["M","M","?","?","?","R","?","R","T","E","M","?","M","M","R","BOSS","M","?","$","?","?","E"],"build_version":"2018-11-15","purchased_purges":0,"victory":false,"max_hp_per_floor":[75,75,75,75,75,75,75,75,75,75,75,75,75,75,75,75,75,75,80,80,80,80,80],"card_choices":[{"not_picked":["Warcry","Anger","Armaments"],"picked":"SKIP","floor":1},{"not_picked":["Rampage","Sword Boomerang"],"picked":"True Grit","floor":2},{"not_picked":["Anger","Sever Soul","Thunderclap"],"picked":"SKIP","floor":7},{"not_picked":["Searing Blow","Dual Wield","Exhume"],"picked":"SKIP","floor":10},{"not_picked":["Burning Pact","True Grit"],"picked":"Disarm","floor":11},{"not_picked":["Twin Strike","Infernal Blade","Anger"],"picked":"SKIP","floor":12},{"not_picked":["Heavy Blade","Pummel","Clash"],"picked":"SKIP","floor":13},{"not_picked":["Hemokinesis","Rupture","Reckless Charge"],"picked":"SKIP","floor":14},{"not_picked":["Impervious","Exhume"],"picked":"Demon Form","floor":16},{"not_picked":["Thunderclap+1","Havoc","Corruption"],"picked":"SKIP","floor":18},{"not_picked":["Flex","Headbutt","Armaments"],"picked":"SKIP","floor":22}],"player_experience":656626,"relics_obtained":[{"floor":9,"key":"Mercury Hourglass"},{"floor":10,"key":"Letter Opener"}],"event_choices":[{"damage_healed":0,"gold_gain":150,"player_choice":"AGREE","damage_taken":0,"max_hp_gain":0,"max_hp_loss":0,"event_name":"Liars Game","floor":3,"gold_loss":0,"cards_obtained":["Doubt"]},{"damage_healed":0,"gold_gain":75,"player_choice":"Gather Gold","damage_taken":11,"max_hp_gain":0,"max_hp_loss":0,"event_name":"World of Goop","floor":4,"gold_loss":0},{"damage_healed":0,"gold_gain":0,"cards_transformed":["Strike_R"],"player_choice":"Transformed","damage_taken":0,"max_hp_gain":0,"max_hp_loss":0,"event_name":"Transmorgrifier","floor":5,"gold_loss":0,"cards_obtained":["Pommel Strike"]},{"damage_healed":0,"gold_gain":0,"player_choice":"Shed Blood","damage_taken":26,"max_hp_gain":5,"max_hp_loss":0,"event_name":"Forgotten Altar","floor":19,"gold_loss":0},{"damage_healed":0,"gold_gain":0,"player_choice":"Rummage","damage_taken":0,"relics_obtained":["WarpedTongs"],"max_hp_gain":0,"max_hp_loss":0,"event_name":"Accursed Blacksmith","floor":21,"gold_loss":0,"cards_obtained":["Pain"]}],"is_beta":false,"boss_relics":[{"not_picked":["Runic Cube","Runic Dome"],"picked":"Cursed Key"}],"items_purged_floors":[],"is_endless":false,"potions_floor_spawned":[10,12,14,16,18,22],"killed_by":"Gremlin Leader","ascension_level":20}