{"gold_per_floor":[119,119,44,44,61,61,95,95,119,119,130,44,44,44,44,170,170,184,184,202,102,123,123,0,35,35,35,35,35,35,58,58,58],"floor_reached":33,"playtime":1378,"items_purged":["Regret","Strike_B"],"score":341,"play_id":"381e51c5-7b36-4161-8455-1f5ade3c8667","local_time":"20190307163754","is_ascension_mode":true,"campfire_choices":[{"data":"Zap","floor":6,"key":"SMITH"},{"data":"Dualcast","floor":8,"key":"SMITH"},{"data":"Capacitor","floor":13,"key":"SMITH"},{"data":"Go for the Eyes","floor":15,"key":"SMITH"},{"data":"Glacier","floor":23,"key":"SMITH"},{"data":"Glacier","floor":27,"key":"SMITH"},{"floor":29,"key":"REST"},{"data":"All For One","floor":32,"key":"SMITH"}],"neow_cost":"NONE","seed_source_timestamp":15384962970450,"circlet_count":0,"master_deck":["Strike_B","Strike_B","Strike_B","Defend_B","Defend_B","Defend_B","Defend_B","Zap+1","Dualcast+1","BootSequence","Cold Snap","Glacier+1","Go for the Eyes+1","Capacitor+1","Leap","All For One+1","Leap+1","Doom and Gloom+1","Glacier+1","Melter"],"relics":["Cracked Core","NeowsBlessing","Omamori","Lantern","PreservedInsect","Golden Idol","Snecko Eye","WingedGreaves","Toxic Egg 2","Darkstone Periapt"],"potions_floor_usage":[18,20,31],"damage_taken":[{"damage":0,"enemies":"2 Louse","floor":1,"turns":1},{"damage":0,"enemies":"Small Slimes","floor":5,"turns":1},{"damage":0,"enemies":"Gremlin Nob","floor":7,"turns":1},{"damage":1,"enemies":"Cultist","floor":11,"turns":4},{"damage":31,"enemies":"Slime Boss","floor":16,"turns":16},{"damage":8,"enemies":"Shell Parasite","floor":18,"turns":7},{"damage":0,"enemies":"Spheric Guardian","floor":20,"turns":4},{"damage":0,"enemies":"Snecko","floor":22,"turns":3},{"damage":19,"enemies":"Book of Stabbing","floor":25,"turns":8},{"damage":10,"enemies":"3 Cultists","floor":31,"turns":8},{"damage":64,"enemies":"Automaton","floor":33,"turns":10}],"seed_played":"-7719075777578441466","potions_obtained":[{"floor":7,"key":"Energy Potion"},{"floor":16,"key":"Poison Potion"},{"floor":20,"key":"Dexterity Potion"},{"floor":25,"key":"Block Potion"}],"is_trial":false,"path_per_floor":["M","?","$","?","M","R","E","R","T","$","M","$","R","?","R","B",null,"M","?","M","$","M","R","?","E","T","R","?","R","$","M","R","B"],"character_chosen":"DEFECT","items_purchased":["Capacitor","Leap"],"campfire_rested":1,"item_purchase_floors":[12,12],"current_hp_per_floor":[75,75,75,75,75,75,75,75,75,75,74,74,74,56,56,25,75,67,67,67,67,67,67,67,48,48,48,48,70,70,60,60,0],"gold":58,"neow_bonus":"THREE_ENEMY_KILL","is_prod":false,"is_daily":false,"chose_seed":false,"campfire_upgraded":7,"win_rate":0,"timestamp":1552005474,"path_taken":["M","?","$","?","M","R","E","R","T","$","M","$","R","?","R","BOSS","M","?","?","$","M","R","?","E","T","R","?","R","$","M","R","BOSS"],"build_version":"2019-01-23","purchased_purges":2,"victory":false,"max_hp_per_floor":[75,75,75,75,75,75,75,75,75,75,75,75,75,75,75,75,75,75,75,75,75,75,75,75,75,75,75,75,75,75,75,75,75],"card_choices":[{"not_picked":["Gash","Beam Cell"],"picked":"BootSequence","floor":1},{"not_picked":["Leap","Steam"],"picked":"Cold Snap","floor":5},{"not_picked":["Sweeping Beam","Recycle"],"picked":"Glacier","floor":7},{"not_picked":["Cold Snap","BootSequence"],"picked":"Go for the Eyes","floor":11},{"not_picked":["Multi-Cast","Hyperbeam"],"picked":"All For One","floor":16},{"not_picked":["Gash","Redo+1"],"picked":"Leap+1","floor":18},{"not_picked":["Steam","Force Field"],"picked":"Doom and Gloom+1","floor":20},{"not_picked":["Beam Cell","Coolheaded+1"],"picked":"Glacier","floor":22},{"not_picked":["Coolheaded","Reboot","Hologram"],"picked":"SKIP","floor":25},{"not_picked":["Force Field+1","Double Energy+1"],"picked":"Melter","floor":31}],"player_experience":350822,"relics_obtained":[{"floor":7,"key":"Lantern"},{"floor":9,"key":"PreservedInsect"},{"floor":25,"key":"WingedGreaves"},{"floor":26,"key":"Toxic Egg 2"}],"event_choices":[{"damage_healed":0,"gold_gain":0,"player_choice":"Box","damage_taken":0,"relics_obtained":["Omamori"],"max_hp_gain":0,"max_hp_loss":0,"event_name":"Big Fish","floor":2,"gold_loss":0,"cards_obtained":["Regret"]},{"damage_healed":0,"gold_gain":0,"player_choice":"Ignored","damage_taken":0,"max_hp_gain":0,"max_hp_loss":0,"event_name":"Liars Game","floor":4,"gold_loss":0},{"damage_healed":0,"gold_gain":0,"player_choice":"Take Damage","damage_taken":18,"relics_obtained":["Golden Idol"],"max_hp_gain":0,"max_hp_loss":0,"event_name":"Golden Idol","floor":14,"gold_loss":0},{"damage_healed":0,"gold_gain":0,"player_choice":"Leave","damage_taken":0,"max_hp_gain":0,"max_hp_loss":0,"event_name":"FaceTrader","floor":19,"gold_loss":0},{"damage_healed":0,"gold_gain":0,"player_choice":"Paid Fearfully","damage_taken":0,"max_hp_gain":0,"max_hp_loss":0,"event_name":"Masked Bandits","floor":24,"gold_loss":123},{"damage_healed":0,"gold_gain":0,"player_choice":"Gave Potion","damage_taken":0,"relics_obtained":["Darkstone Periapt"],"max_hp_gain":0,"max_hp_loss":0,"event_name":"WeMeetAgain","floor":28,"gold_loss":0}],"is_beta":false,"boss_relics":[{"not_picked":["Runic Pyramid","Astrolabe"],"picked":"Snecko Eye"}],"items_purged_floors":[3,21],"is_endless":false,"potions_floor_spawned":[7,16,20,25],"killed_by":"Automaton","ascension_level":4}