{"gold_per_floor":[10,10,22,22,40,66,79,113,113,288,299,334,352,371,371,473,473,483,300,310,325,325,325,350,350,350,382,382,392,392,82,82,181,181,200,300,318,318,332,332,346,63,63,92,104,104,4,4,4,4],"floor_reached":51,"playtime":2395,"items_purged":["Doubt","Decay","Shame"],"score":1046,"play_id":"2ed4f43b-4722-4cbd-a3d8-5e0c68e9df9d","local_time":"20190303131140","is_ascension_mode":true,"campfire_choices":[{"data":"Bash","floor":15,"key":"SMITH"},{"data":"Flame Barrier","floor":23,"key":"SMITH"},{"floor":28,"key":"REST"},{"floor":32,"key":"REST"},{"floor":40,"key":"REST"},{"floor":46,"key":"REST"},{"floor":49,"key":"REST"}],"neow_cost":"NO_GOLD","seed_source_timestamp":213505627480098,"circlet_count":0,"master_deck":["Strike_R+1","Strike_R+1","Strike_R+1","Strike_R+1","Defend_R+1","Defend_R+1","Defend_R+1","Defend_R+1","Bash+1","Headbutt","Clothesline","Cleave","Iron Wave","Shockwave","Shrug It Off","Impervious","Iron Wave","Thunderclap","Feed","True Grit+1","Flame Barrier+1","Metallicize","Body Slam+1","Flex+1","Dropkick+1","Shrug It Off","Demon Form","Rage+1","Ghostly Armor+1","Ghostly Armor+1","Rage+1"],"relics":["Burning Blood","Nunchaku","Juzu Bracelet","Art of War","Mercury Hourglass","Bird Faced Urn","Sozu","Sundial","The Courier","Shovel","Bottled Tornado","Cursed Key","HandDrill","Bag of Preparation","Self Forming Clay","Singing Bowl"],"potions_floor_usage":[8,12,16,16,21],"damage_taken":[{"damage":12,"enemies":"Small Slimes","floor":1,"turns":4},{"damage":8,"enemies":"Jaw Worm","floor":3,"turns":5},{"damage":0,"enemies":"Cultist","floor":5,"turns":2},{"damage":18,"enemies":"Gremlin Nob","floor":6,"turns":4},{"damage":9,"enemies":"Red Slaver","floor":7,"turns":5},{"damage":35,"enemies":"3 Sentries","floor":8,"turns":9},{"damage":1,"enemies":"3 Louse","floor":11,"turns":2},{"damage":7,"enemies":"Gremlin Nob","floor":12,"turns":4},{"damage":1,"enemies":"2 Fungi Beasts","floor":13,"turns":3},{"damage":7,"enemies":"Lots of Slimes","floor":14,"turns":2},{"damage":38,"enemies":"Hexaghost","floor":16,"turns":13},{"damage":9,"enemies":"3 Byrds","floor":18,"turns":4},{"damage":14,"enemies":"Spheric Guardian","floor":20,"turns":4},{"damage":13,"enemies":"Shelled Parasite and Fungi","floor":21,"turns":6},{"damage":22,"enemies":"Book of Stabbing","floor":24,"turns":6},{"damage":19,"enemies":"Slavers","floor":27,"turns":5},{"damage":0,"enemies":"Cultist and Chosen","floor":29,"turns":5},{"damage":55,"enemies":"Automaton","floor":33,"turns":13},{"damage":0,"enemies":"Orb Walker","floor":35,"turns":3},{"damage":27,"enemies":"3 Darklings","floor":37,"turns":7},{"damage":19,"enemies":"Spire Growth","floor":39,"turns":6},{"damage":18,"enemies":"Sphere and 2 Shapes","floor":41,"turns":5},{"damage":37,"enemies":"Reptomancer","floor":44,"turns":6},{"damage":34,"enemies":"Writhing Mass","floor":45,"turns":6},{"damage":52,"enemies":"Awakened One","floor":50,"turns":15}],"seed_played":"-1936538505093641042","potions_obtained":[{"floor":1,"key":"Block Potion"},{"floor":3,"key":"Swift Potion"},{"floor":6,"key":"GamblersBrew"},{"floor":7,"key":"Regen Potion"},{"floor":12,"key":"SkillPotion"},{"floor":14,"key":"Energy Potion"}],"is_trial":false,"path_per_floor":["M","?","M","$","M","E","M","E","T","?","M","E","M","M","R","B",null,"M","$","M","M","?","R","E","?","T","E","R","M","?","$","R","B",null,"M","?","M","?","M","R","M","$","T","E","M","R","$","?","R","B",null],"character_chosen":"IRONCLAD","items_purchased":["Flame Barrier","Metallicize","Shrug It Off","Bottled Tornado","HandDrill","Bag of Preparation"],"campfire_rested":5,"item_purchase_floors":[19,19,31,31,42,42],"current_hp_per_floor":[66,59,57,57,63,51,48,34,34,34,39,38,43,42,42,10,63,63,63,57,55,55,55,41,41,41,28,53,64,64,64,89,40,77,85,85,66,66,55,81,73,73,73,46,22,48,48,48,74,32],"gold":4,"neow_bonus":"ONE_RARE_RELIC","is_prod":false,"is_daily":false,"chose_seed":false,"campfire_upgraded":2,"win_rate":0,"timestamp":1551636700,"path_taken":["M","?","M","$","M","E","M","E","T","?","M","E","M","M","R","BOSS","M","$","M","M","?","R","E","?","T","E","R","M","?","$","R","BOSS","M","?","M","?","M","R","M","$","T","E","M","R","?","?","R","BOSS"],"build_version":"2019-01-23","purchased_purges":3,"victory":true,"max_hp_per_floor":[80,80,80,80,80,80,80,80,80,80,80,80,80,80,80,80,80,83,83,83,86,86,86,86,86,86,86,86,89,89,89,89,89,89,89,89,89,89,89,89,89,89,89,89,89,89,89,89,89,89],"card_choices":[{"not_picked":["Seeing Red","Sword Boomerang"],"picked":"Headbutt","floor":1},{"not_picked":["Twin Strike","Iron Wave"],"picked":"Clothesline","floor":3},{"not_picked":["Reckless Charge","Pommel Strike"],"picked":"Cleave","floor":5},{"not_picked":["Blood for Blood","Bloodletting","Demon Form"],"picked":"SKIP","floor":6},{"not_picked":["Sword Boomerang","Rupture"],"picked":"Iron Wave","floor":7},{"not_picked":["Burning Pact","Pummel"],"picked":"Shockwave","floor":8},{"not_picked":["Warcry","Cleave"],"picked":"Shrug It Off","floor":11},{"not_picked":["Armaments","Shrug It Off"],"picked":"Impervious","floor":12},{"not_picked":["Second Wind","Power Through"],"picked":"Iron Wave","floor":13},{"not_picked":["Clash","Anger"],"picked":"Thunderclap","floor":14},{"not_picked":["Juggernaut","Fiend Fire"],"picked":"Feed","floor":16},{"not_picked":["Dual Wield","Body Slam"],"picked":"True Grit+1","floor":18},{"not_picked":["Sword Boomerang","Hemokinesis"],"picked":"Body Slam+1","floor":20},{"not_picked":["Sever Soul","Heavy Blade+1"],"picked":"Flex+1","floor":21},{"not_picked":["Havoc","Perfected Strike","True Grit"],"picked":"SKIP","floor":24},{"not_picked":["Feel No Pain","Hemokinesis"],"picked":"Uppercut","floor":27},{"not_picked":["Havoc","Dark Embrace"],"picked":"Dropkick+1","floor":29},{"not_picked":["Bludgeon","Limit Break"],"picked":"Demon Form","floor":33},{"not_picked":["Flex","Fire Breathing+1","Searing Blow"],"picked":"SKIP","floor":35},{"not_picked":["Reckless Charge","Rupture+1"],"picked":"Rage+1","floor":37},{"not_picked":["Seeing Red","Clothesline"],"picked":"Ghostly Armor+1","floor":39},{"not_picked":["Intimidate","Sword Boomerang+1","True Grit+1"],"picked":"SKIP","floor":41},{"not_picked":["Spot Weakness+1","True Grit"],"picked":"Ghostly Armor+1","floor":44},{"not_picked":["Headbutt+1","Iron Wave+1"],"picked":"Rage+1","floor":45}],"player_experience":264395,"relics_obtained":[{"floor":6,"key":"Juzu Bracelet"},{"floor":8,"key":"Art of War"},{"floor":9,"key":"Mercury Hourglass"},{"floor":12,"key":"Bird Faced Urn"},{"floor":24,"key":"Sundial"},{"floor":26,"key":"The Courier"},{"floor":27,"key":"Shovel"},{"floor":43,"key":"Self Forming Clay"},{"floor":44,"key":"Singing Bowl"}],"event_choices":[{"cards_removed":["Strike_R"],"damage_healed":0,"gold_gain":0,"player_choice":"Card Removal","damage_taken":7,"max_hp_gain":0,"max_hp_loss":0,"event_name":"Golden Wing","floor":2,"gold_loss":0},{"damage_healed":0,"gold_gain":175,"player_choice":"AGREE","damage_taken":0,"max_hp_gain":0,"max_hp_loss":0,"event_name":"Liars Game","floor":10,"gold_loss":0,"cards_obtained":["Doubt"]},{"damage_healed":0,"gold_gain":0,"player_choice":"Simplicity","damage_taken":0,"max_hp_gain":0,"max_hp_loss":0,"event_name":"Back to Basics","floor":22,"gold_loss":0,"cards_upgraded":["Strike_R","Strike_R","Strike_R","Strike_R","Defend_R","Defend_R","Defend_R","Defend_R"]},{"damage_healed":0,"gold_gain":0,"player_choice":"Ignored","damage_taken":0,"max_hp_gain":0,"max_hp_loss":0,"event_name":"Vampires","floor":25,"gold_loss":0},{"damage_healed":0,"gold_gain":0,"player_choice":"Smashed Altar","damage_taken":0,"max_hp_gain":0,"max_hp_loss":0,"event_name":"Forgotten Altar","floor":30,"gold_loss":0,"cards_obtained":["Decay"]},{"damage_healed":0,"gold_gain":100,"player_choice":"Pray","damage_taken":0,"max_hp_gain":0,"max_hp_loss":0,"event_name":"Golden Shrine","floor":36,"gold_loss":0},{"damage_healed":0,"gold_gain":0,"player_choice":"Ignored","damage_taken":0,"max_hp_gain":0,"max_hp_loss":0,"event_name":"SecretPortal","floor":38,"gold_loss":0},{"cards_removed":["Uppercut"],"damage_healed":0,"gold_gain":0,"player_choice":"Removed Attack","damage_taken":0,"max_hp_gain":0,"max_hp_loss":0,"event_name":"Falling","floor":48,"gold_loss":0}],"is_beta":false,"boss_relics":[{"not_picked":["Ectoplasm","Runic Pyramid"],"picked":"Sozu"},{"not_picked":["Black Star","Eternal Feather"],"picked":"Cursed Key"}],"items_purged_floors":[19,31,47],"is_endless":false,"potions_floor_spawned":[1,3,6,7,12,14,20,24,27,29,41,45],"ascension_level":9}