{"gold_per_floor":[212,223,233,245,24,44,44,44,69,81,95,110,110,126,126,126],"floor_reached":16,"playtime":745,"items_purged":[],"score":98,"play_id":"2a22301f-c689-44c9-bc5f-324370fd09da","local_time":"20180910133826","is_ascension_mode":false,"campfire_choices":[{"data":"Spot Weakness","floor":7,"key":"SMITH"},{"data":"Headbutt","floor":13,"key":"SMITH"},{"data":"Cleave","floor":15,"key":"SMITH"}],"neow_cost":"NONE","seed_source_timestamp":317035324877594,"circlet_count":0,"master_deck":["Strike_R","Strike_R","Strike_R","Strike_R","Strike_R","Defend_R","Defend_R","Defend_R","Defend_R","Bash","Carnage","Twin Strike","Cleave+1","Heavy Blade","Spot Weakness+1","Reaper","Armaments","Havoc","Headbutt+1"],"relics":["Burning Blood","Potion Belt"],"potions_floor_usage":[2,4,12,16,16,16],"damage_taken":[{"damage":1,"enemies":"Cultist","floor":1,"turns":3},{"damage":2,"enemies":"Small Slimes","floor":2,"turns":2},{"damage":1,"enemies":"Jaw Worm","floor":3,"turns":3},{"damage":5,"enemies":"Looter","floor":4,"turns":2},{"damage":23,"enemies":"Large Slime","floor":6,"turns":6},{"damage":5,"enemies":"Lots of Slimes","floor":10,"turns":2},{"damage":18,"enemies":"Red Slaver","floor":11,"turns":4},{"damage":19,"enemies":"Blue Slaver","floor":12,"turns":3},{"damage":5,"enemies":"Lots of Slimes","floor":14,"turns":2},{"damage":76,"enemies":"The Guardian","floor":16,"turns":9}],"seed_played":"-5785418668106002480","potions_obtained":[{"floor":1,"key":"Fire Potion"},{"floor":3,"key":"SteroidPotion"},{"floor":6,"key":"SpeedPotion"},{"floor":11,"key":"LiquidBronze"},{"floor":12,"key":"Strength Potion"},{"floor":14,"key":"Regen Potion"}],"is_trial":false,"path_per_floor":["M","M","M","M","$","M","R","?","T","M","M","M","R","M","R"],"character_chosen":"IRONCLAD","items_purchased":["Spot Weakness","Reaper"],"campfire_rested":0,"item_purchase_floors":[5,5],"current_hp_per_floor":[80,80,80,80,80,63,63,63,63,78,74,69,69,70,70,15],"gold":126,"neow_bonus":"HUNDRED_GOLD","is_prod":false,"is_daily":false,"chose_seed":false,"campfire_upgraded":3,"win_rate":0.0,"timestamp":1536601106,"path_taken":["M","M","M","M","$","M","R","?","T","M","?","M","R","M","R","BOSS"],"build_version":"2018-09-06","purchased_purges":0,"victory":false,"max_hp_per_floor":[80,80,80,80,80,80,80,80,80,80,80,80,80,80,80,80],"card_choices":[{"not_picked":["Feel No Pain","Battle Trance"],"picked":"Carnage","floor":1},{"not_picked":["Perfected Strike","Clothesline"],"picked":"Twin Strike","floor":2},{"not_picked":["Ghostly Armor","Pommel Strike"],"picked":"Cleave","floor":3},{"not_picked":["Clothesline","Flame Barrier"],"picked":"Heavy Blade","floor":4},{"not_picked":["Barricade","Sentinel"],"picked":"Armaments","floor":6},{"not_picked":["Evolve","Clothesline","Clash"],"picked":"SKIP","floor":10},{"not_picked":["Juggernaut","Perfected Strike","Blood for Blood"],"picked":"SKIP","floor":11},{"not_picked":["Warcry","Sword Boomerang"],"picked":"Headbutt","floor":12},{"not_picked":["Ghostly Armor","Sword Boomerang","Dropkick"],"picked":"SKIP","floor":14}],"player_experience":62922,"relics_obtained":[{"floor":9,"key":"Potion Belt"}],"event_choices":[{"event_name":"Match and Keep!","player_choice":"1 cards matched","floor":8,"damage_taken":0}],"is_beta":false,"boss_relics":[],"items_purged_floors":[],"is_endless":false,"potions_floor_spawned":[1,3,6,11,12,14],"killed_by":"The Guardian","ascension_level":0}