{"gold_per_floor":[110,120,131,0,13,48,48,58,58,90,90,106,119,152,152,228,228,238,238,238,163,175,507,507,507,532,557,557,576,606,619,619,694,694,705,718,718,769,769,769,799,799,825,825,839,37,57,67,67,67],"floor_reached":51,"playtime":4671,"items_purged":["Strike_G","Strike_G"],"score":1375,"play_id":"3e54d6fa-39a1-41bb-8c2c-3d70daa9db5d","local_time":"20180704200118","is_ascension_mode":true,"campfire_choices":[{"data":"Neutralize","floor":7.0,"key":"SMITH"},{"floor":11.0,"key":"REST"},{"data":"After Image","floor":15.0,"key":"SMITH"},{"data":"Malaise","floor":25.0,"key":"SMITH"},{"floor":28.0,"key":"REST"},{"floor":32,"key":"REST"},{"data":"Well Laid Plans","floor":40,"key":"SMITH"},{"data":"Noxious Fumes","floor":42,"key":"SMITH"},{"data":"Predator","floor":44,"key":"SMITH"},{"floor":49,"key":"DIG"}],"neow_cost":"","seed_source_timestamp":0,"circlet_count":0,"master_deck":["Defend_G","Defend_G","Defend_G","Defend_G","Defend_G","Strike_G","Strike_G","Survivor","Neutralize+1","AscendersBane","Quick Slash","Noxious Fumes+1","Flying Knee","Well Laid Plans+1","Unload","Blur","PiercingWail","Predator+1","After Image+1","Adrenaline","Dodge and Roll+1","Necronomicurse","Underhanded Strike","PiercingWail","Backflip","Malaise+1","Calculated Gamble","Underhanded Strike","Envenom","Footwork+1","Dodge and Roll","Predator","Predator+1","Panache","Blur"],"special_seed":0,"relics":["Ring of the Snake","Regal Pillow","Boot","Ornamental Fan","Oddly Smooth Stone","Question Card","Velvet Choker","Necronomicon","Old Coin","Art of War","Strawberry","Thread and Needle","Eternal Feather","Gremlin Horn","Ginger","Dream Catcher","Omamori","Shovel","Bag of Marbles","Singing Bowl"],"potions_floor_usage":[33,41,45,50,50],"damage_taken":[{"damage":2.0,"enemies":"Cultist","floor":1.0,"turns":4.0},{"damage":4.0,"enemies":"Small Slimes","floor":2.0,"turns":4.0},{"damage":0.0,"enemies":"2 Louse","floor":3.0,"turns":3.0},{"damage":1.0,"enemies":"Blue Slaver","floor":5.0,"turns":6.0},{"damage":0.0,"enemies":"Gremlin Nob","floor":6.0,"turns":2.0},{"damage":15.0,"enemies":"Exordium Thugs","floor":8.0,"turns":5.0},{"damage":6.0,"enemies":"3 Sentries","floor":10.0,"turns":6.0},{"damage":2.0,"enemies":"Red Slaver","floor":12.0,"turns":4.0},{"damage":6.0,"enemies":"2 Fungi Beasts","floor":13.0,"turns":4.0},{"damage":0.0,"enemies":"Lagavulin","floor":14.0,"turns":8.0},{"damage":10.0,"enemies":"The Guardian","floor":16.0,"turns":13.0},{"damage":0.0,"enemies":"Spheric Guardian","floor":18.0,"turns":5.0},{"damage":0.0,"enemies":"Shell Parasite","floor":22.0,"turns":5.0},{"damage":4.0,"enemies":"Slavers","floor":23.0,"turns":6.0},{"damage":13.0,"enemies":"Book of Stabbing","floor":27.0,"turns":9.0},{"damage":0.0,"enemies":"3 Cultists","floor":29.0,"turns":6.0},{"damage":26.0,"enemies":"Slavers","floor":30.0,"turns":9.0},{"damage":0.0,"enemies":"Snecko","floor":31.0,"turns":5.0},{"damage":64,"enemies":"Automaton","floor":33,"turns":14},{"damage":0,"enemies":"3 Darklings","floor":35,"turns":8},{"damage":0,"enemies":"Orb Walker","floor":36,"turns":4},{"damage":0,"floor":38,"turns":8},{"damage":22,"enemies":"Giant Head","floor":41,"turns":12},{"damage":1,"enemies":"Maw","floor":45,"turns":8},{"damage":0,"enemies":"3 Darklings","floor":47,"turns":5},{"damage":0,"enemies":"Sphere and 2 Shapes","floor":48,"turns":5},{"damage":31,"enemies":"Time Eater","floor":50,"turns":19}],"seed_played":"1054794543311700011","potions_obtained":[{"floor":3.0,"key":"FearPotion"},{"floor":6.0,"key":"Strength Potion"},{"floor":10.0,"key":"GamblersBrew"},{"floor":13.0,"key":"SmokeBomb"},{"floor":14.0,"key":"Block Potion"},{"floor":18.0,"key":"SpeedPotion"},{"floor":23.0,"key":"SteroidPotion"},{"floor":33,"key":"SteroidPotion"},{"floor":38,"key":"AttackPotion"},{"floor":41,"key":"SkillPotion"},{"floor":45,"key":"SkillPotion"}],"is_trial":false,"path_per_floor":["M","M","M","$","M","E","R","M","T","E","R","M","M","E","R","B",null,"M","?","?","$","M","E","?","R","T","E","R","M","E","M","R","B",null,"M","M","T","?","?","R","E","R","T","R","M","$","M","M","R","B"],"character_chosen":"THE_SILENT","items_purchased":["Strength Potion","Well Laid Plans","Panache","Shovel","Bag of Marbles","Poison Potion"],"campfire_rested":3,"item_purchase_floors":[],"current_hp_per_floor":[57,53,53,53,52,52,52,37,37,31,65,63,57,57,57,47,61,61,40,40,40,40,36,36,36,36,30,66,66,40,40,73,9,57,57,57,57,57,57,69,47,59,59,71,70,70,70,70,73,42],"gold":67,"neow_bonus":"","is_prod":false,"is_daily":false,"chose_seed":false,"campfire_upgraded":6,"win_rate":0,"timestamp":1530727278,"path_taken":["M","M","?","?","M","E","R","?","T","E","R","M","M","E","R","BOSS","M","?","?","$","M","E","?","R","T","E","R","?","E","M","R","BOSS","M","M","?","?","?","R","E","R","T","R","M","$","?","M","R","BOSS"],"build_version":"2018-06-28","purchased_purges":2,"victory":true,"max_hp_per_floor":[66,66,66,66,66,66,66,66,66,66,66,66,66,66,66,66,66,66,66,66,66,66,66,66,66,66,73,73,73,73,73,73,73,73,73,73,73,73,73,73,73,73,73,73,73,73,73,73,73,73],"card_choices":[{"not_picked":["Poisoned Stab","Calculated Gamble"],"picked":"Quick Slash","floor":1.0},{"not_picked":["Caltrops","Sucker Punch"],"picked":"Noxious Fumes","floor":2.0},{"not_picked":["Concentrate","Outmaneuver"],"picked":"Flying Knee","floor":3.0},{"not_picked":["Quick Slash","Outmaneuver"],"picked":"Unload","floor":5.0},{"not_picked":["Backflip","Outmaneuver"],"picked":"Blur","floor":6.0},{"not_picked":["Acrobatics","Deflect"],"picked":"PiercingWail","floor":8.0},{"not_picked":["Acrobatics","Heel Hook"],"picked":"Predator","floor":10.0},{"not_picked":["Acrobatics","Deadly Poison"],"picked":"After Image","floor":12.0},{"not_picked":["Prepared","Flying Knee","Deadly Poison"],"picked":"SKIP","floor":13.0},{"not_picked":["Concentrate","Well Laid Plans","Corpse Explosion"],"picked":"SKIP","floor":14.0},{"not_picked":["Tools of the Trade","Night Terror","Tactician"],"picked":"Adrenaline","floor":16.0},{"not_picked":["Riddle With Holes+1","Infinite Blades","Blade Dance"],"picked":"Dodge and Roll+1","floor":18.0},{"not_picked":["Outmaneuver","Underhanded Strike","Heel Hook"],"picked":"PiercingWail","floor":22.0},{"not_picked":["Poisoned Stab","Sucker Punch","Quick Slash"],"picked":"Backflip","floor":23.0},{"not_picked":["Reflex+1","Heel Hook","Eviscerate"],"picked":"Calculated Gamble","floor":27.0},{"not_picked":["Poisoned Stab","Phantasmal Killer","Prepared"],"picked":"Underhanded Strike","floor":29.0},{"not_picked":["Dagger Spray","Sucker Punch","Reflex","Finisher"],"picked":"SKIP","floor":30.0},{"not_picked":["Masterful Stab","Accuracy","Prepared","Flying Knee"],"picked":"SKIP","floor":31.0},{"not_picked":["Corpse Explosion","Storm of Steel","Doppelganger"],"picked":"Envenom","floor":33},{"not_picked":["Choke","Deflect","Underhanded Strike"],"picked":"Footwork+1","floor":35},{"not_picked":["Flying Knee","Slice","Deadly Poison+1","Quick Slash+1"],"picked":"SKIP","floor":36},{"not_picked":["Bane","Poisoned Stab","Crippling Poison"],"picked":"Dodge and Roll","floor":38},{"not_picked":["Poisoned Stab+1","A Thousand Cuts","Deflect"],"picked":"Predator","floor":41},{"not_picked":["Sucker Punch+1","Outmaneuver","Endless Agony+1"],"picked":"Predator+1","floor":45},{"not_picked":["Heel Hook+1","Dagger Spray","Backflip"],"picked":"Blur","floor":47},{"not_picked":["Dagger Spray","Slice+1","Dagger Throw","Terror"],"picked":"SKIP","floor":48}],"player_experience":747863,"relics_obtained":[{"floor":6.0,"key":"Boot"},{"floor":9.0,"key":"Ornamental Fan"},{"floor":10.0,"key":"Oddly Smooth Stone"},{"floor":14.0,"key":"Question Card"},{"floor":19.0,"key":"Necronomicon"},{"floor":23.0,"key":"Old Coin"},{"floor":26.0,"key":"Art of War"},{"floor":27.0,"key":"Strawberry"},{"floor":30.0,"key":"Thread and Needle"},{"floor":37,"key":"Gremlin Horn"},{"floor":38,"key":"Ginger"},{"floor":41,"key":"Dream Catcher"},{"floor":43,"key":"Omamori"},{"floor":49,"key":"Singing Bowl"}],"event_choices":[{"event_name":"Cursed Tome","player_choice":"Obtained Book","floor":19.0,"damage_taken":0.0},{"event_name":"Transmorgrifier","player_choice":"Transform","floor":20.0,"damage_taken":0.0},{"event_name":"The Library","player_choice":"Read","floor":24.0,"damage_taken":0.0},{"event_name":"Mysterious Sphere","player_choice":"Fight","floor":38,"damage_taken":0},{"event_name":"Tomb of Lord Red Mask","player_choice":"Ignored","floor":39,"damage_taken":0}],"boss_relics":[{"not_picked":["Runic Dome","Pandora\u0027s Box"],"picked":"Velvet Choker"},{"not_picked":["Tiny House","Black Star"],"picked":"Eternal Feather"}],"items_purged_floors":[],"is_endless":false,"potions_floor_spawned":[3,6,10,13,14,16,18,23,27,29,33,38,41,45],"ascension_level":15}