{"gold_per_floor":[118,132,132,157,176,176,24,36,102,114,145,157,169,181,193,281,293,320,350,362,401,413,425,447,473,536,548,560,588,600],"floor_reached":30,"playtime":1575,"items_purged":[],"score":360,"play_id":"d29e79f9-5ff5-4dbd-abc7-3629349b7226","local_time":"20181118175700","is_ascension_mode":true,"campfire_choices":[{"data":"Zap","floor":6,"key":"SMITH"},{"data":"Self Repair","floor":8,"key":"SMITH"},{"data":"Hologram","floor":12,"key":"SMITH"},{"data":"Dualcast","floor":15,"key":"SMITH"},{"data":"Coolheaded","floor":23,"key":"SMITH"},{"data":"Reboot","floor":28,"key":"SMITH"}],"neow_cost":"NONE","seed_source_timestamp":186335923360239,"circlet_count":0,"master_deck":["AscendersBane","Strike_B","Strike_B","Defend_B","Defend_B+1","Defend_B","Defend_B","Zap+1","Dualcast+1","Reboot+1","Self Repair+1","Conserve Battery","Ball Lightning+1","Hologram+1","Machine Learning","Force Field+1","Coolheaded+1","Auto Shields","Recycle","Amplify"],"relics":["Cracked Core","Shuriken","Regal Pillow","MawBank","Oddly Smooth Stone","Snecko Eye","Vajra","Ancient Tea Set"],"potions_floor_usage":[16,18],"damage_taken":[{"damage":5,"enemies":"Small Slimes","floor":1,"turns":4},{"damage":1,"enemies":"Jaw Worm","floor":2,"turns":4},{"damage":1,"enemies":"Cultist","floor":5,"turns":4},{"damage":0,"enemies":"Looter","floor":11,"turns":3},{"damage":46,"enemies":"Slime Boss","floor":16,"turns":9},{"damage":7,"enemies":"Spheric Guardian","floor":18,"turns":5},{"damage":22,"enemies":"3 Byrds","floor":19,"turns":6},{"damage":16,"enemies":"Snake Plant","floor":24,"turns":5},{"damage":3,"enemies":"Snecko","floor":25,"turns":8},{"damage":20,"enemies":"Centurion and Healer","floor":29,"turns":14},{"damage":45,"enemies":"3 Cultists","floor":30,"turns":5}],"seed_played":"-6031626663921760478","potions_obtained":[{"floor":1,"key":"Strength Potion"},{"floor":16,"key":"Block Potion"},{"floor":25,"key":"SmokeBomb"},{"floor":29,"key":"LiquidBronze"}],"is_trial":false,"path_per_floor":["M","M","?","T","M","R","$","R","T","?","M","R","?","?","R","B",null,"M","M","?","T","?","R","M","M","T","?","R","M","M"],"character_chosen":"DEFECT","items_purchased":["MawBank"],"campfire_rested":0,"item_purchase_floors":[7],"current_hp_per_floor":[63,69,66,66,72,72,72,72,72,72,75,75,60,53,53,17,61,64,52,38,38,38,38,32,39,39,39,39,29,0],"gold":600,"neow_bonus":"ONE_RANDOM_RARE_CARD","is_prod":false,"is_daily":false,"chose_seed":false,"campfire_upgraded":6,"win_rate":0,"timestamp":1542592620,"path_taken":["M","M","?","?","?","R","$","R","T","?","M","R","?","?","R","BOSS","M","M","?","?","?","R","M","M","T","?","R","M","M"],"build_version":"2018-11-15","purchased_purges":0,"victory":false,"max_hp_per_floor":[75,75,75,75,75,75,75,75,75,75,75,75,75,75,75,75,75,75,75,80,80,80,80,80,80,80,80,80,80,80],"card_choices":[{"not_picked":["Barrage","Stack"],"picked":"Self Repair","floor":1},{"not_picked":["Go for the Eyes","Redo"],"picked":"Conserve Battery","floor":2},{"not_picked":["Conserve Battery","Hello World"],"picked":"Ball Lightning","floor":5},{"not_picked":["Cold Snap","Scrape"],"picked":"Hologram","floor":11},{"not_picked":["Fission","Biased Cognition"],"picked":"Machine Learning","floor":16},{"not_picked":["Ball Lightning","Streamline"],"picked":"Force Field+1","floor":18},{"not_picked":["Steam+1","Static Discharge+1"],"picked":"Coolheaded","floor":19},{"not_picked":["Genetic Algorithm+1","Compile Driver"],"picked":"Auto Shields","floor":24},{"not_picked":["Barrage","Gash"],"picked":"Recycle","floor":25},{"not_picked":["Leap","Beam Cell","Rebound"],"picked":"SKIP","floor":29}],"player_experience":423174,"relics_obtained":[{"floor":4,"key":"Regal Pillow"},{"floor":9,"key":"Oddly Smooth Stone"},{"floor":21,"key":"Vajra"},{"floor":26,"key":"Ancient Tea Set"}],"event_choices":[{"damage_healed":0,"gold_gain":0,"player_choice":"Success","damage_taken":3,"relics_obtained":["Shuriken"],"max_hp_gain":0,"max_hp_loss":0,"event_name":"Scrap Ooze","floor":3,"gold_loss":0},{"damage_healed":0,"gold_gain":0,"player_choice":"Ignored","damage_taken":0,"max_hp_gain":0,"max_hp_loss":0,"event_name":"Liars Game","floor":10,"gold_loss":0},{"damage_healed":0,"gold_gain":0,"player_choice":"Entered Light","damage_taken":15,"max_hp_gain":0,"max_hp_loss":0,"event_name":"Shining Light","floor":13,"gold_loss":0,"cards_upgraded":["Ball Lightning","Defend_B"]},{"cards_removed":["Strike_B"],"damage_healed":0,"gold_gain":0,"player_choice":"Card Removal","damage_taken":7,"max_hp_gain":0,"max_hp_loss":0,"event_name":"Golden Wing","floor":14,"gold_loss":0},{"damage_healed":0,"gold_gain":0,"player_choice":"Shed Blood","damage_taken":19,"max_hp_gain":5,"max_hp_loss":0,"event_name":"Forgotten Altar","floor":20,"gold_loss":0},{"damage_healed":0,"gold_gain":0,"player_choice":"Ignored","damage_taken":0,"max_hp_gain":0,"max_hp_loss":0,"event_name":"Ghosts","floor":22,"gold_loss":0},{"damage_healed":0,"gold_gain":0,"cards_transformed":["Strike_B"],"player_choice":"Transformed","damage_taken":0,"max_hp_gain":0,"max_hp_loss":0,"event_name":"Transmorgrifier","floor":27,"gold_loss":0,"cards_obtained":["Amplify"]}],"is_beta":false,"boss_relics":[{"not_picked":["Calling Bell","Empty Cage"],"picked":"Snecko Eye"}],"items_purged_floors":[],"is_endless":false,"potions_floor_spawned":[1,16,25,29],"killed_by":"3 Cultists","ascension_level":13}