{"gold_per_floor":[111,111,111,72,72,87,121,139,211,132,160,185,208,242,242,370,370,395,395,420,57,73,108,108,126,126,126,140,165,48,63,63,189,189,213,213,63,63,33,72,85,109,134,146,158,170,182,217,229,241],"floor_reached":51,"playtime":3118,"items_purged":["Defend_R","Defend_R"],"score":782,"play_id":"951bb672-f2b8-4baa-9be8-21b9ea886b1c","local_time":"20190303054811","is_ascension_mode":false,"campfire_choices":[{"floor":15,"key":"REST"},{"data":"Secret Weapon","floor":24,"key":"SMITH"},{"data":"Perfected Strike","floor":32,"key":"SMITH"},{"data":"Double Tap","floor":45,"key":"SMITH"},{"data":"Madness","floor":47,"key":"SMITH"},{"data":"Perfected Strike","floor":49,"key":"SMITH"}],"neow_cost":"NONE","seed_source_timestamp":37195461574406,"circlet_count":0,"master_deck":["Strike_R","Strike_R","Strike_R","Strike_R","Strike_R","Bash","Cleave","Shockwave","Seeing Red","Twin Strike","Thunderclap","Twin Strike","Dropkick","Pommel Strike","Twin Strike","Shrug It Off","Flex","Fiend Fire","Perfected Strike+1","Perfected Strike+1","Thunderclap","Secret Weapon+1","Shrug It Off+1","Twin Strike","Perfected Strike+1","Flex+1","Perfected Strike+1","Thinking Ahead","Seeing Red","Double Tap+1","Pommel Strike","Madness+1","Madness","Madness","Headbutt+1","Battle Trance+1","Shrug It Off","Purity","Panache","Jack Of All Trades","Twin Strike+1"],"relics":["Burning Blood","Bag of Marbles","Golden Idol","Pen Nib","Letter Opener","Odd Mushroom","Lantern","Runic Cube","MutagenicStrength","Membership Card","Darkstone Periapt","Meat on the Bone","Lizard Tail","DollysMirror","Gremlin Horn","MawBank","Molten Egg 2"],"potions_floor_usage":[16,16,33,33,33,50,50,50],"damage_taken":[{"damage":7,"enemies":"Small Slimes","floor":1,"turns":3},{"damage":11,"enemies":"Jaw Worm","floor":6,"turns":3},{"damage":31,"enemies":"Lagavulin","floor":7,"turns":5},{"damage":0,"enemies":"2 Louse","floor":8,"turns":2},{"damage":9,"enemies":"The Mushroom Lair","floor":11,"turns":2},{"damage":8,"enemies":"Large Slime","floor":12,"turns":4},{"damage":7,"enemies":"Blue Slaver","floor":13,"turns":2},{"damage":21,"enemies":"3 Sentries","floor":14,"turns":4},{"damage":23,"enemies":"Hexaghost","floor":16,"turns":5},{"damage":12,"enemies":"Shell Parasite","floor":18,"turns":3},{"damage":10,"enemies":"2 Thieves","floor":20,"turns":2},{"damage":6,"enemies":"Snecko","floor":22,"turns":3},{"damage":20,"enemies":"Book of Stabbing","floor":23,"turns":3},{"damage":10,"enemies":"Cultist and Chosen","floor":25,"turns":2},{"damage":21,"enemies":"Shelled Parasite and Fungi","floor":28,"turns":4},{"damage":0,"enemies":"Snecko","floor":29,"turns":2},{"damage":2,"enemies":"Chosen and Byrds","floor":31,"turns":3},{"damage":50,"enemies":"Champ","floor":33,"turns":6},{"damage":0,"enemies":"Orb Walker","floor":35,"turns":1},{"damage":18,"enemies":"Giant Head","floor":40,"turns":5},{"damage":0,"enemies":"3 Shapes","floor":41,"turns":1},{"damage":2,"enemies":"Sphere and 2 Shapes","floor":42,"turns":3},{"damage":7,"enemies":"3 Darklings","floor":48,"turns":3},{"damage":140,"enemies":"Awakened One","floor":50,"turns":9}],"seed_played":"3249082130006087985","potions_obtained":[{"floor":8,"key":"AttackPotion"},{"floor":11,"key":"GamblersBrew"},{"floor":12,"key":"Swift Potion"},{"floor":20,"key":"Strength Potion"},{"floor":25,"key":"Fire Potion"},{"floor":31,"key":"PowerPotion"},{"floor":35,"key":"Explosive Potion"},{"floor":39,"key":"Regen Potion"},{"floor":39,"key":"BloodPotion"}],"is_trial":false,"path_per_floor":["M","?","?","$","?","M","E","M","T","$","?","M","M","E","R","B",null,"M","?","M","$","M","E","R","M","T","?","M","M","$","M","R","B",null,"M","?","$","?","?","E","M","M","T","?","R","T","R","M","R","B",null],"character_chosen":"IRONCLAD","items_purchased":["Seeing Red","Dropkick","Membership Card","Thunderclap","Secret Weapon","Perfected Strike","Thinking Ahead","DollysMirror"],"campfire_rested":1,"item_purchase_floors":[4,10,21,21,21,30,30,37],"current_hp_per_floor":[79,79,72,72,72,67,42,48,48,48,45,43,42,27,49,32,74,68,68,64,64,64,50,50,46,46,46,43,49,49,53,53,21,74,74,65,65,65,65,53,59,63,63,53,53,53,53,52,52,20],"gold":253,"neow_bonus":"RANDOM_COMMON_RELIC","is_prod":false,"is_daily":false,"chose_seed":false,"campfire_upgraded":5,"win_rate":0.0,"timestamp":1551559691,"path_taken":["M","?","?","$","?","M","E","M","T","$","?","M","?","E","R","BOSS","M","?","M","$","M","E","R","M","T","?","M","M","?","M","R","BOSS","M","?","$","?","?","E","M","?","T","?","R","?","R","M","R","BOSS"],"build_version":"2019-01-23","purchased_purges":2,"victory":true,"max_hp_per_floor":[80,80,80,80,74,74,74,74,74,74,74,74,74,74,74,74,74,74,74,74,74,74,74,74,74,74,74,74,74,74,74,74,74,74,74,74,74,74,74,74,74,74,74,74,74,74,74,74,74,74],"card_choices":[{"not_picked":["True Grit","Body Slam"],"picked":"Cleave","floor":1},{"not_picked":["Pummel","Rampage"],"picked":"Twin Strike","floor":6},{"not_picked":["Clothesline","Dark Embrace"],"picked":"Thunderclap","floor":7},{"not_picked":["Clothesline","Armaments"],"picked":"Twin Strike","floor":8},{"not_picked":["Corruption","Metallicize"],"picked":"Pommel Strike","floor":11},{"not_picked":["Fire Breathing","Metallicize"],"picked":"Twin Strike","floor":12},{"not_picked":["Entrench","Body Slam"],"picked":"Shrug It Off","floor":13},{"not_picked":["Juggernaut","Clash"],"picked":"Flex","floor":14},{"not_picked":["Juggernaut","Impervious"],"picked":"Fiend Fire","floor":16},{"not_picked":["Rage","Uppercut+1"],"picked":"Perfected Strike+1","floor":18},{"not_picked":["Power Through","Reckless Charge"],"picked":"Perfected Strike","floor":20},{"not_picked":["Cleave","Clothesline+1"],"picked":"Shrug It Off+1","floor":22},{"not_picked":["Armaments+1","Uppercut"],"picked":"Twin Strike","floor":23},{"not_picked":["Cleave","Iron Wave"],"picked":"Corruption+1","floor":25},{"not_picked":["Twin Strike","Pummel"],"picked":"Perfected Strike+1","floor":28},{"not_picked":["Shockwave","Clash"],"picked":"Flex+1","floor":29},{"not_picked":["Juggernaut","Corruption"],"picked":"Seeing Red","floor":31},{"not_picked":["Impervious","Barricade"],"picked":"Double Tap","floor":33},{"not_picked":["True Grit","Warcry"],"picked":"Pommel Strike","floor":35},{"not_picked":["Ghostly Armor+1","Feel No Pain+1"],"picked":"Headbutt+1","floor":40},{"not_picked":["Clash+1","Pommel Strike"],"picked":"Battle Trance+1","floor":41},{"not_picked":["Iron Wave+1","Feel No Pain+1"],"picked":"Shrug It Off","floor":42},{"not_picked":["Mind Blast","Madness"],"picked":"Purity","floor":44},{"not_picked":["Forethought","Mind Blast"],"picked":"Panache","floor":44},{"not_picked":["Magnetism","Purity"],"picked":"Jack Of All Trades","floor":44},{"not_picked":["Clothesline+1","Flex"],"picked":"Twin Strike+1","floor":48}],"player_experience":1054,"relics_obtained":[{"floor":7,"key":"Pen Nib"},{"floor":9,"key":"Letter Opener"},{"floor":11,"key":"Odd Mushroom"},{"floor":14,"key":"Lantern"},{"floor":23,"key":"Darkstone Periapt"},{"floor":26,"key":"Meat on the Bone"},{"floor":40,"key":"Gremlin Horn"},{"floor":43,"key":"MawBank"},{"floor":46,"key":"Molten Egg 2"}],"event_choices":[{"damage_healed":0,"gold_gain":0,"cards_transformed":["Defend_R"],"player_choice":"Change","damage_taken":0,"max_hp_gain":0,"max_hp_loss":0,"event_name":"Living Wall","floor":2,"gold_loss":0,"cards_obtained":["Shockwave"]},{"cards_removed":["Defend_R"],"damage_healed":0,"gold_gain":0,"player_choice":"Card Removal","damage_taken":7,"max_hp_gain":0,"max_hp_loss":0,"event_name":"Golden Wing","floor":3,"gold_loss":0},{"damage_healed":0,"gold_gain":0,"player_choice":"Lose Max HP","damage_taken":0,"relics_obtained":["Golden Idol"],"max_hp_gain":0,"max_hp_loss":6,"event_name":"Golden Idol","floor":5,"gold_loss":0},{"damage_healed":0,"gold_gain":0,"player_choice":"Fought Mushrooms","damage_taken":0,"max_hp_gain":0,"max_hp_loss":0,"event_name":"Mushrooms","floor":11,"gold_loss":0},{"damage_healed":0,"gold_gain":0,"player_choice":"Inject Mutagens","damage_taken":0,"relics_obtained":["MutagenicStrength"],"max_hp_gain":0,"max_hp_loss":0,"event_name":"Drug Dealer","floor":19,"gold_loss":0},{"damage_healed":0,"gold_gain":0,"player_choice":"Ignored","damage_taken":0,"max_hp_gain":0,"max_hp_loss":0,"event_name":"Vampires","floor":27,"gold_loss":0},{"damage_healed":0,"gold_gain":0,"player_choice":"Embrace Madness","damage_taken":9,"max_hp_gain":0,"max_hp_loss":0,"event_name":"Winding Halls","floor":36,"gold_loss":0,"cards_obtained":["Madness","Madness"]},{"cards_removed":["Corruption"],"damage_healed":0,"gold_gain":0,"player_choice":"Removed Power","damage_taken":0,"max_hp_gain":0,"max_hp_loss":0,"event_name":"Falling","floor":38,"gold_loss":0},{"damage_healed":0,"gold_gain":0,"player_choice":"Bought 2 Potions","damage_taken":0,"max_hp_gain":0,"max_hp_loss":0,"event_name":"The Woman in Blue","floor":39,"gold_loss":0},{"damage_healed":0,"gold_gain":0,"player_choice":"Memory 3","damage_taken":10,"max_hp_gain":0,"max_hp_loss":0,"event_name":"SensoryStone","floor":44,"gold_loss":0}],"is_beta":false,"boss_relics":[{"not_picked":["Ectoplasm","Mark of Pain"],"picked":"Runic Cube"},{"not_picked":["Black Blood","Fusion Hammer"],"picked":"Lizard Tail"}],"items_purged_floors":[21,37],"is_endless":false,"potions_floor_spawned":[8,11,12,20,25,28,31,35,40],"ascension_level":0}