{"gold_per_floor":[110,35,51,51,51,51,66,84,84,84,101,111,122,135,135,235,235,247,267,182,107,120,120,120],"floor_reached":24,"playtime":3325,"items_purged":["Strike_B"],"score":192,"play_id":"e9741418-f401-4c19-8943-be15995c1f49","local_time":"20190305201554","is_ascension_mode":false,"campfire_choices":[{"data":"Dualcast","floor":6,"key":"SMITH"},{"data":"Beam Cell","floor":10,"key":"SMITH"},{"data":"Scrape","floor":15,"key":"SMITH"},{"floor":23,"key":"REST"}],"neow_cost":"NONE","seed_source_timestamp":280642090900520,"circlet_count":0,"master_deck":["Strike_B","Strike_B","Strike_B","Defend_B","Defend_B","Defend_B","Zap+1","Dualcast+1","Beam Cell+1","Hologram","Hologram","Beam Cell","Scrape+1","Turbo","Echo Form","Steam+1"],"relics":["Cracked Core","NeowsBlessing","Question Card","Lizard Tail","Mummified Hand"],"potions_floor_usage":[16,19,19,19,24],"damage_taken":[{"damage":0,"enemies":"Cultist","floor":1,"turns":1},{"damage":0,"enemies":"2 Louse","floor":3,"turns":1},{"damage":0,"enemies":"Jaw Worm","floor":7,"turns":1},{"damage":0,"enemies":"2 Fungi Beasts","floor":8,"turns":3},{"damage":0,"enemies":"3 Louse","floor":11,"turns":3},{"damage":6,"enemies":"Gremlin Gang","floor":12,"turns":5},{"damage":0,"enemies":"Exordium Thugs","floor":13,"turns":3},{"damage":0,"enemies":"Red Slaver","floor":14,"turns":3},{"damage":42,"enemies":"Hexaghost","floor":16,"turns":8},{"damage":12,"enemies":"Shell Parasite","floor":18,"turns":4},{"damage":29,"enemies":"3 Byrds","floor":19,"turns":4},{"damage":67,"enemies":"3 Cultists","floor":22,"turns":7},{"damage":51,"enemies":"Gremlin Leader","floor":24,"turns":7}],"seed_played":"-3206919444202952290","potions_obtained":[{"floor":8,"key":"SpeedPotion"},{"floor":14,"key":"FearPotion"},{"floor":16,"key":"Regen Potion"},{"floor":18,"key":"LiquidBronze"},{"floor":22,"key":"Block Potion"}],"is_trial":false,"path_per_floor":["M","$","M","$","?","R","M","M","T","R","M","M","M","M","R","B",null,"M","M","?","?","M","R","E"],"character_chosen":"DEFECT","items_purchased":[],"campfire_rested":1,"item_purchase_floors":[],"current_hp_per_floor":[75,75,75,75,75,75,75,75,75,75,75,69,69,69,69,27,75,63,46,46,46,24,46,0],"gold":120,"neow_bonus":"THREE_ENEMY_KILL","is_prod":false,"is_daily":false,"chose_seed":false,"campfire_upgraded":3,"win_rate":0,"timestamp":1551834954,"path_taken":["M","$","M","$","?","R","M","M","T","R","M","M","M","M","R","BOSS","M","M","?","?","M","R","E"],"build_version":"2019-01-23","purchased_purges":1,"victory":false,"max_hp_per_floor":[75,75,75,75,75,75,75,75,75,75,75,75,75,75,75,75,75,75,75,75,75,75,75,75],"card_choices":[{"not_picked":["Rebound","Sweeping Beam"],"picked":"Beam Cell","floor":1},{"not_picked":["Barrage","Skim"],"picked":"Hologram","floor":3},{"not_picked":["Sweeping Beam","Compile Driver"],"picked":"Hologram","floor":7},{"not_picked":["Skim","Blizzard"],"picked":"Beam Cell","floor":8},{"not_picked":["Storm","Defragment","Reinforced Body","Creative AI"],"picked":"SKIP","floor":11},{"not_picked":["Hologram","Conserve Battery","Streamline"],"picked":"Scrape","floor":12},{"not_picked":["Hologram","Cold Snap","Melter","Storm"],"picked":"SKIP","floor":13},{"not_picked":["Doom and Gloom","Conserve Battery","Go for the Eyes"],"picked":"Turbo","floor":14},{"not_picked":["Seek","All For One","Electrodynamics"],"picked":"Echo Form","floor":16},{"not_picked":["White Noise","Beam Cell","Stack","Streamline+1"],"picked":"SKIP","floor":18},{"not_picked":["Capacitor","Chaos+1","White Noise+1","Coolheaded"],"picked":"SKIP","floor":19},{"not_picked":["Reprogram","Barrage","Hologram"],"picked":"Steam+1","floor":22}],"player_experience":244327,"relics_obtained":[{"floor":9,"key":"Question Card"}],"event_choices":[{"damage_healed":0,"gold_gain":0,"player_choice":"Grow","damage_taken":0,"max_hp_gain":0,"max_hp_loss":0,"event_name":"Living Wall","floor":5,"gold_loss":0,"cards_upgraded":["Zap"]},{"damage_healed":0,"gold_gain":0,"player_choice":"Obtained Relic","damage_taken":0,"relics_obtained":["Mummified Hand"],"max_hp_gain":0,"max_hp_loss":0,"event_name":"Addict","floor":20,"gold_loss":85},{"cards_removed":["Defend_B"],"damage_healed":0,"gold_gain":0,"player_choice":"Gave Gold","damage_taken":0,"max_hp_gain":0,"max_hp_loss":0,"event_name":"Beggar","floor":21,"gold_loss":75}],"is_beta":false,"boss_relics":[{"not_picked":["Eternal Feather","Snecko Eye"],"picked":"Lizard Tail"}],"items_purged_floors":[2],"is_endless":false,"potions_floor_spawned":[8,14,16,18,22],"killed_by":"Gremlin Leader","ascension_level":0}