{"gold_per_floor":[115,40,40,51,51,76,94,44,44,58,77,77,97,97,97,97],"floor_reached":16,"playtime":875,"items_purged":["Strike_G"],"score":102,"play_id":"8413bc63-4420-4aba-b3dc-f1046de03293","local_time":"20180817181901","is_ascension_mode":false,"campfire_choices":[{"floor":15,"key":"REST"}],"neow_cost":"","seed_source_timestamp":140078132284555,"circlet_count":0,"master_deck":["Defend_G","Defend_G","Defend_G","Strike_G","Strike_G","Survivor","Neutralize","Deadly Poison"],"relics":["Ring of the Snake","Gremlin Horn","Happy Flower"],"potions_floor_usage":[13,13,16],"damage_taken":[{"damage":0,"enemies":"Small Slimes","floor":1,"turns":7},{"damage":1,"enemies":"Jaw Worm","floor":4,"turns":5},{"damage":37,"enemies":"3 Sentries","floor":6,"turns":16},{"damage":1,"enemies":"Cultist","floor":7,"turns":5},{"damage":11,"enemies":"3 Louse","floor":10,"turns":4},{"damage":8,"enemies":"Large Slime","floor":11,"turns":11},{"damage":2,"enemies":"Lots of Slimes","floor":13,"turns":3},{"damage":28,"enemies":"The Guardian","floor":16,"turns":10}],"seed_played":"-7455218295430149037","potions_obtained":[{"floor":6,"key":"EssenceOfSteel"},{"floor":10,"key":"PowerPotion"},{"floor":13,"key":"Swift Potion"}],"is_trial":false,"path_per_floor":["M","$","?","M","?","E","M","?","T","M","M","?","M","?","R"],"character_chosen":"THE_SILENT","items_purchased":[],"campfire_rested":1,"item_purchase_floors":[],"current_hp_per_floor":[70,70,63,62,62,25,24,24,24,13,5,5,3,3,24,0],"gold":97,"neow_bonus":"","is_prod":false,"is_daily":false,"chose_seed":false,"campfire_upgraded":0,"win_rate":0,"timestamp":1534544341,"path_taken":["M","$","?","M","?","E","M","?","T","?","M","?","?","?","R","BOSS"],"build_version":"2018-08-16","purchased_purges":1,"victory":false,"max_hp_per_floor":[70,70,70,70,70,70,70,70,70,70,70,70,70,70,70,70],"card_choices":[{"not_picked":["Blade Dance","Backflip","Riddle With Holes"],"picked":"SKIP","floor":1},{"not_picked":["Eviscerate","Accuracy","Dagger Throw"],"picked":"SKIP","floor":4},{"not_picked":["Underhanded Strike","Backflip","Dodge and Roll"],"picked":"SKIP","floor":6},{"not_picked":["Flechettes","Blade Dance","Outmaneuver"],"picked":"SKIP","floor":7},{"not_picked":["Acrobatics","Flying Knee","Dash"],"picked":"SKIP","floor":10},{"not_picked":["Backflip","Poisoned Stab"],"picked":"Deadly Poison","floor":11},{"not_picked":["Quick Slash","Venomology","Bouncing Flask"],"picked":"SKIP","floor":13}],"player_experience":80603,"relics_obtained":[{"floor":6,"key":"Gremlin Horn"},{"floor":9,"key":"Happy Flower"}],"event_choices":[{"event_name":"Golden Wing","player_choice":"Card Removal","floor":3,"damage_taken":0},{"event_name":"Purifier","player_choice":"One Purge","floor":5,"damage_taken":0},{"event_name":"The Cleric","player_choice":"Card Removal","floor":8,"damage_taken":0},{"event_name":"Golden Idol","player_choice":"Ignored","floor":12,"damage_taken":0},{"event_name":"Living Wall","player_choice":"Forget","floor":14,"damage_taken":0}],"is_beta":false,"boss_relics":[],"items_purged_floors":[2],"is_endless":false,"potions_floor_spawned":[6,10,13],"killed_by":"The Guardian","ascension_level":0}