{"path_per_floor":["M","?","M","M","?","R","E","R","T","E","M","E","T","M","R","B",null,"M","M","?","M","M","R","E","M","T","M","$","E","M","E","R","B",null,"M","M","$","M","?"],"character_chosen":"THE_SILENT","items_purchased":["Cloak And Dagger"],"gold_per_floor":[99,99,99,99,99,99,99,99,99,99,69,69,69,69,69,69,69,69,69,69,69,69,69,69,69,69,69,19,19,19,19,19,19,19,19,19,19,19,19,19],"floor_reached":40,"campfire_rested":0,"playtime":3287,"current_hp_per_floor":[57,62,62,62,62,62,56,56,56,51,53,52,52,54,54,56,67,65,61,61,63,55,55,35,37,37,39,39,39,41,36,36,56,67,59,57,57,27,27,0],"items_purged":[],"gold":19,"score":960,"play_id":"4c2d1615-d713-48de-b9c9-a1df9624035b","local_time":"20180501125155","is_prod":false,"is_daily":false,"chose_seed":false,"is_ascension_mode":true,"campfire_upgraded":5,"timestamp":1525171915,"path_taken":["M","?","M","M","?","R","E","R","T","E","M","E","?","M","R","BOSS","M","M","?","M","M","R","E","M","T","?","$","E","M","E","R","BOSS","M","?","$","?","?","E"],"build_version":"2018-04-30","seed_source_timestamp":0,"purchased_purges":0,"victory":false,"master_deck":["Survivor","Neutralize","AscendersBane","Footwork+1","Cloak And Dagger+1","Poisoned Stab","PiercingWail","Blade Dance","Choke+1","Malaise","Envenom+1","Cloak And Dagger+1","Bouncing Flask","Dagger Throw","Deadly Poison","Dagger Spray","Dagger Throw","Dagger Throw","Quick Slash","Flying Knee","Backstab","PiercingWail","Deflect","Blur+1","Dash","Dodge and Roll","Cloak And Dagger","Dodge and Roll","Cloak And Dagger+1","Burst","Regret","Doubt","Regret","Finisher+1","Footwork","Cloak And Dagger+1"],"max_hp_per_floor":[66,71,71,71,71,71,71,71,71,71,71,71,71,71,71,71,71,71,71,71,71,71,71,71,71,71,71,71,71,71,71,71,71,71,71,71,71,71,71,71],"relics":["Ectoplasm","Bag of Marbles","Pen Nib","Blood Vial","Regal Pillow","Dead Branch","Pandora\u0027s Box","Bottled Tornado","Orichalcum","Art of War","Pantograph","Calling Bell","Omamori","Centennial Puzzle","Tingsha"],"card_choices":[{"not_picked":["Outmaneuver","Acrobatics"],"picked":"Footwork","floor":1.0},{"not_picked":["Heel Hook","Sucker Punch"],"picked":"Cloak And Dagger","floor":3.0},{"not_picked":["Backflip","Eviscerate"],"picked":"Poisoned Stab","floor":4.0},{"not_picked":["Heel Hook","Flechettes"],"picked":"PiercingWail","floor":7.0},{"not_picked":["Underhanded Strike","PiercingWail"],"picked":"Blade Dance","floor":11.0},{"not_picked":["All Out Attack","Dagger Spray"],"picked":"Choke","floor":12.0},{"not_picked":["Venomology","PiercingWail"],"picked":"Malaise","floor":14.0},{"not_picked":["Tactician","Corpse Explosion"],"picked":"Envenom","floor":16.0},{"not_picked":["Outmaneuver","Well Laid Plans"],"picked":"Backstab","floor":18},{"not_picked":["Choke","Skewer"],"picked":"PiercingWail","floor":19},{"not_picked":["Quick Slash","PiercingWail"],"picked":"Deflect","floor":21},{"not_picked":["Flying Knee","Quick Slash"],"picked":"Blur","floor":24},{"not_picked":["Quick Slash","Sucker Punch"],"picked":"Dash","floor":25},{"not_picked":["Flying Knee","Dagger Throw"],"picked":"Dodge and Roll","floor":27},{"not_picked":["Bouncing Flask","Finisher"],"picked":"Dodge and Roll","floor":29},{"not_picked":["Bane","Dodge and Roll"],"picked":"Cloak And Dagger","floor":30},{"not_picked":["Envenom","Die Die Die"],"picked":"Burst","floor":33},{"not_picked":["Escape Plan","Noxious Fumes"],"picked":"Finisher","floor":36},{"not_picked":["Slice","Quick Slash"],"picked":"Footwork","floor":38}],"player_experience":473489,"potions_floor_usage":[24,29,29,31,33,38],"damage_taken":[{"damage":2.0,"enemies":"Jaw Worm","floor":1.0,"turns":6.0},{"damage":0.0,"enemies":"2 Louse","floor":3.0,"turns":4.0},{"damage":0.0,"enemies":"Cultist","floor":4.0,"turns":4.0},{"damage":6.0,"enemies":"3 Sentries","floor":7.0,"turns":9.0},{"damage":5.0,"enemies":"Lagavulin","floor":10.0,"turns":7.0},{"damage":0.0,"enemies":"Looter","floor":11.0,"turns":3.0},{"damage":3.0,"enemies":"3 Sentries","floor":12.0,"turns":8.0},{"damage":0.0,"enemies":"Exordium Thugs","floor":14.0,"turns":5.0},{"damage":0.0,"enemies":"Slime Boss","floor":16.0,"turns":7.0},{"damage":4,"enemies":"Chosen","floor":18,"turns":4},{"damage":6,"enemies":"Spheric Guardian","floor":19,"turns":3},{"damage":0,"enemies":"Chosen and Byrds","floor":21,"turns":4},{"damage":10,"enemies":"Snake Plant","floor":22,"turns":2},{"damage":22,"enemies":"Book of Stabbing","floor":24,"turns":4},{"damage":0,"enemies":"Cultist and Chosen","floor":25,"turns":4},{"damage":0,"enemies":"Snecko","floor":27,"turns":5},{"damage":2,"enemies":"Gremlin Leader","floor":29,"turns":6},{"damage":0,"enemies":"Chosen and Byrds","floor":30,"turns":4},{"damage":7,"enemies":"Slavers","floor":31,"turns":6},{"damage":7,"enemies":"Collector","floor":33,"turns":10},{"damage":10,"enemies":"3 Shapes","floor":35,"turns":5},{"damage":4,"enemies":"Flame Bruiser 1 Orb","floor":36,"turns":3},{"damage":32,"enemies":"3 Darklings","floor":38,"turns":6},{"damage":49,"enemies":"2 Orb Walkers","floor":40,"turns":4}],"event_choices":[{"event_name":"Big Fish","player_choice":"Donut","floor":2.0,"damage_taken":0.0},{"event_name":"Scrap Ooze","player_choice":"unsuccessful","floor":5.0,"damage_taken":0.0},{"event_name":"Back to Basics","player_choice":"Elegance","floor":20,"damage_taken":0},{"event_name":"Duplicator","player_choice":"One dupe","floor":39,"damage_taken":0}],"boss_relics":[{"not_picked":["Runic Pyramid","Philosopher\u0027s Stone"],"picked":"Calling Bell"}],"potions_floor_spawned":[1,4,7,12,18,25,27,30,31,35],"seed_played":"-8170865693121771511","killed_by":"2 Orb Walkers","ascension_level":15,"is_trial":false}