{"gold_per_floor":[112,125,200,41,41,73,92,112,112,112,127,159,159,186,186,186],"floor_reached":16,"playtime":916,"items_purged":["Strike_B"],"score":276,"play_id":"1f25c621-717f-4e76-8028-a9672872a75f","local_time":"20190116235649","is_ascension_mode":true,"campfire_choices":[{"data":"Heatsinks","floor":13,"key":"SMITH"},{"data":"Fusion","floor":15,"key":"SMITH"}],"neow_cost":"NONE","seed_source_timestamp":545419147192299,"circlet_count":0,"master_deck":["AscendersBane","Strike_B","Strike_B","Strike_B","Defend_B","Defend_B","Defend_B","Defend_B","Zap","Dualcast","BootSequence","Coolheaded","Chill","Self Repair","Go for the Eyes","Compile Driver","Compile Driver","Heatsinks+1","Fusion+1"],"relics":["Cracked Core","NeowsBlessing","Bird Faced Urn","Matryoshka","Bottled Flame","Torii"],"potions_floor_usage":[8,12,14],"damage_taken":[{"damage":0,"enemies":"2 Louse","floor":1,"turns":1},{"damage":0,"enemies":"Cultist","floor":2,"turns":1},{"damage":0,"enemies":"3 Sentries","floor":6,"turns":2},{"damage":0,"enemies":"Small Slimes","floor":7,"turns":4},{"damage":8,"enemies":"Gremlin Gang","floor":8,"turns":7},{"damage":0,"enemies":"Lots of Slimes","floor":11,"turns":7},{"damage":27,"enemies":"Lagavulin","floor":12,"turns":7},{"damage":23,"enemies":"3 Sentries","floor":14,"turns":12},{"damage":58,"enemies":"Hexaghost","floor":16,"turns":14}],"seed_played":"-4191743937954772674","potions_obtained":[{"floor":5,"key":"FairyPotion"},{"floor":5,"key":"SpeedPotion"},{"floor":7,"key":"Block Potion"},{"floor":11,"key":"Strength Potion"},{"floor":12,"key":"Swift Potion"}],"is_trial":false,"path_per_floor":["M","M","?","$","?","E","M","M","T","?","M","E","R","E","R","B"],"character_chosen":"DEFECT","items_purchased":["Chill"],"campfire_rested":0,"item_purchase_floors":[4],"current_hp_per_floor":[64,64,53,53,53,53,62,63,63,63,71,53,53,41,41,0],"gold":186,"neow_bonus":"THREE_ENEMY_KILL","is_prod":false,"is_daily":false,"chose_seed":false,"campfire_upgraded":2,"win_rate":0,"timestamp":1547711809,"path_taken":["M","M","?","$","?","E","M","?","T","?","M","E","R","E","R","BOSS"],"build_version":"2019-01-10","purchased_purges":1,"victory":false,"max_hp_per_floor":[71,71,71,71,71,71,71,71,71,71,71,71,71,71,71,71],"card_choices":[{"not_picked":["Hologram","Beam Cell"],"picked":"BootSequence","floor":1},{"not_picked":["Compile Driver","Redo"],"picked":"Coolheaded","floor":2},{"not_picked":["Coolheaded","Fusion"],"picked":"Self Repair","floor":6},{"not_picked":["Hologram","Multi-Cast"],"picked":"Go for the Eyes","floor":7},{"not_picked":["Redo","FTL"],"picked":"Compile Driver","floor":8},{"not_picked":["Stack","Steam"],"picked":"Compile Driver","floor":11},{"not_picked":["Streamline","Steam"],"picked":"Heatsinks","floor":12},{"not_picked":["Melter","Reinforced Body"],"picked":"Fusion","floor":14}],"player_experience":517105,"relics_obtained":[{"floor":6,"key":"Bird Faced Urn"},{"floor":9,"key":"Matryoshka"},{"floor":12,"key":"Bottled Flame"},{"floor":14,"key":"Torii"}],"event_choices":[{"damage_healed":0,"gold_gain":75,"player_choice":"Gather Gold","damage_taken":11,"max_hp_gain":0,"max_hp_loss":0,"event_name":"World of Goop","floor":3,"gold_loss":0},{"damage_healed":0,"gold_gain":0,"player_choice":"Got Potions","damage_taken":0,"max_hp_gain":0,"max_hp_loss":0,"event_name":"Lab","floor":5,"gold_loss":0},{"damage_healed":0,"gold_gain":0,"player_choice":"Ignored","damage_taken":0,"max_hp_gain":0,"max_hp_loss":0,"event_name":"Liars Game","floor":10,"gold_loss":0}],"is_beta":false,"boss_relics":[],"items_purged_floors":[4],"is_endless":false,"potions_floor_spawned":[6,7,11,12],"killed_by":"Hexaghost","ascension_level":18}