{"gold_per_floor":[212,362,97,97,111,111,141,141,141,173,173,203,203,217,217,294,294,312,331,346,362,412,412,438,450,450,44,71,96,146,172,172,246,246,263,169,186,408,424,456,456,467,467,467,467,245,245,245,245,245,245,245,35,64,64],"floor_reached":55,"playtime":4224,"items_purged":["Doubt","Strike_G","Defend_G","Quick Slash"],"score":1476,"play_id":"0125d20a-0f76-4883-89b9-154889f85f64","local_time":"20190228172425","is_ascension_mode":true,"campfire_choices":[{"data":"Dagger Spray","floor":6.0,"key":"SMITH"},{"data":"Cloak And Dagger","floor":11.0,"key":"SMITH"},{"data":"Neutralize","floor":13.0,"key":"SMITH"},{"data":"Leg Sweep","floor":15.0,"key":"SMITH"},{"data":"A Thousand Cuts","floor":23.0,"key":"SMITH"},{"data":"Tools of the Trade","floor":32.0,"key":"SMITH"},{"floor":44.0,"key":"REST"},{"data":"Envenom","floor":47.0,"key":"SMITH"},{"floor":49.0,"key":"RECALL"},{"data":"Well Laid Plans","floor":52.0,"key":"SMITH"}],"neow_cost":"NONE","seed_source_timestamp":63396610930686,"circlet_count":0,"master_deck":["AscendersBane","Defend_G+1","Defend_G","Defend_G","Survivor","Neutralize+1","Well Laid Plans+1","Dagger Spray+1","Leg Sweep+1","Cloak And Dagger+1","Adrenaline","Endless Agony","PiercingWail+1","A Thousand Cuts+1","Tactician","Expertise+1","Slice+1","Tools of the Trade+1","Impatience","Cloak And Dagger+1","Blur","Envenom+1","Distraction+1","Choke+1","Backstab+1","Terror+1","Noxious Fumes","Storm of Steel"],"special_seed":0,"relics":["Ring of the Snake","Anchor","PreservedInsect","Kunai","Strawberry","Bottled Flame","Empty Cage","Ornamental Fan","Smiling Mask","Juzu Bracelet","Red Mask","Pantograph","Dream Catcher","WristBlade","Molten Egg 2","War Paint","Snake Skull","Happy Flower","Bronze Scales"],"potions_floor_usage":[55,55],"damage_taken":[{"damage":2.0,"enemies":"2 Louse","floor":1.0,"turns":3.0},{"damage":0.0,"enemies":"Small Slimes","floor":5.0,"turns":3.0},{"damage":18.0,"enemies":"Lagavulin","floor":7.0,"turns":8.0},{"damage":4.0,"enemies":"3 Sentries","floor":10.0,"turns":4.0},{"damage":7.0,"enemies":"Lagavulin","floor":12.0,"turns":8.0},{"damage":0.0,"enemies":"Cultist","floor":14.0,"turns":3.0},{"damage":24.0,"enemies":"The Guardian","floor":16.0,"turns":20.0},{"damage":7.0,"enemies":"Chosen","floor":18.0,"turns":11.0},{"damage":5.0,"enemies":"Shell Parasite","floor":19.0,"turns":8.0},{"damage":1.0,"enemies":"Centurion and Healer","floor":20.0,"turns":16.0},{"damage":28.0,"enemies":"Sentry and Sphere","floor":21.0,"turns":11.0},{"damage":0.0,"enemies":"Gremlin Leader","floor":24.0,"turns":4.0},{"damage":1.0,"enemies":"3 Cultists","floor":25.0,"turns":3.0},{"damage":0.0,"enemies":"Masked Bandits","floor":28.0,"turns":2.0},{"damage":2.0,"enemies":"Slavers","floor":29.0,"turns":4.0},{"damage":7.0,"enemies":"Book of Stabbing","floor":31.0,"turns":5.0},{"damage":4.0,"enemies":"Automaton","floor":33.0,"turns":11.0},{"damage":2.0,"enemies":"3 Darklings","floor":35.0,"turns":4.0},{"damage":2.0,"enemies":"3 Shapes","floor":37.0,"turns":6.0},{"damage":0.0,"enemies":"3 Darklings","floor":39.0,"turns":3.0},{"damage":49.0,"enemies":"Giant Head","floor":40.0,"turns":10.0},{"damage":5.0,"enemies":"Sphere and 2 Shapes","floor":42.0,"turns":7.0},{"damage":36.0,"enemies":"Awakened One","floor":50.0,"turns":15.0},{"damage":55.0,"enemies":"Shield and Spear","floor":54.0,"turns":5.0},{"damage":73,"enemies":"The Heart","floor":55,"turns":3}],"seed_played":"-5559193475624793596","potions_obtained":[{"floor":1.0,"key":"AttackPotion"},{"floor":5.0,"key":"PowerPotion"},{"floor":18.0,"key":"Energy Potion"},{"floor":20.0,"key":"Regen Potion"},{"floor":24.0,"key":"Poison Potion"},{"floor":29.0,"key":"LiquidBronze"},{"floor":54.0,"key":"Swift Potion"}],"is_trial":false,"path_per_floor":["M","?","$","?","M","R","E","?","T","E","R","E","R","M","R","B",null,"M","M","M","M","?","R","E","M","T","$","?","E","?","E","R","B",null,"M","?","M","?","M","E","?","M","T","R","?","$","R","?","R","B",null,"R","$","E","B"],"character_chosen":"THE_SILENT","items_purchased":["Dagger Spray","Anchor","GhostInAJar","Impatience","Juzu Bracelet","Snake Skull","Happy Flower"],"campfire_rested":1,"item_purchase_floors":[3,3,27,27,27,46,53],"current_hp_per_floor":[57,57,57,57,57,57,39,39,39,42,42,35,35,35,35,11,58,51,46,45,17,17,17,29,28,28,28,28,26,19,12,12,33,63,61,61,59,59,59,10,10,5,5,26,26,26,26,26,26,15,59,59,59,4,0],"gold":64,"neow_bonus":"HUNDRED_GOLD","is_prod":false,"is_daily":false,"chose_seed":false,"campfire_upgraded":8,"win_rate":0,"timestamp":1551392665,"path_taken":["M","?","$","?","M","R","E","?","T","E","R","E","R","M","R","BOSS","M","M","M","?","?","R","E","M","T","$","?","E","?","E","R","BOSS","M","?","M","?","M","E","?","M","T","R","?","$","R","?","R","BOSS","R","$","E","BOSS"],"build_version":"2019-01-23","purchased_purges":4,"victory":false,"max_hp_per_floor":[66,66,66,66,66,66,66,66,66,73,73,73,73,73,73,73,73,73,73,73,73,73,73,73,73,73,73,73,73,73,73,73,73,73,73,73,73,73,73,73,73,73,73,73,73,73,73,73,73,73,73,73,73,73,73],"card_choices":[{"not_picked":["Poisoned Stab","Sucker Punch"],"picked":"Well Laid Plans","floor":1.0},{"not_picked":["Dagger Throw","Skewer"],"picked":"Leg Sweep","floor":5.0},{"not_picked":["Slice","Underhanded Strike"],"picked":"Cloak And Dagger","floor":7.0},{"not_picked":["Reflex","Outmaneuver"],"picked":"Adrenaline","floor":10.0},{"not_picked":["Expertise","Sucker Punch"],"picked":"Endless Agony","floor":12.0},{"not_picked":["Deadly Poison","Slice"],"picked":"PiercingWail","floor":14.0},{"not_picked":["Venomology","Night Terror"],"picked":"A Thousand Cuts","floor":16.0},{"not_picked":["Underhanded Strike","Choke"],"picked":"Tactician","floor":18.0},{"not_picked":["Deadly Poison","Heel Hook"],"picked":"Expertise+1","floor":19.0},{"not_picked":["Distraction","Flying Knee"],"picked":"Quick Slash","floor":20.0},{"not_picked":["Calculated Gamble","PiercingWail"],"picked":"Slice+1","floor":21.0},{"not_picked":["Concentrate","Dodge and Roll"],"picked":"Tools of the Trade","floor":24.0},{"not_picked":["Acrobatics","Dodge and Roll+1","Deadly Poison"],"picked":"SKIP","floor":25.0},{"not_picked":["Quick Slash","PiercingWail"],"picked":"Cloak And Dagger+1","floor":29.0},{"not_picked":["Bane","Sucker Punch"],"picked":"Blur","floor":31.0},{"not_picked":["Night Terror","Burst"],"picked":"Envenom","floor":33.0},{"not_picked":["Dagger Spray","Deadly Poison"],"picked":"Distraction+1","floor":35.0},{"not_picked":["Dodge and Roll","Bouncing Flask"],"picked":"Choke+1","floor":37.0},{"not_picked":["Backflip","Quick Slash+1"],"picked":"Backstab+1","floor":39.0},{"not_picked":["Sucker Punch+1","Deflect"],"picked":"Terror+1","floor":40.0},{"not_picked":["Dodge and Roll","Footwork+1"],"picked":"Noxious Fumes","floor":42.0},{"not_picked":["Dodge and Roll+1","Dagger Spray+1"],"picked":"Storm of Steel","floor":54.0}],"player_experience":605712,"relics_obtained":[{"floor":7.0,"key":"PreservedInsect"},{"floor":9.0,"key":"Kunai"},{"floor":10.0,"key":"Strawberry"},{"floor":12.0,"key":"Bottled Flame"},{"floor":24.0,"key":"Ornamental Fan"},{"floor":26.0,"key":"Smiling Mask"},{"floor":28.0,"key":"Red Mask"},{"floor":29.0,"key":"Pantograph"},{"floor":31.0,"key":"Dream Catcher"},{"floor":40.0,"key":"War Paint"},{"floor":54.0,"key":"Bronze Scales"}],"event_choices":[{"damage_healed":0.0,"max_hp_gain":0.0,"max_hp_loss":0.0,"gold_gain":150.0,"event_name":"Liars Game","player_choice":"AGREE","floor":2.0,"gold_loss":0.0,"damage_taken":0.0,"cards_obtained":["Doubt"]},{"cards_removed":["Strike_G"],"damage_healed":0.0,"max_hp_gain":0.0,"max_hp_loss":0.0,"gold_gain":0.0,"event_name":"Living Wall","player_choice":"Forget","floor":4.0,"gold_loss":0.0,"damage_taken":0.0},{"cards_removed":["Strike_G"],"damage_healed":0.0,"max_hp_gain":0.0,"max_hp_loss":0.0,"gold_gain":0.0,"event_name":"Purifier","player_choice":"Purged","floor":8.0,"gold_loss":0.0,"damage_taken":0.0},{"damage_healed":0.0,"max_hp_gain":0.0,"max_hp_loss":0.0,"gold_gain":100.0,"event_name":"The Joust","player_choice":"Bet on Murderer","floor":22.0,"gold_loss":50.0,"damage_taken":0.0},{"damage_healed":0.0,"max_hp_gain":0.0,"max_hp_loss":0.0,"gold_gain":0.0,"event_name":"Masked Bandits","player_choice":"Fought Bandits","floor":28.0,"gold_loss":0.0,"damage_taken":0.0},{"damage_healed":0.0,"max_hp_gain":0.0,"max_hp_loss":0.0,"gold_gain":50.0,"event_name":"FaceTrader","player_choice":"Touch","floor":30.0,"gold_loss":0.0,"damage_taken":7.0},{"damage_healed":0.0,"max_hp_gain":0.0,"max_hp_loss":0.0,"gold_gain":0.0,"event_name":"WeMeetAgain","player_choice":"Paid Gold","floor":36.0,"gold_loss":94.0,"damage_taken":0.0,"relics_obtained":["Molten Egg 2"]},{"damage_healed":0.0,"max_hp_gain":0.0,"max_hp_loss":0.0,"gold_gain":222.0,"event_name":"Tomb of Lord Red Mask","player_choice":"Wore Mask","floor":38.0,"gold_loss":0.0,"damage_taken":0.0},{"cards_removed":["Defend_G"],"damage_healed":0.0,"max_hp_gain":0.0,"max_hp_loss":0.0,"gold_gain":0.0,"event_name":"Purifier","player_choice":"Purged","floor":41.0,"gold_loss":0.0,"damage_taken":0.0},{"damage_healed":0.0,"max_hp_gain":0.0,"max_hp_loss":0.0,"gold_gain":0.0,"event_name":"The Moai Head","player_choice":"Ignored","floor":45.0,"gold_loss":0.0,"damage_taken":0.0},{"damage_healed":0.0,"max_hp_gain":0.0,"max_hp_loss":0.0,"gold_gain":0.0,"event_name":"SensoryStone","player_choice":"Memory 1","floor":48.0,"gold_loss":0.0,"damage_taken":0.0}],"is_beta":false,"boss_relics":[{"not_picked":["Snecko Eye","Sozu"],"picked":"Empty Cage"},{"not_picked":["Fusion Hammer","White Beast Statue"],"picked":"WristBlade"}],"items_purged_floors":[3,27,46,53],"is_endless":false,"potions_floor_spawned":[1,5,18,20,24,29,31,40,42,54],"killed_by":"The Heart","ascension_level":19}