{"path_per_floor":["M","M","?","?","M","R","M","R","T","M","?","M","M","E","R","B",null,"M","M","?","M","?","R","M","M","T","$","M","M","M","M","R"],"character_chosen":"IRONCLAD","items_purchased":["Inflame","War Paint"],"gold_per_floor":[118,138,138,88,98,98,112,112,112,130,130,148,168,198,198,300,300,300,300,300,300,300,300,300,300,300,41,41,41,41,41,41],"floor_reached":33,"campfire_rested":0,"playtime":1409,"current_hp_per_floor":[78,74,74,74,78,78,80,80,80,80,73,67,58,46,46,46,82,46,31,31,39,67,67,66,63,63,63,51,42,38,35,35],"items_purged":["Strike_R"],"gold":41,"score":308,"play_id":"e19d28d5-aabf-48b7-92f9-af1761f23619","is_prod":false,"is_daily":false,"is_ascension_mode":true,"campfire_upgraded":5,"path_taken":["M","M","?","?","M","R","M","R","T","M","?","M","M","E","R","BOSS","M","M","?","?","?","R","M","M","T","$","M","M","M","M","R","BOSS"],"build_version":"2018-02-08-PROD1","purchased_purges":1,"victory":false,"master_deck":["Strike_R+1","Strike_R+1","Defend_R+1","Defend_R+1","Defend_R","Bash","Shrug It Off","Heavy Blade+1","Searing Blow+5","Headbutt","Shrug It Off","Berserk","Seeing Red+1","Inflame","Carnage+1","Seeing Red"],"max_hp_per_floor":[80,80,80,80,80,80,80,80,80,80,80,80,80,82,82,82,82,82,84,84,86,86,86,88,90,90,90,90,92,94,94,94],"relics":["Burning Blood","Whetstone","Singing Bowl","Ectoplasm","Dead Branch","War Paint"],"card_choices":[{"not_picked":["Burning Pact","Havoc"],"picked":"Shrug It Off"},{"not_picked":["Flex","Clash"],"picked":"Heavy Blade"},{"not_picked":["Anger","Perfected Strike"],"picked":"Searing Blow"},{"not_picked":["Seeing Red","Body Slam"],"picked":"Headbutt"},{"not_picked":["Headbutt","Evolve"],"picked":"Shrug It Off"},{"not_picked":["Bludgeon","Juggernaut"],"picked":"Berserk"},{"not_picked":["Clash","Sword Boomerang"],"picked":"Seeing Red"},{"not_picked":["Havoc","Flame Barrier"],"picked":"Carnage"},{"not_picked":["Havoc","Wild Strike"],"picked":"Seeing Red"}],"player_experience":176950,"potions_floor_usage":[14,16,21,21,24,31,31,31],"damage_taken":[{"damage":8,"enemies":"2 Louse","floor":1,"turns":3},{"damage":10,"enemies":"Cultist","floor":2,"turns":4},{"damage":2,"enemies":"Small Slimes","floor":5,"turns":3},{"damage":2,"enemies":"2 Fungi Beasts","floor":7,"turns":4},{"damage":5,"enemies":"3 Louse","floor":10,"turns":3},{"damage":12,"enemies":"Exordium Wildlife","floor":12,"turns":3},{"damage":15,"enemies":"2 Fungi Beasts","floor":13,"turns":3},{"damage":20,"enemies":"Lagavulin","floor":14,"turns":5},{"damage":6,"enemies":"Slime Boss","floor":16,"turns":7},{"damage":42,"enemies":"3 Byrds","floor":18,"turns":7},{"damage":23,"enemies":"Shell Parasite","floor":19,"turns":5},{"damage":0,"enemies":"Snecko","floor":21,"turns":2},{"damage":9,"enemies":"Centurion and Healer","floor":24,"turns":5},{"damage":11,"enemies":"Snake Plant","floor":25,"turns":2},{"damage":18,"enemies":"Sentry and Sphere","floor":28,"turns":5},{"damage":17,"enemies":"3 Cultists","floor":29,"turns":5},{"damage":12,"enemies":"Cultist and Chosen","floor":30,"turns":3},{"damage":9,"enemies":"Centurion and Healer","floor":31,"turns":3},{"damage":36,"enemies":"Champ","floor":33,"turns":5}],"event_choices":[{"event_name":"Upgrade Shrine","player_choice":"Upgraded","floor":3,"damage_taken":0},{"event_name":"The Cleric","player_choice":"Card Removal","floor":4,"damage_taken":0},{"event_name":"Golden Wing","player_choice":"Card Removal","floor":11,"damage_taken":0},{"event_name":"The Lab","player_choice":"Got Potions","floor":20,"damage_taken":0},{"event_name":"The Library","player_choice":"Heal","floor":22,"damage_taken":0}],"boss_relics":[{"not_picked":["Orrery","Question Card"],"picked":"Ectoplasm"}],"potions_floor_spawned":[1,7,10,14,16,18,19,21,29,30],"seed_played":"-7441958514935973294","killed_by":"Champ","ascension_level":4,"is_trial":false}