{"gold_per_floor":[114,124,104,121,136,161,161,171,250,250,250,263,263,274,274,346,346,365,365,385,6,25,54,54,73,73,73,98,98,112,147,147,221,221,231,331,377,155,155,189,189,219,219,234,49,49,61,96,96,96,96,96,2,35,35],"floor_reached":55,"playtime":3433,"items_purged":["Strike_B","Strike_B","Strike_B","Defend_B"],"score":1554,"play_id":"a74fab55-24d3-4163-9b04-9ee830693e0f","local_time":"20190224052440","is_ascension_mode":true,"campfire_choices":[{"data":"Buffer","floor":7.0,"key":"SMITH"},{"data":"Zap","floor":10.0,"key":"SMITH"},{"data":"Biased Cognition","floor":13.0,"key":"SMITH"},{"data":"Dualcast","floor":15.0,"key":"SMITH"},{"data":"Zap","floor":24.0,"key":"SMITH"},{"floor":27.0,"key":"REST"},{"floor":29.0,"key":"REST"},{"data":"Hologram","floor":32.0,"key":"SMITH"},{"data":"Lockon","floor":41.0,"key":"SMITH"},{"floor":46.0,"key":"RECALL"},{"data":"Defragment","floor":49.0,"key":"SMITH"},{"data":"Skim","floor":52.0,"key":"SMITH"}],"neow_cost":"PERCENT_DAMAGE","seed_source_timestamp":21794853725732,"circlet_count":0,"master_deck":["AscendersBane","Defend_B","Defend_B","Defend_B+1","Zap+1","Dualcast+1","Biased Cognition+1","Chill","Conserve Battery","Buffer+1","Ball Lightning","Ball Lightning","Auto Shields","Hello World","Zap+1","Glacier","Core Surge","FTL","Conserve Battery","Echo Form","Doom and Gloom","FTL","Go for the Eyes+1","Compile Driver","Hologram+1","Echo Form","Lockon+1","Skim+1","Self Repair","Skim+1","Compile Driver","Defragment+1","Hologram+1","Double Energy+1"],"special_seed":0,"relics":["Cracked Core","Blood Vial","Bottled Lightning","Busted Crown","Membership Card","Emotion Chip","Symbiotic Virus","Centennial Puzzle","Ancient Tea Set","Sozu","Torii","Girya","OrangePellets","Bottled Flame","Mummified Hand","War Paint","Toxic Egg 2","Thread and Needle"],"potions_floor_usage":[55,55],"damage_taken":[{"damage":7.0,"enemies":"Jaw Worm","floor":1.0,"turns":3.0},{"damage":2.0,"enemies":"Cultist","floor":2.0,"turns":4.0},{"damage":0.0,"enemies":"Small Slimes","floor":4.0,"turns":1.0},{"damage":1.0,"enemies":"Exordium Thugs","floor":5.0,"turns":4.0},{"damage":9.0,"enemies":"Gremlin Nob","floor":6.0,"turns":4.0},{"damage":0.0,"enemies":"3 Louse","floor":8.0,"turns":4.0},{"damage":0.0,"enemies":"Looter","floor":12.0,"turns":3.0},{"damage":0.0,"enemies":"Blue Slaver","floor":14.0,"turns":2.0},{"damage":12.0,"enemies":"The Guardian","floor":16.0,"turns":13.0},{"damage":0.0,"enemies":"Chosen","floor":18.0,"turns":4.0},{"damage":7.0,"enemies":"Shell Parasite","floor":20.0,"turns":5.0},{"damage":0.0,"enemies":"3 Cultists","floor":22.0,"turns":5.0},{"damage":30.0,"enemies":"Slavers","floor":23.0,"turns":4.0},{"damage":11.0,"enemies":"Snecko","floor":25.0,"turns":4.0},{"damage":26.0,"enemies":"Book of Stabbing","floor":28.0,"turns":5.0},{"damage":11.0,"enemies":"Sentry and Sphere","floor":30.0,"turns":4.0},{"damage":0.0,"enemies":"Gremlin Leader","floor":31.0,"turns":6.0},{"damage":21.0,"enemies":"Automaton","floor":33.0,"turns":8.0},{"damage":5.0,"enemies":"Orb Walker","floor":35.0,"turns":4.0},{"damage":6.0,"enemies":"Mind Bloom Boss Battle","floor":36.0,"turns":6.0},{"damage":21.0,"enemies":"2 Orb Walkers","floor":37.0,"turns":5.0},{"damage":0.0,"enemies":"Giant Head","floor":40.0,"turns":7.0},{"damage":15.0,"enemies":"Nemesis","floor":42.0,"turns":5.0},{"damage":0.0,"enemies":"3 Darklings","floor":44.0,"turns":4.0},{"damage":0.0,"enemies":"Transient","floor":47.0,"turns":6.0},{"damage":0.0,"enemies":"Giant Head","floor":48.0,"turns":6.0},{"damage":16.0,"enemies":"Time Eater","floor":50.0,"turns":8.0},{"damage":29,"enemies":"Shield and Spear","floor":54,"turns":6},{"damage":47,"enemies":"The Heart","floor":55,"turns":9}],"seed_played":"4062299124933992414","potions_obtained":[{"floor":1.0,"key":"AttackPotion"},{"floor":3.0,"key":"FocusPotion"},{"floor":4.0,"key":"Fire Potion"},{"floor":12.0,"key":"SkillPotion"},{"floor":16.0,"key":"FocusPotion"},{"floor":30.0,"key":"FearPotion"},{"floor":31.0,"key":"AttackPotion"},{"floor":33.0,"key":"GamblersBrew"}],"is_trial":false,"path_per_floor":["M","M","?","M","M","E","R","M","T","R","?","M","R","M","R","B",null,"M","?","M","$","M","E","R","M","T","R","E","R","M","E","R","B",null,"M","?","?","$","?","E","R","E","T","M","$","R","M","E","R","B",null,"R","$","E","B"],"character_chosen":"DEFECT","items_purchased":["Membership Card","Echo Form","Doom and Gloom","FTL","Self Repair","OrangePellets","Skim","Defragment","War Paint","Double Energy+1"],"campfire_rested":2,"item_purchase_floors":[21,21,21,21,38,38,38,45,45,53],"current_hp_per_floor":[39,37,37,37,36,27,27,29,29,29,29,31,31,33,33,23,59,61,61,56,56,58,30,30,21,21,42,18,39,30,32,32,13,57,54,50,31,31,31,40,40,34,34,36,36,36,52,67,67,65,67,67,67,45,0],"gold":35,"neow_bonus":"THREE_RARE_CARDS","is_prod":false,"is_daily":false,"chose_seed":false,"campfire_upgraded":9,"win_rate":0,"timestamp":1551003880,"path_taken":["M","M","?","?","M","E","R","?","T","R","?","M","R","?","R","BOSS","M","?","M","$","M","E","R","M","T","R","E","R","M","E","R","BOSS","M","?","?","$","?","E","R","E","T","M","?","R","M","E","R","BOSS","R","$","E","BOSS"],"build_version":"2019-01-23","purchased_purges":4,"victory":false,"max_hp_per_floor":[71,71,71,71,71,71,71,71,71,71,71,71,71,71,71,71,71,71,71,71,71,71,71,71,71,71,71,71,71,71,71,71,71,71,71,71,71,71,67,67,67,67,67,67,67,67,67,67,67,67,67,67,67,67,67],"card_choices":[{"not_picked":["Machine Learning","All For One"],"picked":"Biased Cognition","floor":0.0},{"not_picked":["Chaos","Storm"],"picked":"Chill","floor":1.0},{"not_picked":["Hologram","Gash"],"picked":"Conserve Battery","floor":2.0},{"not_picked":["Self Repair","Sweeping Beam"],"picked":"Buffer","floor":4.0},{"not_picked":["Turbo","Cold Snap"],"picked":"Ball Lightning","floor":5.0},{"not_picked":["Streamline","Meteor Strike"],"picked":"Ball Lightning","floor":6.0},{"not_picked":["Conserve Battery","Aggregate"],"picked":"Auto Shields","floor":8.0},{"not_picked":["Static Discharge","Turbo","Compile Driver"],"picked":"SKIP","floor":12.0},{"not_picked":["Rebound","Beam Cell"],"picked":"Glacier","floor":14.0},{"not_picked":["Fission","Hyperbeam"],"picked":"Core Surge","floor":16.0},{"not_picked":[],"picked":"FTL","floor":18.0},{"not_picked":[],"picked":"Conserve Battery","floor":20.0},{"not_picked":["Scrape"],"picked":"SKIP","floor":22.0},{"not_picked":[],"picked":"Go for the Eyes+1","floor":23.0},{"not_picked":["Conserve Battery"],"picked":"SKIP","floor":25.0},{"not_picked":[],"picked":"Compile Driver","floor":28.0},{"not_picked":[],"picked":"Hologram","floor":30.0},{"not_picked":["Auto Shields"],"picked":"SKIP","floor":31.0},{"not_picked":[],"picked":"Echo Form","floor":33.0},{"not_picked":["Redo"],"picked":"SKIP","floor":35.0},{"not_picked":[],"picked":"Lockon","floor":36.0},{"not_picked":[],"picked":"Skim","floor":37.0},{"not_picked":["Beam Cell"],"picked":"SKIP","floor":40.0},{"not_picked":["Hologram"],"picked":"SKIP","floor":42.0},{"not_picked":[],"picked":"Compile Driver","floor":44.0},{"not_picked":["Steam"],"picked":"SKIP","floor":47.0},{"not_picked":[],"picked":"Hologram","floor":48.0},{"not_picked":["Consume+1"],"picked":"SKIP","floor":54}],"player_experience":554720,"relics_obtained":[{"floor":6.0,"key":"Blood Vial"},{"floor":9.0,"key":"Bottled Lightning"},{"floor":23.0,"key":"Emotion Chip"},{"floor":26.0,"key":"Symbiotic Virus"},{"floor":28.0,"key":"Centennial Puzzle"},{"floor":31.0,"key":"Ancient Tea Set"},{"floor":36.0,"key":"Torii"},{"floor":37.0,"key":"Girya"},{"floor":40.0,"key":"Bottled Flame"},{"floor":42.0,"key":"Mummified Hand"},{"floor":48.0,"key":"Toxic Egg 2"},{"floor":54,"key":"Thread and Needle"}],"event_choices":[{"damage_healed":0.0,"max_hp_gain":0.0,"max_hp_loss":0.0,"gold_gain":0.0,"event_name":"The Woman in Blue","player_choice":"Bought 1 Potion","floor":3.0,"gold_loss":0.0,"damage_taken":0.0},{"damage_healed":0.0,"max_hp_gain":0.0,"max_hp_loss":0.0,"gold_gain":0.0,"event_name":"Match and Keep!","player_choice":"2 cards matched","floor":11.0,"gold_loss":0.0,"damage_taken":0.0,"cards_obtained":["Hello World","Zap"]},{"cards_removed":["Strike_B"],"damage_healed":0.0,"max_hp_gain":0.0,"max_hp_loss":0.0,"gold_gain":0.0,"event_name":"Purifier","player_choice":"Purged","floor":19.0,"gold_loss":0.0,"damage_taken":0.0},{"damage_healed":0.0,"max_hp_gain":0.0,"max_hp_loss":0.0,"gold_gain":0.0,"event_name":"MindBloom","player_choice":"Fight","floor":36.0,"gold_loss":0.0,"damage_taken":0.0},{"damage_healed":0.0,"max_hp_gain":0.0,"max_hp_loss":0.0,"gold_gain":0.0,"event_name":"Mysterious Sphere","player_choice":"Fight","floor":37.0,"gold_loss":0.0,"damage_taken":0.0},{"damage_healed":0.0,"max_hp_gain":0.0,"max_hp_loss":4.0,"gold_gain":0.0,"event_name":"Winding Halls","player_choice":"Max HP","floor":39.0,"gold_loss":0.0,"damage_taken":0.0}],"is_beta":false,"boss_relics":[{"not_picked":["Ectoplasm","Lizard Tail"],"picked":"Busted Crown"},{"not_picked":["Snecko Eye","Orrery"],"picked":"Sozu"}],"items_purged_floors":[21,38,45,53],"is_endless":false,"potions_floor_spawned":[1,4,12,16,20,30,31,33,36,42,44,54],"killed_by":"The Heart","ascension_level":17}