{"gold_per_floor":[359,100,112,126,141,171,171,191,191,202,26,26,42,42,42,138,138,154,172,184,89,108,108,119,44,68,83,102,102,118,137,137,137],"floor_reached":33,"playtime":2655,"items_purged":["Regret","Strike_G"],"score":307,"play_id":"28e2561b-f52f-4ef3-b6c1-524913bb0569","local_time":"20180907145206","is_ascension_mode":false,"campfire_choices":[{"data":"Deadly Poison","floor":7,"key":"SMITH"},{"data":"After Image","floor":15,"key":"SMITH"},{"data":"Footwork","floor":23,"key":"SMITH"},{"floor":29,"key":"REST"},{"floor":32,"key":"REST"}],"neow_cost":"CURSE","seed_source_timestamp":376520398581715,"circlet_count":0,"master_deck":["Defend_G","Defend_G","Defend_G","Defend_G","Defend_G","Strike_G","Strike_G","Survivor","Neutralize","Terror","Deadly Poison+1","Leg Sweep","Heel Hook","After Image+1","Escape Plan","Expertise","Footwork+1","Well Laid Plans","Calculated Gamble+1","Blur","Backflip","Dagger Spray","PiercingWail+1","Poisoned Stab","Adrenaline"],"relics":["Ring of the Snake"],"potions_floor_usage":[16,20,24,30,33,33],"damage_taken":[{"damage":4,"enemies":"2 Louse","floor":1,"turns":3},{"damage":2,"enemies":"Small Slimes","floor":3,"turns":3},{"damage":1,"enemies":"Cultist","floor":4,"turns":3},{"damage":0,"enemies":"Exordium Thugs","floor":5,"turns":7},{"damage":31,"enemies":"Gremlin Nob","floor":6,"turns":5},{"damage":13,"enemies":"Lots of Slimes","floor":8,"turns":5},{"damage":5,"enemies":"Large Slime","floor":10,"turns":9},{"damage":0,"enemies":"Blue Slaver","floor":13,"turns":5},{"damage":0,"enemies":"The Guardian","floor":16,"turns":11},{"damage":1,"enemies":"3 Byrds","floor":18,"turns":9},{"damage":1,"enemies":"Spheric Guardian","floor":19,"turns":6},{"damage":2,"enemies":"Chosen and Byrds","floor":20,"turns":12},{"damage":9,"enemies":"Snecko","floor":22,"turns":9},{"damage":39,"enemies":"Cultist and Chosen","floor":24,"turns":14},{"damage":8,"enemies":"Shelled Parasite and Fungi","floor":27,"turns":8},{"damage":0,"enemies":"Centurion and Healer","floor":28,"turns":9},{"damage":13,"enemies":"Chosen and Byrds","floor":30,"turns":10},{"damage":4,"enemies":"Snake Plant","floor":31,"turns":7},{"damage":39,"enemies":"Champ","floor":33,"turns":15}],"seed_played":"-1149102278358158726","potions_obtained":[{"floor":1,"key":"SteroidPotion"},{"floor":3,"key":"SkillPotion"},{"floor":10,"key":"Energy Potion"},{"floor":18,"key":"GhostInAJar"},{"floor":19,"key":"EssenceOfSteel"},{"floor":22,"key":"Ancient Potion"},{"floor":24,"key":"LiquidBronze"}],"is_trial":false,"path_per_floor":["M","$","M","M","M","E","R","M","T","M","$","?","M","$","R","B",null,"M","M","M","$","M","R","M","?","T","M","M","R","M","M","R"],"character_chosen":"THE_SILENT","items_purchased":["Deadly Poison","Leg Sweep","Heel Hook","Footwork","Blur","Backflip"],"campfire_rested":2,"item_purchase_floors":[2,2,2,11,21,21],"current_hp_per_floor":[66,66,64,63,63,32,32,19,19,14,14,7,7,7,7,7,70,69,68,66,66,57,57,18,18,18,10,10,31,18,14,35,0],"gold":137,"neow_bonus":"TWO_FIFTY_GOLD","is_prod":false,"is_daily":false,"chose_seed":false,"campfire_upgraded":3,"win_rate":0,"timestamp":1536299526,"path_taken":["M","$","M","M","M","E","R","M","T","M","$","?","?","?","R","BOSS","M","?","M","$","M","R","M","?","T","M","M","R","M","M","R","BOSS"],"build_version":"2018-09-06","purchased_purges":2,"victory":false,"max_hp_per_floor":[70,70,70,70,70,70,70,70,70,70,70,70,70,70,70,70,70,70,70,70,70,70,70,70,70,70,70,70,70,70,70,70,70],"card_choices":[{"not_picked":["Outmaneuver","Sucker Punch"],"picked":"Terror","floor":1},{"not_picked":["Dodge and Roll","Outmaneuver","Underhanded Strike"],"picked":"SKIP","floor":3},{"not_picked":["Tactician","PiercingWail"],"picked":"After Image","floor":4},{"not_picked":["Bane","Deflect"],"picked":"Escape Plan","floor":5},{"not_picked":["Reflex","Wraith Form v2","Deadly Poison"],"picked":"SKIP","floor":6},{"not_picked":["Poisoned Stab","Flying Knee"],"picked":"Expertise","floor":8},{"not_picked":["Expertise","Outmaneuver","Crippling Poison"],"picked":"SKIP","floor":10},{"not_picked":["Cloak And Dagger","Calculated Gamble","Flying Knee"],"picked":"SKIP","floor":13},{"not_picked":["Backflip","Dagger Spray+1"],"picked":"Well Laid Plans","floor":18},{"not_picked":["Dagger Throw+1","Flying Knee+1"],"picked":"Calculated Gamble+1","floor":19},{"not_picked":["Leg Sweep","Blade Dance","Dash+1"],"picked":"SKIP","floor":20},{"not_picked":["Flechettes+1","Well Laid Plans","Prepared"],"picked":"SKIP","floor":22},{"not_picked":["Quick Slash","Dagger Spray","Flechettes"],"picked":"SKIP","floor":24},{"not_picked":["Quick Slash","Flechettes"],"picked":"Dagger Spray","floor":24},{"not_picked":["Backflip","Infinite Blades+1","Deadly Poison"],"picked":"SKIP","floor":27},{"not_picked":["Backflip","Infinite Blades+1","Deadly Poison"],"picked":"SKIP","floor":27},{"not_picked":["Acrobatics","Prepared"],"picked":"PiercingWail+1","floor":28},{"not_picked":["PiercingWail","Quick Slash"],"picked":"Poisoned Stab","floor":30},{"not_picked":["Dodge and Roll+1","Leg Sweep"],"picked":"Adrenaline","floor":31}],"player_experience":636140,"relics_obtained":[],"event_choices":[{"event_name":"Golden Wing","player_choice":"Card Removal","floor":12,"damage_taken":0},{"event_name":"Beggar","player_choice":"Gave Gold","floor":25,"damage_taken":0}],"is_beta":false,"boss_relics":[{"not_picked":["Empty Cage","Runic Dome","Orrery"]}],"items_purged_floors":[2,11],"is_endless":false,"potions_floor_spawned":[1,3,10,13,18,19,22,24,28],"killed_by":"Champ","ascension_level":0}