{"gold_per_floor":[366,366,376,387,35,64,74,106,106,106,106],"floor_reached":11,"playtime":564,"items_purged":["Strike_G"],"score":87,"play_id":"a417c771-bd5d-444d-906b-1ed6603c3304","local_time":"20181021212212","is_ascension_mode":true,"campfire_choices":[{"floor":10,"key":"REST"}],"neow_cost":"PERCENT_DAMAGE","seed_source_timestamp":114264292527211,"circlet_count":0,"master_deck":["Defend_G","Defend_G","Defend_G","Defend_G","Defend_G","Strike_G","Strike_G","Strike_G","Strike_G","Survivor","Neutralize","Deadly Poison","Deadly Poison","Catalyst","Poisoned Stab","Bouncing Flask"],"relics":["Ring of the Snake","Peace Pipe","Medical Kit","Tough Bandages","Dodecahedron","WingedGreaves"],"potions_floor_usage":[6,8,8],"damage_taken":[{"damage":0,"enemies":"Cultist","floor":1,"turns":4},{"damage":0,"enemies":"2 Louse","floor":3,"turns":3},{"damage":0,"enemies":"Jaw Worm","floor":4,"turns":4},{"damage":12,"enemies":"Lagavulin","floor":6,"turns":6},{"damage":0,"enemies":"Red Slaver","floor":7,"turns":3},{"damage":22,"enemies":"3 Sentries","floor":8,"turns":9},{"damage":26,"enemies":"Gremlin Gang","floor":11,"turns":3}],"seed_played":"8268179718234196228","potions_obtained":[{"floor":1,"key":"SkillPotion"},{"floor":3,"key":"EssenceOfSteel"},{"floor":6,"key":"Weak Potion"}],"is_trial":false,"path_per_floor":["M","?","M","M","$","E","M","E","T","R"],"character_chosen":"THE_SILENT","items_purchased":["Catalyst","Medical Kit"],"campfire_rested":1,"item_purchase_floors":[5,5],"current_hp_per_floor":[49,37,37,37,37,25,25,3,3,24,0],"gold":106,"neow_bonus":"TWO_FIFTY_GOLD","is_prod":false,"is_daily":false,"chose_seed":false,"campfire_upgraded":0,"win_rate":0,"timestamp":1540182132,"path_taken":["M","?","?","M","$","E","M","E","T","R","M"],"build_version":"2018-10-18","purchased_purges":1,"victory":false,"max_hp_per_floor":[70,70,70,70,70,70,70,70,70,70,70],"card_choices":[{"not_picked":["Dash","Flechettes"],"picked":"Deadly Poison","floor":1},{"not_picked":["Backflip","Calculated Gamble"],"picked":"Deadly Poison","floor":3},{"not_picked":["Tactician","Sucker Punch","Blade Dance"],"picked":"SKIP","floor":4},{"not_picked":["Distraction","Burst"],"picked":"Poisoned Stab","floor":6},{"not_picked":["Blade Dance","Escape Plan"],"picked":"Bouncing Flask","floor":7},{"not_picked":["Blade Dance","Acrobatics","Dagger Spray"],"picked":"SKIP","floor":8}],"player_experience":318057,"relics_obtained":[{"floor":6,"key":"Tough Bandages"},{"floor":8,"key":"Dodecahedron"},{"floor":9,"key":"WingedGreaves"}],"event_choices":[{"damage_healed":0,"gold_gain":0,"player_choice":"Success","damage_taken":12,"relics_obtained":["Peace Pipe"],"max_hp_gain":0,"max_hp_loss":0,"event_name":"Scrap Ooze","floor":2,"gold_loss":0}],"is_beta":false,"boss_relics":[],"items_purged_floors":[5],"is_endless":false,"potions_floor_spawned":[1,3,6],"killed_by":"Gremlin Gang","ascension_level":1}