{"gold_per_floor":[119,269,115,115,115,150,150,178,178,195,120,138,168,182,182,258,258,271,171,184,364,364],"floor_reached":22,"playtime":721,"items_purged":["Doubt","Strike_G"],"score":504,"play_id":"4c4f706b-a07b-4566-a40c-85251d893b20","local_time":"20190304213054","is_ascension_mode":true,"campfire_choices":[{"floor":7.0,"key":"REST"},{"data":"Noxious Fumes","floor":15,"key":"SMITH"}],"neow_cost":"NONE","seed_source_timestamp":256114930833314,"circlet_count":0,"master_deck":["AscendersBane","Defend_G","Defend_G","Defend_G","Defend_G+1","Strike_G+1","Strike_G","Strike_G","Survivor","Neutralize","PiercingWail","Footwork","Dodge and Roll","Predator","Dodge and Roll","Noxious Fumes+1","Corpse Explosion","Escape Plan","Cloak And Dagger"],"special_seed":0,"relics":["Ring of the Snake","NeowsBlessing","Orichalcum","Oddly Smooth Stone","Meat on the Bone","Dream Catcher","Black Star"],"potions_floor_usage":[13,22],"damage_taken":[{"damage":0.0,"enemies":"2 Louse","floor":1.0,"turns":1.0},{"damage":0.0,"enemies":"3 Sentries","floor":6.0,"turns":1.0},{"damage":0.0,"enemies":"Gremlin Nob","floor":8.0,"turns":1.0},{"damage":0.0,"enemies":"Jaw Worm","floor":10.0,"turns":6.0},{"damage":0.0,"enemies":"Cultist","floor":12.0,"turns":3.0},{"damage":27,"enemies":"Lagavulin","floor":13,"turns":10},{"damage":3,"enemies":"Exordium Wildlife","floor":14,"turns":7},{"damage":19,"enemies":"The Guardian","floor":16,"turns":13},{"damage":9,"enemies":"Shell Parasite","floor":18,"turns":8},{"damage":27,"enemies":"Spheric Guardian","floor":20,"turns":7},{"damage":18,"enemies":"Centurion and Healer","floor":22,"turns":4}],"seed_played":"-6717493062943043478","potions_obtained":[{"floor":8.0,"key":"EssenceOfSteel"},{"floor":12.0,"key":"Block Potion"},{"floor":16,"key":"LiquidBronze"}],"is_trial":false,"path_per_floor":["M","?","$","?","?","E","R","E","T","M","?","M","E","M","R","B",null,"M","$","M","?","M"],"character_chosen":"THE_SILENT","items_purchased":["Footwork"],"campfire_rested":1,"item_purchase_floors":[3],"current_hp_per_floor":[59,59,59,39,39,39,58,58,58,58,58,58,43,40,40,33,58,49,49,34,16,0],"gold":364,"neow_bonus":"THREE_ENEMY_KILL","is_prod":false,"is_daily":false,"chose_seed":false,"campfire_upgraded":1,"win_rate":0,"timestamp":1551763854,"path_taken":["M","?","$","?","?","E","R","E","T","?","?","M","E","M","R","BOSS","M","$","M","?","M"],"build_version":"2019-01-23","purchased_purges":2,"victory":false,"max_hp_per_floor":[66,66,66,66,66,66,66,66,66,66,66,66,66,66,66,66,66,66,66,66,66,66],"card_choices":[{"not_picked":["Blade Dance","Underhanded Strike"],"picked":"PiercingWail","floor":1.0},{"not_picked":["Dagger Throw","Bane","Acrobatics"],"picked":"SKIP","floor":6.0},{"not_picked":["Calculated Gamble","Reflex"],"picked":"Dodge and Roll","floor":8.0},{"not_picked":["Flechettes","Grand Finale"],"picked":"Predator","floor":10.0},{"not_picked":["Concentrate","Deadly Poison","Prepared"],"picked":"SKIP","floor":12.0},{"not_picked":["PiercingWail","Deflect"],"picked":"Dodge and Roll","floor":13},{"not_picked":["Sucker Punch","Escape Plan"],"picked":"Noxious Fumes","floor":14},{"not_picked":["Storm of Steel","After Image"],"picked":"Corpse Explosion","floor":16},{"not_picked":["All Out Attack","Dodge and Roll"],"picked":"Escape Plan","floor":18},{"not_picked":["Outmaneuver","Dagger Spray"],"picked":"Cloak And Dagger","floor":20}],"player_experience":738643,"relics_obtained":[{"floor":6.0,"key":"Orichalcum"},{"floor":8.0,"key":"Oddly Smooth Stone"},{"floor":9.0,"key":"Meat on the Bone"},{"floor":13,"key":"Dream Catcher"}],"event_choices":[{"damage_healed":0.0,"max_hp_gain":0.0,"max_hp_loss":0.0,"gold_gain":150.0,"event_name":"Liars Game","player_choice":"AGREE","floor":2.0,"gold_loss":0.0,"damage_taken":0.0,"cards_obtained":["Doubt"]},{"damage_healed":0.0,"max_hp_gain":0.0,"max_hp_loss":0.0,"gold_gain":0.0,"event_name":"Shining Light","player_choice":"Entered Light","floor":4.0,"gold_loss":0.0,"damage_taken":20.0,"cards_upgraded":["Defend_G","Strike_G"]},{"cards_removed":["Defend_G"],"damage_healed":0.0,"max_hp_gain":0.0,"max_hp_loss":0.0,"gold_gain":0.0,"event_name":"Purifier","player_choice":"Purged","floor":5.0,"gold_loss":0.0,"damage_taken":0.0},{"cards_removed":["Strike_G"],"damage_healed":0.0,"max_hp_gain":0.0,"max_hp_loss":0.0,"gold_gain":0.0,"event_name":"The Cleric","player_choice":"Card Removal","floor":11.0,"gold_loss":75.0,"damage_taken":0.0},{"damage_healed":0,"gold_gain":180,"player_choice":"GOLD GOLD ","damage_taken":18,"max_hp_gain":0,"max_hp_loss":0,"event_name":"Knowing Skull","floor":21,"potions_obtained":[],"gold_loss":0,"cards_obtained":[]}],"is_beta":false,"boss_relics":[{"not_picked":["White Beast Statue","WristBlade"],"picked":"Black Star"}],"items_purged_floors":[3,19],"is_endless":false,"potions_floor_spawned":[8,12,16,18],"killed_by":"Centurion and Healer","ascension_level":20}