{"gold_per_floor":[113,62,80,255,205,237,237,53,53,53,68,98,98,109,109,212,212,232,28,28,28,48,82,82,93,93,118,136,146,146,162,162,162],"floor_reached":33,"playtime":1369,"items_purged":[],"score":295,"play_id":"e1a47e59-faaa-44d2-8741-b15b9e6df98c","local_time":"20181209171756","is_ascension_mode":false,"campfire_choices":[{"data":"Perfected Strike","floor":7,"key":"SMITH"},{"data":"Headbutt","floor":10,"key":"SMITH"},{"data":"Infernal Blade","floor":15,"key":"SMITH"},{"floor":24,"key":"REST"},{"floor":32,"key":"REST"}],"neow_cost":"NONE","seed_source_timestamp":844913931134477,"circlet_count":0,"master_deck":["Strike_R","Strike_R","Strike_R+1","Strike_R","Strike_R","Defend_R","Defend_R","Defend_R","Defend_R","Bash","Clash","Headbutt+1","Perfected Strike+1","Perfected Strike+1","Twin Strike","Clash","Shrug It Off","Madness","Thunderclap","Body Slam+1","Infernal Blade+1","Double Tap","True Grit+1","Armaments","Headbutt","Clash","Entrench+1","Fiend Fire","True Grit+1","Iron Wave"],"relics":["Burning Blood","Whetstone","Pantograph","Charon\u0027s Ashes","Snecko Eye","Membership Card","Pocketwatch","Orichalcum","Letter Opener","Oddly Smooth Stone"],"potions_floor_usage":[12,16,18,23,27,28,33],"damage_taken":[{"damage":6,"enemies":"2 Louse","floor":1,"turns":2},{"damage":6,"enemies":"Jaw Worm","floor":3,"turns":3},{"damage":24,"enemies":"Gremlin Nob","floor":6,"turns":4},{"damage":0,"enemies":"Cultist","floor":11,"turns":3},{"damage":6,"enemies":"Lagavulin","floor":12,"turns":4},{"damage":0,"enemies":"2 Fungi Beasts","floor":14,"turns":2},{"damage":53,"enemies":"The Guardian","floor":16,"turns":6},{"damage":20,"enemies":"3 Byrds","floor":18,"turns":5},{"damage":10,"enemies":"Chosen","floor":22,"turns":3},{"damage":17,"enemies":"Book of Stabbing","floor":23,"turns":3},{"damage":0,"enemies":"Centurion and Healer","floor":25,"turns":2},{"damage":54,"enemies":"Gremlin Leader","floor":27,"turns":4},{"damage":16,"enemies":"Snake Plant","floor":28,"turns":2},{"damage":5,"enemies":"Cultist and Chosen","floor":29,"turns":3},{"damage":8,"enemies":"Shelled Parasite and Fungi","floor":31,"turns":2},{"damage":72,"enemies":"Automaton","floor":33,"turns":6}],"seed_played":"859022694445183535","potions_obtained":[{"floor":6,"key":"Block Potion"},{"floor":14,"key":"FearPotion"},{"floor":16,"key":"PowerPotion"},{"floor":22,"key":"PowerPotion"},{"floor":25,"key":"FearPotion"},{"floor":27,"key":"FearPotion"},{"floor":31,"key":"Explosive Potion"}],"is_trial":false,"path_per_floor":["M","$","M","?","?","E","R","$","T","R","M","E","?","M","R","B",null,"M","$","?","?","M","E","R","M","T","E","M","M","T","M","R","B"],"character_chosen":"IRONCLAD","items_purchased":["Perfected Strike","Clash","Shrug It Off","Madness","Membership Card"],"campfire_rested":2,"item_purchase_floors":[2,8,8,8,19],"current_hp_per_floor":[80,80,80,80,80,62,62,62,62,62,68,68,68,74,74,33,80,66,66,66,66,62,51,75,80,80,32,22,23,23,21,45,0],"gold":162,"neow_bonus":"THREE_CARDS","is_prod":false,"is_daily":false,"chose_seed":false,"campfire_upgraded":3,"win_rate":0,"timestamp":1544393876,"path_taken":["M","$","M","?","?","E","R","$","T","R","M","E","?","M","R","BOSS","M","$","?","?","M","E","R","M","T","E","M","M","?","M","R","BOSS"],"build_version":"2018-12-06","purchased_purges":0,"victory":false,"max_hp_per_floor":[80,80,80,80,80,80,80,80,80,80,80,80,80,80,80,80,80,80,80,80,80,80,80,80,80,80,80,80,80,80,80,80,80],"card_choices":[{"not_picked":["Headbutt","Sword Boomerang"],"picked":"Clash","floor":0},{"not_picked":["Reckless Charge","Cleave"],"picked":"Headbutt","floor":1},{"not_picked":["Thunderclap","Wild Strike"],"picked":"Perfected Strike","floor":3},{"not_picked":["Iron Wave","Impervious"],"picked":"Twin Strike","floor":6},{"not_picked":["Perfected Strike","Corruption"],"picked":"Thunderclap","floor":11},{"not_picked":["Flex","Warcry"],"picked":"Body Slam","floor":12},{"not_picked":["Thunderclap","Warcry"],"picked":"Infernal Blade","floor":14},{"not_picked":["Limit Break","Offering"],"picked":"Double Tap","floor":16},{"not_picked":["Clothesline","Fire Breathing"],"picked":"True Grit+1","floor":18},{"not_picked":["True Grit+1","Body Slam+1"],"picked":"Armaments","floor":22},{"not_picked":["Body Slam+1","Wild Strike+1"],"picked":"Headbutt","floor":23},{"not_picked":["Uppercut","Warcry"],"picked":"Clash","floor":25},{"not_picked":["Body Slam","Clash"],"picked":"Entrench+1","floor":27},{"not_picked":["Rampage","Armaments"],"picked":"Fiend Fire","floor":28},{"not_picked":["Havoc","Headbutt"],"picked":"True Grit+1","floor":29},{"not_picked":["Perfected Strike","Inflame+1"],"picked":"Iron Wave","floor":31}],"player_experience":214461,"relics_obtained":[{"floor":6,"key":"Whetstone"},{"floor":9,"key":"Pantograph"},{"floor":12,"key":"Charon\u0027s Ashes"},{"floor":23,"key":"Pocketwatch"},{"floor":26,"key":"Orichalcum"},{"floor":27,"key":"Letter Opener"},{"floor":30,"key":"Oddly Smooth Stone"}],"event_choices":[{"damage_healed":0,"gold_gain":175,"player_choice":"AGREE","damage_taken":0,"max_hp_gain":0,"max_hp_loss":0,"event_name":"Liars Game","floor":4,"gold_loss":0,"cards_obtained":["Doubt"]},{"cards_removed":["Doubt"],"damage_healed":0,"gold_gain":0,"player_choice":"Card Removal","damage_taken":0,"max_hp_gain":0,"max_hp_loss":0,"event_name":"The Cleric","floor":5,"gold_loss":50},{"damage_healed":0,"gold_gain":0,"player_choice":"Grow","damage_taken":0,"max_hp_gain":0,"max_hp_loss":0,"event_name":"Living Wall","floor":13,"gold_loss":0,"cards_upgraded":["Body Slam"]},{"damage_healed":0,"gold_gain":0,"player_choice":"Ignored","damage_taken":0,"max_hp_gain":0,"max_hp_loss":0,"event_name":"Vampires","floor":20,"gold_loss":0},{"damage_healed":0,"gold_gain":0,"player_choice":"Ignored","damage_taken":0,"max_hp_gain":0,"max_hp_loss":0,"event_name":"Ghosts","floor":21,"gold_loss":0}],"is_beta":false,"boss_relics":[{"not_picked":["Calling Bell","Mark of Pain"],"picked":"Snecko Eye"}],"items_purged_floors":[],"is_endless":false,"potions_floor_spawned":[6,14,16,22,25,27,31],"killed_by":"Automaton","ascension_level":0}