{"gold_per_floor":[113,113,185,2,2,28,28,28,106,136,151,106],"floor_reached":12,"playtime":240,"items_purged":["Strike_B"],"score":167,"play_id":"2194a807-f4d2-410c-b165-94eaa1c8aa74","local_time":"20181021055613","is_ascension_mode":true,"campfire_choices":[{"data":"Loop","floor":7,"key":"SMITH"}],"neow_cost":"NONE","seed_source_timestamp":59029141697654,"circlet_count":0,"master_deck":["Strike_B","Strike_B","Strike_B+1","Defend_B","Defend_B","Defend_B+1","Defend_B","Zap+1","Dualcast+1","AscendersBane","Ball Lightning","Rip and Tear+1","Hello World","Loop+1","Chaos","Loop"],"relics":["Cracked Core","NeowsBlessing","Molten Egg 2","War Paint","Pantograph","Incense Burner"],"potions_floor_usage":[],"damage_taken":[{"damage":0,"enemies":"Small Slimes","floor":1,"turns":1},{"damage":0,"enemies":"Jaw Worm","floor":5,"turns":1},{"damage":0,"enemies":"Gremlin Nob","floor":6,"turns":1},{"damage":20,"enemies":"Lagavulin","floor":10,"turns":4},{"damage":3,"enemies":"2 Louse","floor":11,"turns":2},{"damage":33,"enemies":"Exordium Thugs","floor":12,"turns":3}],"seed_played":"-8262262789718076557","potions_obtained":[{"floor":10,"key":"Swift Potion"}],"is_trial":false,"path_per_floor":["M","?","T","$","M","E","R","$","T","E","M"],"character_chosen":"DEFECT","items_purchased":["Rip and Tear+1","Hello World"],"campfire_rested":0,"item_purchase_floors":[4,4],"current_hp_per_floor":[68,53,53,53,53,53,53,53,53,33,30,0],"gold":106,"neow_bonus":"THREE_ENEMY_KILL","is_prod":false,"is_daily":false,"chose_seed":false,"campfire_upgraded":1,"win_rate":0,"timestamp":1540126573,"path_taken":["M","?","?","?","M","E","R","$","T","E","M","?"],"build_version":"2018-10-18","purchased_purges":1,"victory":false,"max_hp_per_floor":[75,75,75,75,75,75,75,75,75,75,75,75],"card_choices":[{"not_picked":["Darkness","Turbo"],"picked":"Ball Lightning","floor":1},{"not_picked":["Compile Driver+1","Stack","Cold Snap+1"],"picked":"SKIP","floor":5},{"not_picked":["Leap","Auto Shields"],"picked":"Loop","floor":6},{"not_picked":["Rainbow","Rebound+1"],"picked":"Chaos","floor":10},{"not_picked":["Consume","Streamline+1"],"picked":"Loop","floor":11}],"player_experience":314041,"relics_obtained":[{"floor":3,"key":"Molten Egg 2"},{"floor":6,"key":"War Paint"},{"floor":9,"key":"Pantograph"},{"floor":10,"key":"Incense Burner"}],"event_choices":[{"damage_healed":0,"gold_gain":0,"player_choice":"Entered Light","damage_taken":15,"max_hp_gain":0,"max_hp_loss":0,"event_name":"Shining Light","floor":2,"gold_loss":0,"cards_upgraded":["Dualcast","Strike_B"]}],"is_beta":false,"boss_relics":[],"items_purged_floors":[4],"is_endless":false,"potions_floor_spawned":[10],"killed_by":"Exordium Thugs","ascension_level":10}