{"gold_per_floor":[117,130,130,130,305,340,340,355,355,8,22,35,35,50,50,149,149,89,89,89,101,16,16,26,26,80,99,99,132,232,257,257,354,354,370,390,390,60,60,114,114,127,153,165,165,39,59,11,11,11,11,11,11,43,43],"floor_reached":56,"playtime":5914,"items_purged":["Strike_G"],"score":1183,"play_id":"c51c2781-5469-429b-9d59-16bd61ffc36c","local_time":"20190306013732","is_ascension_mode":false,"campfire_choices":[{"floor":15.0,"key":"REST"},{"floor":23.0,"key":"RECALL"},{"data":"Caltrops","floor":25.0,"key":"SMITH"},{"floor":32.0,"key":"REST"},{"floor":41.0,"key":"REST"},{"floor":49.0,"key":"REST"},{"data":"Wraith Form v2","floor":52.0,"key":"SMITH"}],"neow_cost":"NONE","seed_source_timestamp":0,"circlet_count":0,"master_deck":["Defend_G","Defend_G+1","Defend_G","Survivor","Neutralize+1","Noxious Fumes+1","Footwork+1","Storm of Steel+1","Dagger Spray","PiercingWail","Skewer","Accuracy","Escape Plan","Caltrops+1","Cloak And Dagger","Tactician","Bouncing Flask","Wraith Form v2+1","Leg Sweep","Finisher","Adrenaline","Backflip","Leg Sweep","Shame","Calculated Gamble","Flechettes","Blur","After Image+1","Deadly Poison","Distraction+1","Madness","Caltrops+1","Footwork+1","Envenom+1","Regret","Cloak And Dagger+1","Infinite Blades+1","Backflip","PiercingWail","Envenom+1"],"special_seed":0,"relics":["Astrolabe","Blue Candle","Blood Vial","Bronze Scales","TheAbacus","Cursed Key","Happy Flower","Oddly Smooth Stone","Centennial Puzzle","Tingsha","Frozen Egg 2","Snake Skull","Runic Pyramid","Darkstone Periapt","Gambling Chip","Orichalcum"],"potions_floor_usage":[55],"damage_taken":[{"damage":0.0,"enemies":"Small Slimes","floor":1.0,"turns":5.0},{"damage":0.0,"enemies":"Jaw Worm","floor":2.0,"turns":3.0},{"damage":31.0,"enemies":"3 Sentries","floor":6.0,"turns":8.0},{"damage":13.0,"enemies":"2 Louse","floor":8.0,"turns":3.0},{"damage":2.0,"enemies":"Looter","floor":11.0,"turns":5.0},{"damage":1.0,"enemies":"Exordium Wildlife","floor":12.0,"turns":5.0},{"damage":1.0,"enemies":"2 Fungi Beasts","floor":14.0,"turns":4.0},{"damage":21.0,"enemies":"Slime Boss","floor":16.0,"turns":10.0},{"damage":2.0,"enemies":"2 Thieves","floor":18.0,"turns":4.0},{"damage":0.0,"enemies":"3 Byrds","floor":21.0,"turns":3.0},{"damage":0.0,"enemies":"Snake Plant","floor":24.0,"turns":3.0},{"damage":1.0,"enemies":"Sentry and Sphere","floor":27.0,"turns":5.0},{"damage":14.0,"enemies":"Slavers","floor":29.0,"turns":5.0},{"damage":1.0,"enemies":"Colosseum Slavers","floor":30.0,"turns":5.0},{"damage":1.0,"enemies":"Colosseum Nobs","floor":30.0,"turns":5.0},{"damage":1.0,"enemies":"Book of Stabbing","floor":31.0,"turns":4.0},{"damage":29.0,"enemies":"Automaton","floor":33.0,"turns":10.0},{"damage":1.0,"enemies":"Orb Walker","floor":35.0,"turns":3.0},{"damage":2.0,"enemies":"3 Shapes","floor":36.0,"turns":5.0},{"damage":15.0,"enemies":"2 Orb Walkers","floor":40.0,"turns":5.0},{"damage":2.0,"enemies":"Writhing Mass","floor":42.0,"turns":4.0},{"damage":22.0,"enemies":"3 Darklings","floor":44.0,"turns":3.0},{"damage":2.0,"enemies":"Maw","floor":47.0,"turns":6.0},{"damage":39.0,"enemies":"Awakened One","floor":50.0,"turns":11.0},{"damage":28.0,"enemies":"Shield and Spear","floor":54.0,"turns":6.0},{"damage":42,"enemies":"The Heart","floor":55,"turns":9}],"seed_played":"-3029591977153106052","potions_obtained":[{"floor":8.0,"key":"Swift Potion"},{"floor":11.0,"key":"Block Potion"},{"floor":12.0,"key":"Swift Potion"},{"floor":14.0,"key":"GamblersBrew"},{"floor":21.0,"key":"EssenceOfSteel"},{"floor":29.0,"key":"SmokeBomb"},{"floor":30.0,"key":"Ancient Potion"},{"floor":33.0,"key":"PowerPotion"},{"floor":35.0,"key":"GamblersBrew"},{"floor":42.0,"key":"EssenceOfSteel"},{"floor":54.0,"key":"FearPotion"}],"is_trial":false,"path_per_floor":["M","M","?","?","?","E","?","M","T","$","M","M","?","M","R","B",null,"M","?","?","M","?","R","M","R","T","M","?","E","?","E","R","B",null,"M","M","?","$","?","?","R","M","T","M","?","$","M","$","R","B",null,"R","$","E","B",null],"character_chosen":"THE_SILENT","items_purchased":["TheAbacus","Caltrops","Caltrops+1","Darkstone Periapt","Infinite Blades+1","Backflip","Dexterity Potion"],"campfire_rested":4,"item_purchase_floors":[10,10,38,38,46,46,48],"current_hp_per_floor":[70,70,70,70,70,39,25,14,14,14,14,15,8,9,30,11,70,68,68,68,70,70,70,70,70,70,69,69,56,58,59,70,41,70,69,68,68,68,68,55,70,68,74,54,54,54,54,54,76,37,76,76,76,48,8],"gold":43,"neow_bonus":"BOSS_RELIC","is_prod":false,"is_daily":false,"chose_seed":false,"campfire_upgraded":2,"win_rate":0,"timestamp":1551803852,"path_taken":["M","M","?","?","?","E","?","M","T","$","?","M","?","M","R","BOSS","M","?","?","M","?","R","?","R","T","M","?","E","?","E","R","BOSS","M","M","?","$","?","?","R","M","T","M","?","$","?","$","R","BOSS","R","$","E","BOSS"],"build_version":"2019-01-23","purchased_purges":1,"victory":true,"max_hp_per_floor":[70,70,70,70,70,70,70,70,70,70,70,70,70,70,70,70,70,70,70,70,70,70,70,70,70,70,70,70,70,70,70,70,70,70,70,70,70,70,70,70,70,70,76,76,76,76,76,76,76,76,76,76,76,76,76],"card_choices":[{"not_picked":["Outmaneuver","Eviscerate"],"picked":"Dagger Spray","floor":1.0},{"not_picked":["Predator","Poisoned Stab"],"picked":"PiercingWail","floor":2.0},{"not_picked":["Deadly Poison","Catalyst"],"picked":"Accuracy","floor":6.0},{"not_picked":["Slice","Flying Knee"],"picked":"Escape Plan","floor":8.0},{"not_picked":["Backflip","Acrobatics"],"picked":"Cloak And Dagger","floor":11.0},{"not_picked":["Underhanded Strike","Prepared"],"picked":"Tactician","floor":12.0},{"not_picked":["Skewer","Riddle With Holes"],"picked":"Bouncing Flask","floor":14.0},{"not_picked":["Corpse Explosion","Venomology"],"picked":"Wraith Form v2","floor":16.0},{"not_picked":["Quick Slash","Underhanded Strike"],"picked":"Leg Sweep","floor":18.0},{"not_picked":["Underhanded Strike+1","Dodge and Roll"],"picked":"Backflip","floor":21.0},{"not_picked":["Eviscerate+1","Dodge and Roll"],"picked":"Leg Sweep","floor":24.0},{"not_picked":["Prepared","Dagger Throw"],"picked":"Calculated Gamble","floor":27.0},{"not_picked":["Sucker Punch+1","Expertise"],"picked":"Glass Knife","floor":29.0},{"not_picked":["Sucker Punch","Calculated Gamble"],"picked":"Flechettes","floor":30.0},{"not_picked":["Terror","Calculated Gamble"],"picked":"Blur","floor":31.0},{"not_picked":["Doppelganger","Corpse Explosion"],"picked":"After Image+1","floor":33.0},{"not_picked":["Quick Slash+1","Eviscerate"],"picked":"Deadly Poison","floor":35.0},{"not_picked":["Quick Slash","Bane"],"picked":"Distraction+1","floor":36.0},{"not_picked":["Good Instincts","Trip"],"picked":"Madness","floor":37.0},{"not_picked":["Skewer+1","Endless Agony+1"],"picked":"Footwork+1","floor":40.0},{"not_picked":["Cloak And Dagger","Well Laid Plans+1"],"picked":"Envenom+1","floor":42.0},{"not_picked":["Deflect","Backflip"],"picked":"Cloak And Dagger+1","floor":44.0},{"not_picked":["Dagger Spray+1","Quick Slash"],"picked":"PiercingWail","floor":47.0},{"not_picked":["Underhanded Strike","Outmaneuver"],"picked":"Envenom+1","floor":54.0}],"player_experience":104144,"relics_obtained":[{"floor":6.0,"key":"Blood Vial"},{"floor":9.0,"key":"Bronze Scales"},{"floor":26.0,"key":"Oddly Smooth Stone"},{"floor":29.0,"key":"Centennial Puzzle"},{"floor":30.0,"key":"Tingsha"},{"floor":30.0,"key":"Frozen Egg 2"},{"floor":31.0,"key":"Snake Skull"},{"floor":40.0,"key":"Gambling Chip"},{"floor":54.0,"key":"Orichalcum"}],"event_choices":[{"damage_healed":0.0,"max_hp_gain":0.0,"max_hp_loss":0.0,"gold_gain":0.0,"event_name":"Big Fish","player_choice":"Box","floor":3.0,"gold_loss":0.0,"damage_taken":0.0,"relics_obtained":["Blue Candle"],"cards_obtained":["Regret"]},{"damage_healed":0.0,"max_hp_gain":0.0,"max_hp_loss":0.0,"gold_gain":0.0,"cards_transformed":["Strike_G"],"event_name":"Living Wall","player_choice":"Change","floor":4.0,"gold_loss":0.0,"damage_taken":0.0,"cards_obtained":["Skewer"]},{"damage_healed":0.0,"max_hp_gain":0.0,"max_hp_loss":0.0,"gold_gain":175.0,"event_name":"Liars Game","player_choice":"AGREE","floor":5.0,"gold_loss":0.0,"damage_taken":0.0,"cards_obtained":["Doubt"]},{"damage_healed":0.0,"max_hp_gain":0.0,"max_hp_loss":0.0,"gold_gain":0.0,"event_name":"Shining Light","player_choice":"Entered Light","floor":7.0,"gold_loss":0.0,"damage_taken":14.0,"cards_upgraded":["Neutralize","Defend_G"]},{"cards_removed":["Regret"],"damage_healed":0.0,"max_hp_gain":0.0,"max_hp_loss":0.0,"gold_gain":0.0,"event_name":"Golden Wing","player_choice":"Card Removal","floor":13.0,"gold_loss":0.0,"damage_taken":7.0},{"cards_removed":["Doubt"],"damage_healed":0.0,"max_hp_gain":0.0,"max_hp_loss":0.0,"gold_gain":0.0,"event_name":"Back to Basics","player_choice":"Elegance","floor":19.0,"gold_loss":0.0,"damage_taken":0.0},{"damage_healed":0.0,"max_hp_gain":0.0,"max_hp_loss":0.0,"gold_gain":0.0,"cards_transformed":["Defend_G","Defend_G"],"event_name":"Drug Dealer","player_choice":"Became Test Subject","floor":20.0,"gold_loss":0.0,"damage_taken":0.0,"cards_obtained":["Finisher","Adrenaline"]},{"damage_healed":0.0,"max_hp_gain":0.0,"max_hp_loss":0.0,"gold_gain":0.0,"event_name":"Addict","player_choice":"Obtained Relic","floor":22.0,"gold_loss":85.0,"damage_taken":0.0,"relics_obtained":["Happy Flower"]},{"damage_healed":0.0,"max_hp_gain":0.0,"max_hp_loss":0.0,"gold_gain":0.0,"event_name":"Ghosts","player_choice":"Ignored","floor":28.0,"gold_loss":0.0,"damage_taken":0.0},{"damage_healed":0.0,"max_hp_gain":0.0,"max_hp_loss":0.0,"gold_gain":0.0,"event_name":"Colosseum","player_choice":"Fight","floor":30.0,"gold_loss":0.0,"damage_taken":0.0},{"damage_healed":0.0,"max_hp_gain":0.0,"max_hp_loss":0.0,"gold_gain":0.0,"event_name":"Colosseum","player_choice":"Fought Nobs","floor":30.0,"gold_loss":0.0,"damage_taken":0.0},{"damage_healed":0.0,"max_hp_gain":0.0,"max_hp_loss":0.0,"gold_gain":0.0,"event_name":"SensoryStone","player_choice":"Memory 1","floor":37.0,"gold_loss":0.0,"damage_taken":0.0},{"cards_removed":["Glass Knife"],"damage_healed":0.0,"max_hp_gain":0.0,"max_hp_loss":0.0,"gold_gain":0.0,"event_name":"Falling","player_choice":"Removed Attack","floor":39.0,"gold_loss":0.0,"damage_taken":0.0},{"damage_healed":0.0,"max_hp_gain":0.0,"max_hp_loss":0.0,"gold_gain":0.0,"event_name":"Mysterious Sphere","player_choice":"Fight","floor":40.0,"gold_loss":0.0,"damage_taken":0.0},{"damage_healed":0.0,"max_hp_gain":0.0,"max_hp_loss":0.0,"gold_gain":0.0,"event_name":"Tomb of Lord Red Mask","player_choice":"Ignored","floor":45.0,"gold_loss":0.0,"damage_taken":0.0}],"is_beta":false,"boss_relics":[{"not_picked":["Ectoplasm","Runic Dome"],"picked":"Cursed Key"},{"not_picked":["Black Star","Tiny House"],"picked":"Runic Pyramid"}],"items_purged_floors":[10],"is_endless":false,"potions_floor_spawned":[8,11,12,14,21,29,30,33,35,42,54],"ascension_level":0}