{"gold_per_floor":[214,230,230,230,248,248,248,287,311,311,329,15,53,78,78,78],"floor_reached":16,"playtime":768,"items_purged":["Strike_R"],"score":165,"play_id":"4ecfb442-2b74-46ba-a9fb-86f0925e1b35","local_time":"20181116172144","is_ascension_mode":true,"campfire_choices":[{"data":"True Grit","floor":6,"key":"SMITH"},{"data":"True Grit","floor":10,"key":"SMITH"},{"data":"Blood for Blood","floor":15,"key":"SMITH"}],"neow_cost":"NONE","seed_source_timestamp":113359731059581,"circlet_count":0,"master_deck":["AscendersBane","Strike_R","Strike_R","Strike_R","Defend_R","Defend_R","Defend_R","Defend_R","Bash","Blood for Blood+1","Battle Trance","True Grit+1","True Grit+1","Sentinel","Infernal Blade"],"relics":["Burning Blood","Golden Idol","Bag of Marbles","Orichalcum","Membership Card","Blood Vial","Odd Mushroom"],"potions_floor_usage":[8,13,16],"damage_taken":[{"damage":4,"enemies":"Jaw Worm","floor":1,"turns":4},{"damage":19,"enemies":"Small Slimes","floor":2,"turns":4},{"damage":5,"enemies":"Cultist","floor":5,"turns":4},{"damage":31,"enemies":"3 Sentries","floor":8,"turns":7},{"damage":4,"enemies":"Looter","floor":11,"turns":3},{"damage":10,"enemies":"The Mushroom Lair","floor":13,"turns":5},{"damage":2,"enemies":"2 Fungi Beasts","floor":14,"turns":4},{"damage":44,"enemies":"Slime Boss","floor":16,"turns":9}],"seed_played":"-7168549039886591729","potions_obtained":[{"floor":1,"key":"PowerPotion"},{"floor":4,"key":"AttackPotion"},{"floor":4,"key":"Block Potion"},{"floor":8,"key":"SkillPotion"},{"floor":13,"key":"Dexterity Potion"}],"is_trial":false,"path_per_floor":["M","M","?","?","M","R","?","E","T","R","M","$","?","M","R","B"],"character_chosen":"IRONCLAD","items_purchased":["Membership Card","Blood Vial"],"campfire_rested":0,"item_purchase_floors":[12,12],"current_hp_per_floor":[74,61,54,54,55,55,55,30,30,30,32,32,30,36,36,0],"gold":78,"neow_bonus":"HUNDRED_GOLD","is_prod":false,"is_daily":false,"chose_seed":false,"campfire_upgraded":3,"win_rate":0,"timestamp":1542406904,"path_taken":["M","M","?","?","?","R","?","E","T","R","M","$","?","M","R","BOSS"],"build_version":"2018-11-15","purchased_purges":1,"victory":false,"max_hp_per_floor":[80,80,80,80,80,80,74,74,74,74,74,74,74,74,74,74],"card_choices":[{"not_picked":["Thunderclap","Dual Wield"],"picked":"Blood for Blood","floor":1},{"not_picked":["Metallicize","Thunderclap"],"picked":"Battle Trance","floor":2},{"not_picked":["Shockwave","Wild Strike"],"picked":"True Grit","floor":5},{"not_picked":["Perfected Strike","Ghostly Armor"],"picked":"True Grit","floor":8},{"not_picked":["Body Slam","Wild Strike"],"picked":"Sentinel","floor":11},{"not_picked":["Warcry","Sever Soul"],"picked":"Infernal Blade","floor":13},{"not_picked":["Clothesline","Warcry","Armaments"],"picked":"SKIP","floor":14}],"player_experience":383503,"relics_obtained":[{"floor":8,"key":"Bag of Marbles"},{"floor":9,"key":"Orichalcum"},{"floor":13,"key":"Odd Mushroom"}],"event_choices":[{"cards_removed":["Strike_R"],"damage_healed":0,"gold_gain":0,"player_choice":"Card Removal","damage_taken":7,"max_hp_gain":0,"max_hp_loss":0,"event_name":"Golden Wing","floor":3,"gold_loss":0},{"damage_healed":0,"gold_gain":0,"player_choice":"Got Potions","damage_taken":0,"max_hp_gain":0,"max_hp_loss":0,"event_name":"Lab","floor":4,"gold_loss":0},{"damage_healed":0,"gold_gain":0,"player_choice":"Lose Max HP","damage_taken":0,"relics_obtained":["Golden Idol"],"max_hp_gain":0,"max_hp_loss":6,"event_name":"Golden Idol","floor":7,"gold_loss":0},{"damage_healed":0,"gold_gain":0,"player_choice":"Fought Mushrooms","damage_taken":0,"max_hp_gain":0,"max_hp_loss":0,"event_name":"Mushrooms","floor":13,"gold_loss":0}],"is_beta":true,"boss_relics":[],"items_purged_floors":[12],"is_endless":false,"potions_floor_spawned":[1,8,11,13],"killed_by":"Slime Boss","ascension_level":13}