{"gold_per_floor":[115,115,131,148,161,161,187,187,187,187,362,10,10,24,24,24],"floor_reached":16,"playtime":1296,"items_purged":["Doubt"],"score":100,"play_id":"9104967e-b19f-4a70-aea4-2f32a78e3675","local_time":"20190121192646","is_ascension_mode":false,"campfire_choices":[{"data":"Neutralize","floor":6.0,"key":"SMITH"},{"floor":8,"key":"REST"},{"floor":15,"key":"REST"}],"neow_cost":"NONE","seed_source_timestamp":0,"circlet_count":0,"master_deck":["Defend_G","Defend_G","Defend_G","Defend_G","Defend_G+1","Strike_G","Strike_G+1","Strike_G","Strike_G","Survivor","Neutralize+1","Quick Slash","Dagger Spray","Underhanded Strike","All Out Attack","Burst","Infinite Blades","Endless Agony","Expertise","Finisher"],"special_seed":0,"relics":["Ring of the Snake","Gremlin Horn","Girya","StoneCalendar","Membership Card"],"potions_floor_usage":[],"damage_taken":[{"damage":0.0,"enemies":"Jaw Worm","floor":1.0,"turns":6.0},{"damage":0.0,"enemies":"Small Slimes","floor":3.0,"turns":3.0},{"damage":0.0,"enemies":"2 Louse","floor":4.0,"turns":2.0},{"damage":7.0,"enemies":"Blue Slaver","floor":5.0,"turns":5.0},{"damage":26.0,"enemies":"Lagavulin","floor":7.0,"turns":8.0},{"damage":0,"enemies":"Red Slaver","floor":14,"turns":3},{"damage":45,"enemies":"Slime Boss","floor":16,"turns":5}],"seed_played":"-2027927375429259586","potions_obtained":[{"floor":3.0,"key":"LiquidBronze"}],"is_trial":false,"path_per_floor":["M","?","M","M","M","R","E","R","T","?","?","$","?","M","R","B"],"character_chosen":"THE_SILENT","items_purchased":["Infinite Blades","Membership Card","Endless Agony"],"campfire_rested":2,"item_purchase_floors":[12,12,12],"current_hp_per_floor":[77,62,62,62,55,55,29,52,52,19,19,19,19,19,42,0],"gold":24,"neow_bonus":"TEN_PERCENT_HP_BONUS","is_prod":false,"is_daily":false,"chose_seed":false,"campfire_upgraded":1,"win_rate":0.0,"timestamp":1548116806,"path_taken":["M","?","M","M","M","R","E","R","T","?","?","$","?","M","R","BOSS"],"build_version":"2019-01-17v2","purchased_purges":1,"victory":false,"max_hp_per_floor":[77,77,77,77,77,77,77,77,77,77,77,77,77,77,77,77],"card_choices":[{"not_picked":["Backflip","Footwork"],"picked":"Quick Slash","floor":1.0},{"not_picked":["Dodge and Roll","All Out Attack"],"picked":"Dagger Spray","floor":3.0},{"not_picked":["Dagger Throw","Quick Slash"],"picked":"Underhanded Strike","floor":4.0},{"not_picked":["Crippling Poison","Poisoned Stab"],"picked":"All Out Attack","floor":5.0},{"not_picked":["Backflip","Outmaneuver"],"picked":"Burst","floor":7},{"not_picked":["Blade Dance","Slice"],"picked":"Finisher","floor":14}],"player_experience":11783,"relics_obtained":[{"floor":7,"key":"Gremlin Horn"},{"floor":9,"key":"Girya"}],"event_choices":[{"damage_healed":0.0,"max_hp_gain":0.0,"max_hp_loss":0.0,"gold_gain":0.0,"event_name":"Shining Light","player_choice":"Entered Light","floor":2.0,"gold_loss":0.0,"damage_taken":15.0,"cards_upgraded":["Strike_G","Defend_G"]},{"damage_healed":0,"gold_gain":0,"player_choice":"Success","damage_taken":33,"relics_obtained":["StoneCalendar"],"max_hp_gain":0,"max_hp_loss":0,"event_name":"Scrap Ooze","floor":10,"gold_loss":0},{"damage_healed":0,"gold_gain":175,"player_choice":"AGREE","damage_taken":0,"max_hp_gain":0,"max_hp_loss":0,"event_name":"Liars Game","floor":11,"gold_loss":0,"cards_obtained":["Doubt"]},{"damage_healed":0,"gold_gain":0,"cards_transformed":["Strike_G"],"player_choice":"Transformed","damage_taken":0,"max_hp_gain":0,"max_hp_loss":0,"event_name":"Transmorgrifier","floor":13,"gold_loss":0,"cards_obtained":["Expertise"]}],"is_beta":false,"boss_relics":[],"items_purged_floors":[12],"is_endless":false,"potions_floor_spawned":[3],"killed_by":"Slime Boss","ascension_level":0}