{"gold_per_floor":[113,13,13,13,24,24,42,42,42,42,42,62,62,78,78,156,156,166,14,14,14,33,33,45,45,45,75,75,75],"floor_reached":29,"playtime":822,"items_purged":["Strike_B"],"score":422,"play_id":"e349233d-94a7-47e8-ab3d-83eb829c2d47","local_time":"20190211035456","is_ascension_mode":true,"campfire_choices":[{"floor":6,"key":"REST"},{"data":"Zap","floor":8,"key":"SMITH"},{"data":"Genetic Algorithm","floor":10,"key":"SMITH"},{"data":"Dualcast","floor":13,"key":"SMITH"},{"data":"Rebound","floor":15,"key":"SMITH"},{"data":"Multi-Cast","floor":23,"key":"SMITH"},{"floor":25,"key":"REST"},{"data":"Reinforced Body","floor":28,"key":"SMITH"}],"neow_cost":"NONE","seed_source_timestamp":410030555720200,"circlet_count":0,"master_deck":["AscendersBane","Strike_B+1","Strike_B+1","Strike_B+1","Defend_B","Defend_B","Defend_B","Defend_B","Zap+1","Dualcast+1","BootSequence","Static Discharge+1","Steam","Coolheaded","Genetic Algorithm+1","Rebound+1","Self Repair","Multi-Cast+1","Capacitor","Reinforced Body+1","Steam","Shame"],"relics":["Cracked Core","Whetstone","Art of War","Lantern","Sozu","FaceOfCleric","Strawberry","Tiny Chest"],"potions_floor_usage":[16,16],"damage_taken":[{"damage":0,"enemies":"Cultist","floor":1,"turns":3},{"damage":0,"enemies":"Jaw Worm","floor":5,"turns":3},{"damage":3,"enemies":"Small Slimes","floor":7,"turns":4},{"damage":1,"enemies":"Blue Slaver","floor":12,"turns":3},{"damage":0,"enemies":"3 Louse","floor":14,"turns":3},{"damage":10,"enemies":"The Guardian","floor":16,"turns":9},{"damage":20,"enemies":"Chosen","floor":18,"turns":7},{"damage":18,"enemies":"2 Thieves","floor":22,"turns":4},{"damage":34,"enemies":"Snecko","floor":24,"turns":10},{"damage":51,"enemies":"Cultist and Chosen","floor":29,"turns":7}],"seed_played":"7692923538536701223","potions_obtained":[{"floor":1,"key":"Fire Potion"},{"floor":12,"key":"PowerPotion"}],"is_trial":false,"path_per_floor":["M","$","?","?","M","R","M","R","T","R","$","M","R","M","R","B",null,"M","$","?","$","M","R","M","R","T","?","R","M"],"character_chosen":"DEFECT","items_purchased":["Static Discharge","Steam","Capacitor"],"campfire_rested":2,"item_purchase_floors":[2,2,19],"current_hp_per_floor":[64,64,43,8,8,29,26,26,26,26,26,25,25,25,25,22,59,46,46,46,46,36,36,10,31,38,38,38,0],"gold":75,"neow_bonus":"RANDOM_COMMON_RELIC","is_prod":false,"is_daily":false,"chose_seed":false,"campfire_upgraded":6,"win_rate":0,"timestamp":1549886096,"path_taken":["M","$","?","?","M","R","M","R","T","R","$","M","R","M","R","BOSS","M","$","?","?","M","R","?","R","T","?","R","M"],"build_version":"2019-01-23","purchased_purges":1,"victory":false,"max_hp_per_floor":[71,71,71,71,71,71,71,71,71,71,71,71,71,71,71,71,71,71,71,71,71,72,72,73,73,80,80,80,80],"card_choices":[{"not_picked":["Storm","Rebound"],"picked":"BootSequence","floor":1},{"not_picked":["Barrage","Gash"],"picked":"Coolheaded","floor":5},{"not_picked":["Storm","Barrage"],"picked":"Genetic Algorithm","floor":7},{"not_picked":["Turbo","Steam"],"picked":"Rebound","floor":12},{"not_picked":["Hologram","Rip and Tear"],"picked":"Self Repair","floor":14},{"not_picked":["Hyperbeam","Thunder Strike"],"picked":"Multi-Cast","floor":16},{"not_picked":["Hologram","Turbo","Aggregate"],"picked":"SKIP","floor":18},{"not_picked":["Barrage","Sweeping Beam"],"picked":"Reinforced Body","floor":22},{"not_picked":["Sweeping Beam","Blizzard"],"picked":"Steam","floor":24}],"player_experience":676753,"relics_obtained":[{"floor":9,"key":"Lantern"},{"floor":26,"key":"Strawberry"}],"event_choices":[{"damage_healed":0,"gold_gain":0,"player_choice":"Entered Light","damage_taken":21,"max_hp_gain":0,"max_hp_loss":0,"event_name":"Shining Light","floor":3,"gold_loss":0,"cards_upgraded":["Strike_B","Static Discharge"]},{"damage_healed":0,"gold_gain":0,"player_choice":"Success","damage_taken":35,"relics_obtained":["Art of War"],"max_hp_gain":0,"max_hp_loss":0,"event_name":"Scrap Ooze","floor":4,"gold_loss":0},{"damage_healed":0,"gold_gain":0,"player_choice":"Trade","damage_taken":0,"relics_obtained":["FaceOfCleric"],"max_hp_gain":0,"max_hp_loss":0,"event_name":"FaceTrader","floor":20,"gold_loss":0},{"damage_healed":0,"gold_gain":0,"player_choice":"Stole Relic","damage_taken":0,"relics_obtained":["Tiny Chest"],"max_hp_gain":0,"max_hp_loss":0,"event_name":"Addict","floor":27,"gold_loss":0,"cards_obtained":["Shame"]}],"is_beta":false,"boss_relics":[{"not_picked":["Pandora\u0027s Box","Lizard Tail"],"picked":"Sozu"}],"items_purged_floors":[19],"is_endless":false,"potions_floor_spawned":[1,12,14,24],"killed_by":"Cultist and Chosen","ascension_level":20}