{"gold_per_floor":[113,123,48,48,62,62,75,4,50,50,70,70,70,103,103,198,248,233,233,246,5,5],"floor_reached":22,"playtime":638,"items_purged":["Strike_G"],"score":294,"play_id":"36db79b0-731c-4562-98f0-62ad88a4289d","local_time":"20190218192228","is_ascension_mode":true,"campfire_choices":[{"data":"Cloak And Dagger","floor":6,"key":"SMITH"},{"data":"Noxious Fumes","floor":10,"key":"SMITH"},{"data":"Neutralize","floor":12,"key":"SMITH"},{"data":"Cloak And Dagger","floor":15,"key":"SMITH"}],"neow_cost":"NONE","seed_source_timestamp":1294653169735341,"circlet_count":0,"master_deck":["AscendersBane","Defend_G","Defend_G","Defend_G","Defend_G","Defend_G","Strike_G","Strike_G","Survivor","Neutralize+1","Cloak And Dagger+1","Cloak And Dagger+1","Flying Knee+1","Noxious Fumes+1","Catalyst","Deadly Poison","Bullet Time","Deadly Poison","Noxious Fumes+1","Footwork+1","Catalyst","Cloak And Dagger+1"],"relics":["Ring of the Snake","NeowsBlessing","Omamori","Smiling Mask","Tiny House","DollysMirror"],"potions_floor_usage":[16,20],"damage_taken":[{"damage":0,"enemies":"Cultist","floor":1,"turns":1},{"damage":0,"enemies":"Small Slimes","floor":2,"turns":1},{"damage":0,"enemies":"2 Louse","floor":5,"turns":1},{"damage":6,"enemies":"Lots of Slimes","floor":7,"turns":6},{"damage":0,"enemies":"Blue Slaver","floor":11,"turns":5},{"damage":17,"enemies":"Lagavulin","floor":14,"turns":7},{"damage":7,"enemies":"The Guardian","floor":16,"turns":9},{"damage":19,"enemies":"2 Thieves","floor":18,"turns":4},{"damage":39,"enemies":"3 Byrds","floor":20,"turns":6},{"damage":6,"enemies":"Centurion and Healer","floor":22,"turns":3}],"seed_played":"-4319813776299970899","potions_obtained":[{"floor":14,"key":"Dexterity Potion"},{"floor":16,"key":"EssenceOfSteel"},{"floor":17,"key":"Poison Potion"},{"floor":18,"key":"Dexterity Potion"},{"floor":20,"key":"SmokeBomb"}],"is_trial":false,"path_per_floor":["M","M","$","?","M","R","M","$","T","R","M","R","?","E","R","B",null,"M","?","M","$","M"],"character_chosen":"THE_SILENT","items_purchased":["Noxious Fumes","Catalyst","DollysMirror"],"campfire_rested":0,"item_purchase_floors":[8,21,21],"current_hp_per_floor":[63,63,63,63,63,63,57,57,57,57,57,57,50,33,33,26,64,45,45,6,6,0],"gold":5,"neow_bonus":"THREE_ENEMY_KILL","is_prod":false,"is_daily":false,"chose_seed":false,"campfire_upgraded":4,"win_rate":0,"timestamp":1550478148,"path_taken":["M","?","$","?","?","R","M","$","T","R","?","R","?","E","R","BOSS","M","?","M","$","M"],"build_version":"2019-01-23","purchased_purges":1,"victory":false,"max_hp_per_floor":[70,70,70,70,70,70,70,70,70,70,70,70,70,70,70,70,75,75,75,75,75,75],"card_choices":[{"not_picked":["Backflip","Deadly Poison"],"picked":"Cloak And Dagger","floor":1},{"not_picked":["Slice","Outmaneuver"],"picked":"Cloak And Dagger","floor":2},{"not_picked":["Outmaneuver","Slice"],"picked":"Flying Knee","floor":5},{"not_picked":["Outmaneuver","Sucker Punch","Eviscerate"],"picked":"SKIP","floor":7},{"not_picked":["Riddle With Holes","Underhanded Strike"],"picked":"Catalyst","floor":11},{"not_picked":["Acrobatics","Glass Knife"],"picked":"Deadly Poison","floor":14},{"not_picked":["Night Terror","Phantasmal Killer"],"picked":"Bullet Time","floor":16},{"not_picked":["Prepared","Bane"],"picked":"Deadly Poison","floor":17},{"not_picked":["Blade Dance","Cloak And Dagger","Sucker Punch"],"picked":"SKIP","floor":18},{"not_picked":["Noxious Fumes","Expertise"],"picked":"Footwork+1","floor":20}],"player_experience":727946,"relics_obtained":[{"floor":9,"key":"Omamori"},{"floor":14,"key":"Smiling Mask"}],"event_choices":[{"cards_removed":["Strike_G"],"damage_healed":0,"gold_gain":0,"player_choice":"Purged","damage_taken":0,"max_hp_gain":0,"max_hp_loss":0,"event_name":"Purifier","floor":4,"gold_loss":0},{"cards_removed":["Strike_G"],"damage_healed":0,"gold_gain":0,"player_choice":"Card Removal","damage_taken":7,"max_hp_gain":0,"max_hp_loss":0,"event_name":"Golden Wing","floor":13,"gold_loss":0},{"damage_healed":0,"gold_gain":0,"player_choice":"Copied","damage_taken":0,"max_hp_gain":0,"max_hp_loss":0,"event_name":"Duplicator","floor":19,"gold_loss":0,"cards_obtained":["Noxious Fumes"]}],"is_beta":false,"boss_relics":[{"not_picked":["Snecko Eye","Black Star"],"picked":"Tiny House"}],"items_purged_floors":[3],"is_endless":false,"potions_floor_spawned":[14,16,18,20],"killed_by":"Centurion and Healer","ascension_level":12}