{"gold_per_floor":[361,9,9,9,28,28,46,46,46,71,71,71,48,48,48,48],"floor_reached":16,"playtime":771,"items_purged":[],"score":125,"play_id":"8b6c26a7-6e04-404e-91ed-d66b5555d572","local_time":"20181015202112","is_ascension_mode":true,"campfire_choices":[{"data":"Double Energy","floor":6,"key":"SMITH"},{"data":"Dualcast","floor":8,"key":"SMITH"},{"data":"Core Surge","floor":15,"key":"SMITH"}],"neow_cost":"TEN_PERCENT_HP_LOSS","seed_source_timestamp":90651404430311,"circlet_count":0,"master_deck":["Strike_B","Strike_B","Strike_B","Defend_B","Defend_B","Defend_B","Defend_B","Zap+1","Dualcast+1","Glacier","Double Energy+1","Auto Shields","Core Surge+1","Cold Snap"],"relics":["Cracked Core","PreservedInsect","Runic Capacitor","Juzu Bracelet","Frozen Egg 2","Gambling Chip","Golden Idol"],"potions_floor_usage":[10,16],"damage_taken":[{"damage":2,"enemies":"Jaw Worm","floor":1,"turns":4},{"damage":0,"enemies":"Small Slimes","floor":5,"turns":4},{"damage":0,"enemies":"2 Louse","floor":7,"turns":3},{"damage":6,"enemies":"Gremlin Nob","floor":10,"turns":4},{"damage":32,"enemies":"Hexaghost","floor":16,"turns":16}],"seed_played":"-6058234373112924277","potions_obtained":[{"floor":1,"key":"Poison Potion"},{"floor":7,"key":"Weak Potion"}],"is_trial":false,"path_per_floor":["M","$","?","?","M","R","M","R","T","E","?","?","$","?","R"],"character_chosen":"DEFECT","items_purchased":["PreservedInsect","Runic Capacitor","Cold Snap"],"campfire_rested":0,"item_purchase_floors":[2,2,13],"current_hp_per_floor":[66,66,48,48,48,48,48,48,48,42,42,47,47,29,29,0],"gold":48,"neow_bonus":"TWO_FIFTY_GOLD","is_prod":false,"is_daily":false,"chose_seed":false,"campfire_upgraded":3,"win_rate":0,"timestamp":1539660072,"path_taken":["M","$","?","?","M","R","M","R","T","E","?","?","$","?","R","BOSS"],"build_version":"2018-10-11","purchased_purges":0,"victory":false,"max_hp_per_floor":[68,68,68,68,68,68,68,68,68,68,68,73,73,73,73,73],"card_choices":[{"not_picked":["Steam Power","Beam Cell"],"picked":"Glacier","floor":1},{"not_picked":["Stack","Genetic Algorithm"],"picked":"Double Energy","floor":5},{"not_picked":["Beam Cell","Rebound"],"picked":"Auto Shields","floor":7},{"not_picked":["Compile Driver","Reinforced Body"],"picked":"Core Surge","floor":10}],"player_experience":270517,"relics_obtained":[{"floor":9,"key":"Frozen Egg 2"},{"floor":10,"key":"Gambling Chip"}],"event_choices":[{"event_name":"Scrap Ooze","player_choice":"success","floor":3,"damage_taken":18},{"event_name":"Living Wall","player_choice":"Grow","floor":4,"damage_taken":0},{"event_name":"Purifier","player_choice":"One Purge","floor":11,"damage_taken":0},{"event_name":"Big Fish","player_choice":"Donut","floor":12,"damage_taken":0},{"event_name":"Golden Idol","player_choice":"Take Damage","floor":14,"damage_taken":0}],"is_beta":false,"boss_relics":[],"items_purged_floors":[],"is_endless":false,"potions_floor_spawned":[1,7],"killed_by":"Hexaghost","ascension_level":6}