{"gold_per_floor":[114,40,51,51,70,80,80,80,80,94,58,58,23,34,34,136,136,103,116,116,126,145,145,70,70,94,110,0,0,0,14,14,14],"floor_reached":33,"playtime":1834,"items_purged":["Defend_R"],"score":239,"play_id":"b18ed59d-aef9-4122-bb2d-d1d972a69287","local_time":"20190105222119","is_ascension_mode":false,"campfire_choices":[{"data":"Fire Breathing","floor":7,"key":"SMITH"},{"data":"Metallicize","floor":12,"key":"SMITH"},{"floor":15,"key":"REST"},{"floor":23,"key":"REST"},{"data":"Shrug It Off","floor":25,"key":"SMITH"},{"data":"Dual Wield","floor":30,"key":"SMITH"},{"floor":32,"key":"REST"}],"neow_cost":"NONE","seed_source_timestamp":1758675967583089,"circlet_count":0,"master_deck":["Strike_R","Strike_R","Strike_R","Strike_R","Strike_R","Defend_R","Defend_R","Defend_R","Bash","Fire Breathing+1","Metallicize+1","Metallicize+1","Spot Weakness","Flame Barrier","Dual Wield+1","Impervious","Heavy Blade","Shrug It Off+1","Armaments+1"],"relics":["Burning Blood","Happy Flower","Centennial Puzzle","Sozu","Potion Belt"],"potions_floor_usage":[16,16,18,33],"damage_taken":[{"damage":5,"enemies":"Small Slimes","floor":1,"turns":3},{"damage":7,"enemies":"Jaw Worm","floor":3,"turns":4},{"damage":4,"enemies":"Cultist","floor":5,"turns":5},{"damage":21,"enemies":"Exordium Thugs","floor":6,"turns":8},{"damage":14,"enemies":"Lots of Slimes","floor":10,"turns":4},{"damage":7,"enemies":"Large Slime","floor":14,"turns":8},{"damage":49,"enemies":"The Guardian","floor":16,"turns":14},{"damage":11,"enemies":"2 Thieves","floor":18,"turns":5},{"damage":8,"enemies":"3 Byrds","floor":19,"turns":6},{"damage":1,"enemies":"Snecko","floor":21,"turns":5},{"damage":36,"enemies":"3 Cultists","floor":22,"turns":8},{"damage":0,"enemies":"Sentry and Sphere","floor":27,"turns":8},{"damage":18,"enemies":"Shelled Parasite and Fungi","floor":31,"turns":7},{"damage":101,"enemies":"Champ","floor":33,"turns":17}],"seed_played":"-4828139932945041774","potions_obtained":[{"floor":3,"key":"SpeedPotion"},{"floor":6,"key":"Ancient Potion"},{"floor":14,"key":"Poison Potion"},{"floor":16,"key":"Swift Potion"}],"is_trial":false,"path_per_floor":["M","$","M","?","M","M","R","?","T","M","$","R","$","M","R","B",null,"M","M","?","M","M","R","$","R","T","M","?","?","R","M","R","B"],"character_chosen":"IRONCLAD","items_purchased":["Metallicize","Flame Barrier","Dual Wield"],"campfire_rested":3,"item_purchase_floors":[2,11,13],"current_hp_per_floor":[80,80,79,79,80,65,65,65,65,57,57,57,57,56,80,37,80,75,73,58,63,33,58,58,58,58,64,64,64,64,52,77,0],"gold":14,"neow_bonus":"RANDOM_COMMON_RELIC","is_prod":false,"is_daily":false,"chose_seed":false,"campfire_upgraded":4,"win_rate":0.0,"timestamp":1546744879,"path_taken":["M","$","M","?","M","M","R","?","T","M","$","R","?","M","R","BOSS","M","M","?","M","M","R","$","R","T","M","?","?","R","?","R","BOSS"],"build_version":"2019-01-03v4","purchased_purges":1,"victory":false,"max_hp_per_floor":[80,80,80,80,80,80,80,80,80,80,80,80,80,80,80,80,80,80,80,85,85,85,85,85,85,85,85,85,85,85,85,85,85],"card_choices":[{"not_picked":["Sword Boomerang","Clothesline"],"picked":"Fire Breathing","floor":1},{"not_picked":["Sword Boomerang","Headbutt","Blood for Blood"],"picked":"SKIP","floor":3},{"not_picked":["Corruption","Thunderclap"],"picked":"Metallicize","floor":5},{"not_picked":["Sever Soul","True Grit","Battle Trance"],"picked":"SKIP","floor":6},{"not_picked":["Offering","Thunderclap"],"picked":"Spot Weakness","floor":10},{"not_picked":["Pommel Strike","Headbutt","Body Slam"],"picked":"SKIP","floor":14},{"not_picked":["Feed","Berserk"],"picked":"Impervious","floor":16},{"not_picked":["Flex+1","Warcry"],"picked":"Heavy Blade","floor":18},{"not_picked":["Blood for Blood","Entrench","Burning Pact"],"picked":"SKIP","floor":19},{"not_picked":["Perfected Strike","Clothesline"],"picked":"Shrug It Off","floor":21},{"not_picked":["Pummel","Shrug It Off"],"picked":"Armaments+1","floor":22},{"not_picked":["Headbutt","Armaments","Thunderclap"],"picked":"SKIP","floor":27},{"not_picked":["Flex","Sword Boomerang","Armaments"],"picked":"SKIP","floor":31}],"player_experience":14730,"relics_obtained":[{"floor":9,"key":"Centennial Puzzle"},{"floor":26,"key":"Potion Belt"}],"event_choices":[{"damage_healed":0,"gold_gain":0,"player_choice":"Grow","damage_taken":0,"max_hp_gain":0,"max_hp_loss":0,"event_name":"Living Wall","floor":4,"gold_loss":0,"cards_upgraded":["Metallicize"]},{"damage_healed":0,"gold_gain":0,"player_choice":"Leave","damage_taken":0,"max_hp_gain":0,"max_hp_loss":0,"event_name":"The Cleric","floor":8,"gold_loss":0},{"damage_healed":0,"gold_gain":0,"player_choice":"Shed Blood","damage_taken":20,"max_hp_gain":5,"max_hp_loss":0,"event_name":"Forgotten Altar","floor":20,"gold_loss":0},{"damage_healed":0,"gold_gain":0,"player_choice":"Paid Fearfully","damage_taken":0,"max_hp_gain":0,"max_hp_loss":0,"event_name":"Masked Bandits","floor":28,"gold_loss":110},{"damage_healed":0,"gold_gain":0,"player_choice":"0 cards matched","damage_taken":0,"max_hp_gain":0,"max_hp_loss":0,"event_name":"Match and Keep!","floor":29,"gold_loss":0,"cards_obtained":[]}],"is_beta":false,"boss_relics":[{"not_picked":["Runic Cube","Black Blood"],"picked":"Sozu"}],"items_purged_floors":[24],"is_endless":false,"potions_floor_spawned":[3,6,14,16,18,21,22],"killed_by":"Champ","ascension_level":0}