{"gold_per_floor":[112,129,145,145,145,145,161,161,188,34,50,50,50,50,50,174,174,187,205,14,14,37,37,37,57,57,57],"floor_reached":27,"playtime":961,"items_purged":["Defend_R","Defend_R"],"score":203,"play_id":"0eda3f1b-fd99-4be8-9616-4e19f788d05f","local_time":"20180915142129","is_ascension_mode":false,"campfire_choices":[{"data":"Sword Boomerang","floor":6,"key":"SMITH"},{"data":"Pommel Strike","floor":8,"key":"SMITH"},{"data":"Double Tap","floor":12,"key":"SMITH"},{"floor":15,"key":"REST"},{"data":"Demon Form","floor":23,"key":"SMITH"}],"neow_cost":"NONE","seed_source_timestamp":208489855775174,"circlet_count":0,"master_deck":["Strike_R","Strike_R","Strike_R","Strike_R","Strike_R","Defend_R","Defend_R","Bash","Twin Strike+1","Sword Boomerang+1","Carnage+1","Pommel Strike+1","Double Tap+1","Demon Form+1","Twin Strike","Cleave","Inflame","Clash","Fiend Fire","Spot Weakness"],"relics":["Burning Blood","Pen Nib","Omamori","Golden Idol","Philosopher\u0027s Stone","MutagenicStrength","FossilizedHelix","Meat on the Bone"],"potions_floor_usage":[22,25,27,27],"damage_taken":[{"damage":12,"enemies":"Cultist","floor":1,"turns":5},{"damage":7,"enemies":"2 Louse","floor":2,"turns":2},{"damage":2,"enemies":"Small Slimes","floor":3,"turns":3},{"damage":5,"enemies":"3 Louse","floor":7,"turns":3},{"damage":0,"enemies":"2 Fungi Beasts","floor":11,"turns":2},{"damage":56,"enemies":"Slime Boss","floor":16,"turns":11},{"damage":7,"enemies":"Spheric Guardian","floor":18,"turns":3},{"damage":24,"enemies":"2 Thieves","floor":19,"turns":2},{"damage":12,"enemies":"Sentry and Sphere","floor":22,"turns":3},{"damage":45,"enemies":"Snake Plant","floor":25,"turns":3},{"damage":42,"enemies":"Slavers","floor":27,"turns":3}],"seed_played":"3126619992913142055","potions_obtained":[{"floor":3,"key":"Regen Potion"},{"floor":11,"key":"Poison Potion"},{"floor":16,"key":"BloodPotion"},{"floor":18,"key":"Regen Potion"},{"floor":25,"key":"PowerPotion"}],"is_trial":false,"path_per_floor":["M","M","M","?","?","R","M","R","T","$","M","R","?","$","R","B",null,"M","M","$","?","M","R","T","M","T"],"character_chosen":"IRONCLAD","items_purchased":["Double Tap","Inflame","Clash"],"campfire_rested":1,"item_purchase_floors":[10,20,20],"current_hp_per_floor":[74,73,77,61,61,61,62,62,62,62,68,68,48,48,72,22,80,79,61,61,61,63,63,63,29,29,0],"gold":57,"neow_bonus":"RANDOM_COMMON_RELIC","is_prod":false,"is_daily":false,"chose_seed":false,"campfire_upgraded":4,"win_rate":0,"timestamp":1537035689,"path_taken":["M","M","M","?","?","R","M","R","T","$","M","R","?","?","R","BOSS","M","M","$","?","M","R","?","M","T","E"],"build_version":"2018-09-06","purchased_purges":2,"victory":false,"max_hp_per_floor":[80,80,80,80,80,80,80,80,80,80,80,80,80,80,80,80,80,80,80,80,80,80,80,80,80,80,80],"card_choices":[{"not_picked":["Metallicize","Shrug It Off"],"picked":"Twin Strike","floor":1},{"not_picked":["Infernal Blade","Headbutt"],"picked":"Sword Boomerang","floor":2},{"not_picked":["Searing Blow","Flex"],"picked":"Carnage","floor":3},{"not_picked":["True Grit","Armaments"],"picked":"Pommel Strike","floor":7},{"not_picked":["Sword Boomerang","Burning Pact","Shrug It Off"],"picked":"SKIP","floor":11},{"not_picked":["Feed","Barricade"],"picked":"Demon Form","floor":16},{"not_picked":["Rage+1","Armaments"],"picked":"Twin Strike","floor":18},{"not_picked":["Pummel","True Grit"],"picked":"Cleave","floor":19},{"not_picked":["Shrug It Off","Body Slam"],"picked":"Fiend Fire","floor":22},{"not_picked":["Havoc+1","Armaments"],"picked":"Spot Weakness","floor":25}],"player_experience":149030,"relics_obtained":[{"floor":9,"key":"Omamori"},{"floor":24,"key":"FossilizedHelix"},{"floor":26,"key":"Meat on the Bone"}],"event_choices":[{"event_name":"Shining Light","player_choice":"Entered Light","floor":4,"damage_taken":0},{"event_name":"Scrap Ooze","player_choice":"unsuccessful","floor":5,"damage_taken":0},{"event_name":"Golden Idol","player_choice":"Take Damage","floor":13,"damage_taken":0},{"event_name":"Drug Dealer","player_choice":"Inject Mutagens","floor":21,"damage_taken":0}],"is_beta":false,"boss_relics":[{"not_picked":["Astrolabe","Empty Cage"],"picked":"Philosopher\u0027s Stone"}],"items_purged_floors":[10,20],"is_endless":false,"potions_floor_spawned":[3,11,16,18,19,25],"killed_by":"Slavers","ascension_level":0}