{"gold_per_floor":[118,136,156,173,183,183,217,217,241,341,341,360,417,204,204,204],"floor_reached":16,"playtime":726,"items_purged":[],"score":134,"play_id":"a539c0ce-5430-4901-a362-8fd528b87e0c","local_time":"20181110010959","is_ascension_mode":true,"campfire_choices":[{"data":"Armaments","floor":6,"key":"SMITH"},{"floor":11,"key":"REST"},{"data":"Dark Embrace","floor":15,"key":"SMITH"}],"neow_cost":"NONE","seed_source_timestamp":117310917192059,"circlet_count":0,"master_deck":["Strike_R","Strike_R","Strike_R","Strike_R","Defend_R","Defend_R","Defend_R","Defend_R+1","Bash+1","Intimidate","Thunderclap","Armaments+1","Corruption","Uppercut","Corruption","Havoc","Cleave","Dark Embrace+1","Burning Pact","Pommel Strike","Metallicize","Armaments"],"relics":["Burning Blood","Omamori","Happy Flower","Tiny Chest"],"potions_floor_usage":[7,16,16],"damage_taken":[{"damage":7,"enemies":"Small Slimes","floor":1,"turns":3},{"damage":4,"enemies":"2 Louse","floor":2,"turns":3},{"damage":1,"enemies":"Cultist","floor":3,"turns":3},{"damage":9,"enemies":"Red Slaver","floor":4,"turns":5},{"damage":14,"enemies":"Blue Slaver","floor":5,"turns":4},{"damage":30,"enemies":"Gremlin Nob","floor":7,"turns":5},{"damage":11,"enemies":"Looter","floor":12,"turns":3},{"damage":24,"enemies":"Lagavulin","floor":13,"turns":8},{"damage":30,"enemies":"Hexaghost","floor":16,"turns":10}],"seed_played":"8404363159926273887","potions_obtained":[{"floor":3,"key":"EssenceOfSteel"},{"floor":4,"key":"Fire Potion"},{"floor":7,"key":"PowerPotion"}],"is_trial":false,"path_per_floor":["M","M","M","M","M","R","E","?","T","?","R","M","E","$","R","B"],"character_chosen":"IRONCLAD","items_purchased":["Burning Pact","Pommel Strike","Metallicize","Armaments"],"campfire_rested":1,"item_purchase_floors":[14,14,14,14],"current_hp_per_floor":[79,80,80,77,69,69,45,29,29,29,53,48,30,30,30,0],"gold":204,"neow_bonus":"TRANSFORM_CARD","is_prod":false,"is_daily":false,"chose_seed":false,"campfire_upgraded":2,"win_rate":0,"timestamp":1541840999,"path_taken":["M","M","M","M","M","R","E","?","T","?","R","?","E","$","R","BOSS"],"build_version":"2018-11-08","purchased_purges":0,"victory":false,"max_hp_per_floor":[80,80,80,80,80,80,80,80,80,80,80,80,80,80,80,80],"card_choices":[{"not_picked":["Heavy Blade","Wild Strike"],"picked":"Thunderclap","floor":1},{"not_picked":["Combust","Cleave"],"picked":"Armaments","floor":2},{"not_picked":["Pommel Strike","Fire Breathing"],"picked":"Corruption","floor":3},{"not_picked":["Flex","Headbutt"],"picked":"Uppercut","floor":4},{"not_picked":["Infernal Blade","Dual Wield"],"picked":"Corruption","floor":5},{"not_picked":["Shrug It Off","Twin Strike"],"picked":"Havoc","floor":7},{"not_picked":["Rage","Flex"],"picked":"Cleave","floor":12},{"not_picked":["Power Through","Pummel"],"picked":"Dark Embrace","floor":13}],"player_experience":385501,"relics_obtained":[{"floor":7,"key":"Omamori"},{"floor":9,"key":"Happy Flower"},{"floor":13,"key":"Tiny Chest"}],"event_choices":[{"damage_healed":0,"gold_gain":0,"player_choice":"Entered Light","damage_taken":16,"max_hp_gain":0,"max_hp_loss":0,"event_name":"Shining Light","floor":8,"gold_loss":0,"cards_upgraded":["Defend_R","Bash"]},{"damage_healed":0,"gold_gain":100,"player_choice":"Pray","damage_taken":0,"max_hp_gain":0,"max_hp_loss":0,"event_name":"Golden Shrine","floor":10,"gold_loss":0}],"is_beta":false,"boss_relics":[],"items_purged_floors":[],"is_endless":false,"potions_floor_spawned":[3,4,7],"killed_by":"Hexaghost","ascension_level":4}