{"path_per_floor":["M","$","M","?","T","M","R","E","T","R","?","R","?","M","R","B",null,"M","?","?","?","M","R","T","R","T","$","M","$","T"],"character_chosen":"IRONCLAD","items_purchased":["Rupture","Pommel Strike","Ancient Tea Set","Metallicize","Perfected Strike","Secret Weapon"],"gold_per_floor":[115,14,27,102,128,146,146,180,180,180,180,180,180,198,198,300,300,315,315,315,315,332,332,355,355,427,3,22,22,68],"floor_reached":31,"campfire_rested":3,"playtime":1315,"current_hp_per_floor":[80,80,76,65,65,52,76,62,62,62,62,62,62,47,71,23,80,73,73,73,57,48,72,72,72,72,72,34,34,34],"items_purged":[],"gold":68,"play_id":"810e7dac-fbcd-4ad4-be5d-3411b0d72039","is_prod":false,"is_daily":false,"campfire_rituals":0,"campfire_upgraded":0,"is_hardmode":false,"path_taken":["M","$","M","?","?","M","R","E","T","R","?","R","?","?","R","BOSS","M","?","?","?","?","R","?","R","T","?","M","$","?","E"],"build_version":"2017-12-21-PROD1","purchased_purges":0,"victory":false,"master_deck":["Strike_R","Strike_R","Strike_R","Strike_R","Strike_R","Defend_R","Defend_R","Defend_R","Defend_R","Bash","Heavy Blade","Rupture","Pommel Strike","Inflame","Perfected Strike","Sword Boomerang","Inflame","Spot Weakness","Warcry","Combust","Brutality","Inflame","Hemokinesis","Metallicize","Perfected Strike","Secret Weapon","Inflame"],"max_hp_per_floor":[80,80,80,80,80,80,80,80,80,80,80,80,80,80,80,80,80,80,80,80,80,80,80,80,80,80,80,80,80,80],"relics":["Burning Blood","Shuriken","Girya","Lizard Tail","Nloth\u0027s Gift","Nilry\u0027s Codex","Oddly Smooth Stone","Pantograph","Ancient Tea Set","Frozen Egg"],"campfire_meditates":0,"card_choices":[{"not_picked":["Clash","Body Slam"],"picked":"Heavy Blade"},{"not_picked":["Feel No Pain","Clothesline"],"picked":"Inflame"},{"not_picked":["Whirlwind","Rupture"],"picked":"Perfected Strike"},{"not_picked":["Infernal Blade","True Grit"],"picked":"Sword Boomerang"},{"not_picked":["Iron Wave","Shrug It Off"],"picked":"Inflame"},{"not_picked":["Second Wind","Flame Barrier"],"picked":"Combust"},{"not_picked":["Dark Embrace","Impervious"],"picked":"Brutality"},{"not_picked":["Spot Weakness","Shrug It Off"],"picked":"Inflame"},{"not_picked":["Armaments","Clash"],"picked":"Hemokinesis"},{"not_picked":["Blood for Blood","Thunderclap"],"picked":"Inflame"}],"player_experience":13309,"potions_floor_usage":[],"damage_taken":[{"damage":6.0,"enemies":"Cultist","floor":1.0,"turns":3.0},{"damage":10.0,"enemies":"Looter","floor":3.0,"turns":2.0},{"damage":19.0,"enemies":"Blue Slaver","floor":6.0,"turns":3.0},{"damage":20.0,"enemies":"Gremlin Nob","floor":8.0,"turns":4.0},{"damage":21.0,"enemies":"Exordium Wildlife","floor":14.0,"turns":3.0},{"damage":54.0,"enemies":"Hexaghost","floor":16.0,"turns":6.0},{"damage":13.0,"enemies":"Spheric Guardian","floor":18.0,"turns":3.0},{"damage":15,"enemies":"Chosen","floor":22,"turns":4},{"damage":44,"enemies":"Snake Plant","floor":28,"turns":3},{"damage":79,"enemies":"Book of Stabbing","floor":31,"turns":7}],"event_choices":[{"event_name":"World of Goop","player_choice":"Gather Gold","floor":4.0,"damage_taken":0.0},{"event_name":"Living Wall","player_choice":"Grow","floor":11.0,"damage_taken":0.0},{"event_name":"Match and Keep!","player_choice":"2 cards matched","floor":13.0,"damage_taken":0.0},{"event_name":"N\u0027loth","player_choice":"Traded a Prayer Wheel","floor":19.0,"damage_taken":0.0},{"event_name":"Vampires","player_choice":"Ignored","floor":20,"damage_taken":0},{"event_name":"Cursed Tome","player_choice":"Obtained Book","floor":21,"damage_taken":0}],"boss_relics":[],"potions_floor_spawned":[3,8,14,22],"seed_played":"-8229623931012356633","killed_by":"Book of Stabbing","is_trial":false}