{"gold_per_floor":[109,209,224,242,167,167,201,216,292,320,335,335,347,358,358,358],"floor_reached":16,"playtime":810,"items_purged":[],"score":217,"play_id":"64a4e910-3c6b-4522-adcb-249904211466","local_time":"20190225225457","is_ascension_mode":true,"campfire_choices":[{"data":"Neutralize","floor":6.0,"key":"SMITH"},{"floor":12,"key":"REST"},{"data":"1","floor":15,"key":"LIFT"}],"neow_cost":"NONE","seed_source_timestamp":173973170700318,"circlet_count":0,"master_deck":["AscendersBane","Defend_G","Defend_G","Defend_G","Defend_G","Defend_G","Strike_G","Strike_G","Strike_G","Strike_G","Survivor","Neutralize+1","Unload","Deadly Poison","Poisoned Stab","Dagger Throw","Catalyst","Leg Sweep","Slice","Grand Finale","Dagger Spray","Quick Slash"],"special_seed":0,"relics":["Ring of the Snake","Girya","Smiling Mask"],"potions_floor_usage":[10],"damage_taken":[{"damage":0.0,"enemies":"Jaw Worm","floor":1.0,"turns":3.0},{"damage":1.0,"enemies":"Cultist","floor":3.0,"turns":4.0},{"damage":0.0,"enemies":"2 Louse","floor":4.0,"turns":2.0},{"damage":32.0,"enemies":"3 Sentries","floor":7.0,"turns":10.0},{"damage":7.0,"enemies":"Exordium Thugs","floor":8.0,"turns":4.0},{"damage":38,"enemies":"Gremlin Nob","floor":10,"turns":4},{"damage":5,"enemies":"Gremlin Gang","floor":11,"turns":5},{"damage":7,"enemies":"2 Fungi Beasts","floor":13,"turns":4},{"damage":0,"enemies":"Looter","floor":14,"turns":4},{"damage":10,"enemies":"Slime Boss","floor":16,"turns":6}],"seed_played":"5659094916427177131","potions_obtained":[{"floor":3.0,"key":"Regen Potion"},{"floor":4.0,"key":"SmokeBomb"},{"floor":7.0,"key":"Regen Potion"}],"is_trial":false,"path_per_floor":["M","?","M","M","?","R","E","M","T","E","M","R","M","M","R","B"],"character_chosen":"THE_SILENT","items_purchased":[],"campfire_rested":1,"item_purchase_floors":[],"current_hp_per_floor":[59,59,58,58,58,58,40,33,33,9,4,23,16,16,16,6],"gold":358,"neow_bonus":"ONE_RANDOM_RARE_CARD","is_prod":false,"is_daily":false,"chose_seed":false,"campfire_upgraded":1,"win_rate":0,"timestamp":1551153297,"path_taken":["M","?","M","?","?","R","E","M","T","E","M","R","M","M","R","BOSS"],"build_version":"2019-01-23","purchased_purges":0,"victory":false,"max_hp_per_floor":[66,66,66,66,66,66,66,66,66,66,66,66,66,66,66,66],"card_choices":[{"not_picked":["Bane","Masterful Stab"],"picked":"Deadly Poison","floor":1.0},{"not_picked":["Quick Slash","Backflip"],"picked":"Poisoned Stab","floor":3.0},{"not_picked":["Outmaneuver","Prepared"],"picked":"Dagger Throw","floor":4.0},{"not_picked":["Outmaneuver","Slice"],"picked":"Catalyst","floor":7.0},{"not_picked":["Endless Agony","Dagger Spray"],"picked":"Leg Sweep","floor":8.0},{"not_picked":["Dagger Throw","Eviscerate"],"picked":"Slice","floor":10},{"not_picked":["Underhanded Strike","Outmaneuver"],"picked":"Grand Finale","floor":11},{"not_picked":["Masterful Stab","Deflect"],"picked":"Dagger Spray","floor":13},{"not_picked":["Eviscerate","Blade Dance"],"picked":"Quick Slash","floor":14}],"player_experience":566073,"relics_obtained":[{"floor":7.0,"key":"Girya"},{"floor":10,"key":"Smiling Mask"}],"event_choices":[{"damage_healed":0.0,"max_hp_gain":0.0,"max_hp_loss":0.0,"gold_gain":100.0,"event_name":"Wheel of Change","player_choice":"Gold","floor":2.0,"gold_loss":0.0,"damage_taken":0.0},{"cards_removed":["Strike_G"],"damage_healed":0.0,"max_hp_gain":0.0,"max_hp_loss":0.0,"gold_gain":0.0,"event_name":"The Cleric","player_choice":"Card Removal","floor":5.0,"gold_loss":75.0,"damage_taken":0.0}],"is_beta":false,"boss_relics":[],"items_purged_floors":[],"is_endless":false,"potions_floor_spawned":[3,4,7],"killed_by":"Slime Boss","ascension_level":18}