{"gold_per_floor":[117,31,42,7,7,7,7,7,55,98,112,112,156,176,176,266,266,281,281,296,211,62,62,74,74,97,97,97],"floor_reached":28,"playtime":1222,"items_purged":["Parasite"],"score":436,"play_id":"b9574b78-2136-4fea-b214-a79154007e6a","local_time":"20190115214157","is_ascension_mode":true,"campfire_choices":[{"data":"Zap","floor":6,"key":"SMITH"},{"data":"Consume","floor":12,"key":"SMITH"},{"data":"Recycle","floor":15,"key":"SMITH"},{"data":"Defragment","floor":23,"key":"SMITH"},{"data":"Capacitor","floor":25,"key":"SMITH"},{"data":"Loop","floor":27,"key":"SMITH"}],"neow_cost":"NONE","seed_source_timestamp":450620755822100,"circlet_count":0,"master_deck":["AscendersBane","Strike_B+1","Strike_B+1","Strike_B","Strike_B","Defend_B","Defend_B","Defend_B","Defend_B","Zap+1","Dualcast","Coolheaded","Gash","Capacitor+1","Glacier","Consume+1","Sunder","Sweeping Beam","Recycle+1","Electrodynamics","Recycle","Loop+1","Double Energy","Sweeping Beam+1","Defragment+1","Lockon+1"],"relics":["Cracked Core","NeowsBlessing","Bloody Idol","Happy Flower","WingedGreaves","Whetstone","Orrery","Unceasing Top","PreservedInsect"],"potions_floor_usage":[13],"damage_taken":[{"damage":0,"enemies":"2 Louse","floor":1,"turns":1},{"damage":0,"enemies":"Jaw Worm","floor":3,"turns":1},{"damage":0,"enemies":"3 Sentries","floor":10,"turns":2},{"damage":3,"enemies":"Small Slimes","floor":11,"turns":3},{"damage":14,"enemies":"Lagavulin","floor":13,"turns":7},{"damage":11,"enemies":"Exordium Wildlife","floor":14,"turns":5},{"damage":15,"enemies":"Hexaghost","floor":16,"turns":18},{"damage":27,"enemies":"Shell Parasite","floor":18,"turns":8},{"damage":14,"enemies":"Chosen","floor":20,"turns":6},{"damage":0,"enemies":"3 Cultists","floor":24,"turns":3},{"damage":37,"enemies":"Book of Stabbing","floor":28,"turns":4}],"seed_played":"5509584826895762314","potions_obtained":[{"floor":10,"key":"Ancient Potion"},{"floor":11,"key":"Regen Potion"},{"floor":13,"key":"Ancient Potion"}],"is_trial":false,"path_per_floor":["M","$","M","?","?","R","$","?","T","E","M","R","E","M","R","B",null,"M","?","M","?","$","R","M","R","T","R","E"],"character_chosen":"DEFECT","items_purchased":["Gash","Capacitor","Defragment"],"campfire_rested":0,"item_purchase_floors":[2,2,22],"current_hp_per_floor":[64,64,64,71,47,47,47,64,64,64,61,61,61,50,50,35,62,35,35,26,26,26,26,31,31,36,36,0],"gold":97,"neow_bonus":"THREE_ENEMY_KILL","is_prod":false,"is_daily":false,"chose_seed":false,"campfire_upgraded":6,"win_rate":0,"timestamp":1547617317,"path_taken":["M","$","M","?","?","R","?","?","T","E","?","R","E","M","R","BOSS","M","?","M","?","$","R","M","R","T","R","E"],"build_version":"2019-01-10","purchased_purges":1,"victory":false,"max_hp_per_floor":[71,71,71,71,71,71,71,71,71,71,71,71,71,71,71,71,71,71,71,71,71,68,68,68,68,68,68,68],"card_choices":[{"not_picked":["Turbo","Stack"],"picked":"Coolheaded","floor":1},{"not_picked":["Undo","Leap"],"picked":"Glacier","floor":3},{"not_picked":["Turbo","Scrape"],"picked":"Consume","floor":10},{"not_picked":["Compile Driver","Melter"],"picked":"Sunder","floor":11},{"not_picked":["Chaos","Sunder"],"picked":"Sweeping Beam","floor":13},{"not_picked":["Rebound","Turbo"],"picked":"Recycle","floor":14},{"not_picked":["Buffer","Amplify"],"picked":"Electrodynamics","floor":16},{"not_picked":["FTL","BootSequence"],"picked":"Recycle","floor":17},{"not_picked":["Undo","Skim"],"picked":"Loop","floor":17},{"not_picked":["Beam Cell","Rip and Tear"],"picked":"Double Energy","floor":17},{"not_picked":["Beam Cell","Redo","Tempest"],"picked":"SKIP","floor":18},{"not_picked":["Aggregate","Conserve Battery"],"picked":"Sweeping Beam+1","floor":20},{"not_picked":["Leap","Heatsinks"],"picked":"Lockon+1","floor":24}],"player_experience":481614,"relics_obtained":[{"floor":9,"key":"Happy Flower"},{"floor":10,"key":"WingedGreaves"},{"floor":13,"key":"Whetstone"},{"floor":26,"key":"PreservedInsect"}],"event_choices":[{"damage_healed":17,"gold_gain":0,"player_choice":"Healed","damage_taken":0,"max_hp_gain":0,"max_hp_loss":0,"event_name":"The Cleric","floor":4,"gold_loss":35},{"damage_healed":0,"gold_gain":0,"player_choice":"Take Damage","damage_taken":24,"relics_obtained":["Golden Idol"],"max_hp_gain":0,"max_hp_loss":0,"event_name":"Golden Idol","floor":5,"gold_loss":0},{"damage_healed":17,"gold_gain":0,"player_choice":"Healed and dodged fight","damage_taken":0,"max_hp_gain":0,"max_hp_loss":0,"event_name":"Mushrooms","floor":8,"gold_loss":0,"cards_obtained":["Parasite"]},{"damage_healed":0,"gold_gain":0,"player_choice":"Gave Idol","damage_taken":0,"relics_obtained":["Bloody Idol"],"max_hp_gain":0,"max_hp_loss":0,"event_name":"Forgotten Altar","floor":19,"relics_lost":["Golden Idol"],"gold_loss":0},{"damage_healed":0,"gold_gain":0,"player_choice":"Obtained Relic","damage_taken":0,"relics_obtained":["Unceasing Top"],"max_hp_gain":0,"max_hp_loss":0,"event_name":"Addict","floor":21,"gold_loss":85}],"is_beta":false,"boss_relics":[{"not_picked":["Runic Dome","Eternal Feather"],"picked":"Orrery"}],"items_purged_floors":[22],"is_endless":false,"potions_floor_spawned":[10,11,13,16],"killed_by":"Book of Stabbing","ascension_level":15}