{"gold_per_floor":[118,131,131,149,149,180,180,180,180,196,32,49,49,6,6,6],"floor_reached":16,"playtime":487,"items_purged":[],"score":185,"play_id":"6e0cb237-a11c-4208-b4c7-4019fae5fbc7","local_time":"20180917151718","is_ascension_mode":true,"campfire_choices":[{"data":"Skewer","floor":7,"key":"SMITH"},{"data":"Expertise","floor":13,"key":"SMITH"},{"data":"Neutralize","floor":15,"key":"SMITH"}],"neow_cost":"","seed_source_timestamp":739691516058583,"circlet_count":0,"master_deck":["Defend_G","Defend_G","Defend_G","Defend_G","Defend_G","Strike_G","Strike_G","Strike_G","Strike_G","Survivor","Neutralize+1","AscendersBane","Skewer+1","Endless Agony","Choke","Dagger Spray","Quick Slash","Concentrate","Expertise+1","Escape Plan"],"relics":["Ring of the Snake","Dodecahedron","Happy Flower"],"potions_floor_usage":[6,16],"damage_taken":[{"damage":5,"enemies":"2 Louse","floor":1,"turns":3},{"damage":1,"enemies":"Jaw Worm","floor":2,"turns":3},{"damage":1,"enemies":"Cultist","floor":4,"turns":4},{"damage":31,"enemies":"3 Sentries","floor":6,"turns":10},{"damage":0,"enemies":"Blue Slaver","floor":10,"turns":3},{"damage":0,"enemies":"Lots of Slimes","floor":12,"turns":2},{"damage":27,"enemies":"Hexaghost","floor":16,"turns":9}],"seed_played":"-4469265140602144960","potions_obtained":[{"floor":2,"key":"Explosive Potion"},{"floor":4,"key":"Ancient Potion"},{"floor":5,"key":"Weak Potion"},{"floor":10,"key":"Explosive Potion"}],"is_trial":false,"path_per_floor":["M","M","?","M","?","E","R","?","T","M","$","M","R","$","R"],"character_chosen":"THE_SILENT","items_purchased":["Concentrate","Expertise","Escape Plan"],"campfire_rested":0,"item_purchase_floors":[11,11,14],"current_hp_per_floor":[54,53,58,57,57,26,26,26,26,26,26,26,26,26,26,0],"gold":6,"neow_bonus":"","is_prod":false,"is_daily":false,"chose_seed":false,"campfire_upgraded":3,"win_rate":0,"timestamp":1537165038,"path_taken":["M","M","?","?","?","E","R","?","T","M","$","?","R","?","R","BOSS"],"build_version":"2018-09-06","purchased_purges":0,"victory":false,"max_hp_per_floor":[66,66,71,71,71,71,71,71,71,71,71,71,71,71,71,71],"card_choices":[{"not_picked":["Outmaneuver","Heel Hook"],"picked":"Skewer","floor":1},{"not_picked":["Backflip","Caltrops"],"picked":"Endless Agony","floor":2},{"not_picked":["PiercingWail","Quick Slash"],"picked":"Choke","floor":4},{"not_picked":["Crippling Poison","Infinite Blades"],"picked":"Dagger Spray","floor":6},{"not_picked":["Crippling Poison","Reflex","Blade Dance"],"picked":"SKIP","floor":10},{"not_picked":["Crippling Poison","Reflex","Blade Dance"],"picked":"SKIP","floor":10},{"not_picked":["Poisoned Stab","Backflip","Sucker Punch"],"picked":"SKIP","floor":12}],"player_experience":662006,"relics_obtained":[{"floor":6,"key":"Dodecahedron"},{"floor":9,"key":"Happy Flower"}],"event_choices":[{"event_name":"Big Fish","player_choice":"Donut","floor":3,"damage_taken":0},{"event_name":"The Lab","player_choice":"Got Potions","floor":5,"damage_taken":0},{"event_name":"Transmorgrifier","player_choice":"Transform","floor":8,"damage_taken":0}],"is_beta":false,"boss_relics":[],"items_purged_floors":[],"is_endless":false,"potions_floor_spawned":[2,4,10],"killed_by":"Hexaghost","ascension_level":17}