{"gold_per_floor":[218,218,233,233,246,279,279,311,311,346,358,378,408,314,314,412,412,424,339,352,370,381,381,410,410,410,423,423,423,423,441,441,539,539,551,569,569,442,442,442,477,489,535,561,589,511,523],"floor_reached":47,"playtime":7535,"items_purged":["Strike_B"],"score":532,"play_id":"93cd3eeb-802f-432c-8541-2ead74d1114b","local_time":"20190208111629","is_ascension_mode":true,"campfire_choices":[{"data":"Conserve Battery","floor":7.0,"key":"SMITH"},{"floor":15.0,"key":"REST"},{"floor":23.0,"key":"REST"},{"floor":28.0,"key":"REST"},{"floor":30.0,"key":"REST"},{"floor":32.0,"key":"REST"},{"floor":40,"key":"RECALL"}],"neow_cost":"NONE","seed_source_timestamp":0,"circlet_count":0,"master_deck":["Defend_B+1","Defend_B+1","Defend_B+1","Defend_B+1","Zap+1","Dualcast+1","Conserve Battery+1","Rebound+1","Coolheaded+1","Gash+1","Conserve Battery+1","Doom and Gloom+1","Static Discharge+1","Capacitor+1","Streamline+1","Lockon+1","Thunder Strike+1","Leap+1","Static Discharge+1","Barrage+1","Static Discharge+1","Blizzard+1","Leap+1","Electrodynamics+1","Gash+1","Glacier+1","Steam+1","Echo Form+1","Self Repair+1","Coolheaded+1","Conserve Battery+1","Parasite","Rebound+1"],"special_seed":0,"relics":["FrozenCore","Strawberry","Pear","Lantern","Sundial","PreservedInsect","Orichalcum","MutagenicStrength","Empty Cage","Mark of the Bloom","Oddly Smooth Stone","MawBank"],"potions_floor_usage":[41,42,42,45],"damage_taken":[{"damage":13.0,"enemies":"2 Louse","floor":1.0,"turns":3.0},{"damage":1.0,"enemies":"Cultist","floor":3.0,"turns":4.0},{"damage":5.0,"enemies":"Small Slimes","floor":5.0,"turns":4.0},{"damage":34.0,"enemies":"3 Sentries","floor":6.0,"turns":10.0},{"damage":5.0,"enemies":"Lagavulin","floor":8.0,"turns":8.0},{"damage":15.0,"enemies":"3 Sentries","floor":10.0,"turns":8.0},{"damage":0.0,"enemies":"Blue Slaver","floor":11.0,"turns":3.0},{"damage":0.0,"enemies":"Looter","floor":12.0,"turns":4.0},{"damage":17.0,"enemies":"Gremlin Nob","floor":13.0,"turns":4.0},{"damage":29.0,"enemies":"Hexaghost","floor":16.0,"turns":9.0},{"damage":8.0,"enemies":"Chosen","floor":18.0,"turns":6.0},{"damage":23.0,"enemies":"Shell Parasite","floor":20.0,"turns":4.0},{"damage":30.0,"enemies":"Snecko","floor":21.0,"turns":6.0},{"damage":17.0,"enemies":"Sentry and Sphere","floor":22.0,"turns":5.0},{"damage":39.0,"enemies":"Book of Stabbing","floor":24.0,"turns":5.0},{"damage":7.0,"enemies":"Snake Plant","floor":27.0,"turns":5.0},{"damage":16.0,"enemies":"3 Cultists","floor":31.0,"turns":3.0},{"damage":76.0,"enemies":"Collector","floor":33.0,"turns":10.0},{"damage":47,"enemies":"3 Darklings","floor":35,"turns":5},{"damage":6,"enemies":"Orb Walker","floor":36,"turns":3},{"damage":32,"enemies":"Reptomancer","floor":41,"turns":7},{"damage":6,"enemies":"3 Darklings","floor":42,"turns":5},{"damage":14,"enemies":"Spire Growth","floor":44,"turns":4},{"damage":18,"enemies":"Writhing Mass","floor":45,"turns":7},{"damage":14,"enemies":"Transient","floor":47,"turns":2}],"seed_played":"-9034838533772638039","potions_obtained":[{"floor":1.0,"key":"Energy Potion"},{"floor":2.0,"key":"Regen Potion"},{"floor":2.0,"key":"EssenceOfSteel"},{"floor":6.0,"key":"Dexterity Potion"},{"floor":8.0,"key":"SkillPotion"},{"floor":12.0,"key":"Explosive Potion"},{"floor":13.0,"key":"FairyPotion"},{"floor":16.0,"key":"Poison Potion"},{"floor":18.0,"key":"Regen Potion"},{"floor":21.0,"key":"Energy Potion"},{"floor":27.0,"key":"AttackPotion"},{"floor":33.0,"key":"EssenceOfSteel"},{"floor":35,"key":"Block Potion"},{"floor":44,"key":"SkillPotion"}],"is_trial":false,"path_per_floor":["M","?","M","?","M","E","R","E","T","E","M","M","E","$","R","B",null,"M","$","M","M","M","R","E","?","T","M","R","?","R","M","R","B",null,"M","M","?","$","?","R","E","M","T","M","M","?","M"],"character_chosen":"DEFECT","items_purchased":["Streamline","Lockon","Static Discharge","Barrage","PowerPotion"],"campfire_rested":5,"item_purchase_floors":[14,14,19,19,38],"current_hp_per_floor":[62,62,61,66,61,49,49,54,54,39,39,39,22,22,49,20,92,84,84,71,41,24,51,12,12,12,5,32,32,59,43,70,7,92,45,39,80,80,80,80,48,42,42,28,10,10,0],"gold":523,"neow_bonus":"HUNDRED_GOLD","is_prod":false,"is_daily":false,"chose_seed":false,"campfire_upgraded":1,"win_rate":0,"timestamp":1549631789,"path_taken":["M","?","?","?","M","E","R","E","T","E","M","M","E","$","R","BOSS","M","$","M","?","M","R","E","?","T","M","R","?","R","?","R","BOSS","M","M","?","$","?","R","E","M","T","M","M","?","?"],"build_version":"2019-01-23","purchased_purges":1,"victory":false,"max_hp_per_floor":[75,75,75,75,75,82,82,92,92,92,92,92,92,92,92,92,92,92,92,92,92,92,92,92,92,92,92,92,92,92,92,92,92,92,92,92,80,80,80,80,80,80,80,80,80,80,80],"card_choices":[{"not_picked":["Self Repair","Compile Driver"],"picked":"Conserve Battery","floor":1.0},{"not_picked":["Genetic Algorithm","Gash"],"picked":"Cold Snap","floor":3.0},{"not_picked":["Beam Cell","Compile Driver"],"picked":"Rebound","floor":5.0},{"not_picked":["Hologram","Barrage"],"picked":"Coolheaded","floor":6.0},{"not_picked":["Undo","Recycle"],"picked":"Gash","floor":8.0},{"not_picked":["Fusion","Melter"],"picked":"Conserve Battery","floor":10.0},{"not_picked":["Core Surge","Steam"],"picked":"Doom and Gloom","floor":11.0},{"not_picked":["Consume","Hello World"],"picked":"Static Discharge","floor":12.0},{"not_picked":["BootSequence","Doom and Gloom"],"picked":"Capacitor","floor":13.0},{"not_picked":["Seek","Reboot"],"picked":"Thunder Strike","floor":16.0},{"not_picked":["Go for the Eyes","Reinforced Body"],"picked":"Leap","floor":18.0},{"not_picked":["Stack","Chill"],"picked":"Static Discharge","floor":20.0},{"not_picked":["Double Energy","Compile Driver"],"picked":"Blizzard","floor":21.0},{"not_picked":["Buffer","Stack"],"picked":"Leap","floor":22.0},{"not_picked":["Defragment","Hologram+1"],"picked":"Electrodynamics","floor":24.0},{"not_picked":["Doom and Gloom+1","Ball Lightning"],"picked":"Gash","floor":27.0},{"not_picked":["Scrape","Darkness"],"picked":"Steam+1","floor":31.0},{"not_picked":["Electrodynamics","Hyperbeam"],"picked":"Echo Form","floor":33.0},{"not_picked":["Genetic Algorithm","Turbo+1"],"picked":"Self Repair+1","floor":35},{"not_picked":["Coolheaded+1","Capacitor+1","Barrage"],"picked":"SKIP","floor":36},{"not_picked":["Gash+1","Darkness"],"picked":"Coolheaded+1","floor":41},{"not_picked":["Sunder","White Noise","Go for the Eyes+1"],"picked":"SKIP","floor":42},{"not_picked":["Leap+1","Turbo+1"],"picked":"Conserve Battery+1","floor":44},{"not_picked":["FTL+1","Coolheaded+1"],"picked":"Rebound+1","floor":45}],"player_experience":81167,"relics_obtained":[{"floor":6.0,"key":"Strawberry"},{"floor":8.0,"key":"Pear"},{"floor":9.0,"key":"Lantern"},{"floor":10.0,"key":"Sundial"},{"floor":13.0,"key":"PreservedInsect"},{"floor":24.0,"key":"Orichalcum"},{"floor":41,"key":"Oddly Smooth Stone"},{"floor":43,"key":"MawBank"}],"event_choices":[{"damage_healed":0.0,"max_hp_gain":0.0,"max_hp_loss":0.0,"gold_gain":0.0,"event_name":"Lab","player_choice":"Got Potions","floor":2.0,"gold_loss":0.0,"damage_taken":0.0},{"cards_removed":["Cold Snap"],"damage_healed":5.0,"max_hp_gain":0.0,"max_hp_loss":0.0,"gold_gain":0.0,"event_name":"Bonfire Elementals","player_choice":"Offered Common","floor":4.0,"gold_loss":0.0,"damage_taken":0.0},{"cards_removed":["Cold Snap"],"damage_healed":5.0,"max_hp_gain":0.0,"max_hp_loss":0.0,"gold_gain":0.0,"event_name":"Bonfire Elementals","player_choice":"Offered Special","floor":4.0,"gold_loss":0.0,"damage_taken":0.0},{"damage_healed":0.0,"max_hp_gain":0.0,"max_hp_loss":0.0,"gold_gain":0.0,"event_name":"Drug Dealer","player_choice":"Inject Mutagens","floor":25.0,"gold_loss":0.0,"damage_taken":0.0,"relics_obtained":["MutagenicStrength"]},{"damage_healed":0.0,"max_hp_gain":0.0,"max_hp_loss":0.0,"gold_gain":0.0,"event_name":"Match and Keep!","player_choice":"1 cards matched","floor":29.0,"gold_loss":0.0,"damage_taken":0.0,"cards_obtained":["Glacier"]},{"damage_healed":80,"gold_gain":0,"player_choice":"Heal","damage_taken":0,"max_hp_gain":0,"max_hp_loss":12,"event_name":"The Moai Head","floor":37,"gold_loss":0},{"damage_healed":0,"gold_gain":0,"player_choice":"Upgrade","damage_taken":0,"relics_obtained":["Mark of the Bloom"],"max_hp_gain":0,"max_hp_loss":0,"event_name":"MindBloom","floor":39,"gold_loss":0,"cards_upgraded":["Strike_B","Defend_B","Defend_B","Defend_B","Defend_B","Zap","Dualcast","Rebound","Coolheaded","Gash","Conserve Battery","Doom and Gloom","Static Discharge","Capacitor","Streamline","Lockon","Thunder Strike","Leap","Static Discharge","Barrage","Static Discharge","Blizzard","Leap","Electrodynamics","Gash","Glacier","Echo Form"]},{"cards_removed":["Strike_B"],"damage_healed":0,"gold_gain":0,"player_choice":"Removal","damage_taken":0,"max_hp_gain":0,"max_hp_loss":0,"event_name":"Designer","floor":46,"gold_loss":90}],"is_beta":false,"boss_relics":[{"not_picked":["Busted Crown","Cursed Key"],"picked":"FrozenCore"},{"not_picked":["Runic Pyramid","Orrery"],"picked":"Empty Cage"}],"items_purged_floors":[38],"is_endless":false,"potions_floor_spawned":[1,6,8,12,13,16,18,21,27,31,33,35,44],"killed_by":"Transient","ascension_level":1}