{"gold_per_floor":[117,117,117,267,283,311,311,112,137,164,184,209,227,238,238,312,312,328,347,366,291,27,57,57,72,119,119],"floor_reached":27,"playtime":1503,"items_purged":["Doubt"],"score":556,"play_id":"dffca9d7-adb3-4289-9c06-459c18d0c019","local_time":"20190301173644","is_ascension_mode":true,"campfire_choices":[{"data":"True Grit","floor":7.0,"key":"SMITH"},{"data":"Bash","floor":15.0,"key":"SMITH"},{"data":"Metallicize","floor":24.0,"key":"SMITH"}],"neow_cost":"NONE","seed_source_timestamp":32320280020380,"circlet_count":0,"master_deck":["AscendersBane","Strike_R","Strike_R","Strike_R+1","Strike_R","Defend_R","Defend_R","Defend_R+1","Defend_R","Bash+1","Clash","True Grit+1","Battle Trance","Feel No Pain","Flame Barrier","Pommel Strike","Thunderclap+1","Carnage+1","Anger","Reaper","Warcry+1","Metallicize+1","Reckless Charge","Feel No Pain","Limit Break"],"special_seed":0,"relics":["Burning Blood","NeowsBlessing","Question Card","Kunai","Lantern","Shuriken","Strawberry","Black Star","Molten Egg 2","Bottled Tornado","Bird Faced Urn","Whetstone"],"potions_floor_usage":[27,27],"damage_taken":[{"damage":0.0,"enemies":"Jaw Worm","floor":1.0,"turns":1.0},{"damage":0.0,"enemies":"Small Slimes","floor":5.0,"turns":1.0},{"damage":0.0,"enemies":"Gremlin Nob","floor":6.0,"turns":1.0},{"damage":9.0,"enemies":"3 Sentries","floor":10.0,"turns":17.0},{"damage":0.0,"enemies":"2 Louse","floor":11.0,"turns":2.0},{"damage":8.0,"enemies":"Gremlin Nob","floor":12.0,"turns":3.0},{"damage":3.0,"enemies":"Blue Slaver","floor":13.0,"turns":3.0},{"damage":2.0,"enemies":"Red Slaver","floor":14.0,"turns":2.0},{"damage":5.0,"enemies":"Slime Boss","floor":16.0,"turns":8.0},{"damage":16.0,"enemies":"2 Thieves","floor":18.0,"turns":5.0},{"damage":25.0,"enemies":"Shell Parasite","floor":19.0,"turns":6.0},{"damage":38.0,"enemies":"Cultist and Chosen","floor":20.0,"turns":8.0},{"damage":34.0,"enemies":"Gremlin Leader","floor":23.0,"turns":12.0},{"damage":8.0,"enemies":"Centurion and Healer","floor":25.0,"turns":6.0},{"damage":42,"enemies":"Book of Stabbing","floor":27,"turns":5}],"seed_played":"1854119936818008021","potions_obtained":[{"floor":5.0,"key":"Fire Potion"},{"floor":11.0,"key":"Weak Potion"},{"floor":12.0,"key":"Poison Potion"},{"floor":13.0,"key":"Poison Potion"},{"floor":19.0,"key":"Dexterity Potion"},{"floor":25.0,"key":"Energy Potion"}],"is_trial":false,"path_per_floor":["M","?","?","?","M","E","R","$","T","E","M","E","M","M","R","B",null,"M","M","M","?","$","E","R","M","T","E"],"character_chosen":"IRONCLAD","items_purchased":["Feel No Pain","Flame Barrier","Molten Egg 2"],"campfire_rested":0,"item_purchase_floors":[8,8,22],"current_hp_per_floor":[74,51,33,33,39,45,45,45,45,42,48,53,56,60,60,61,77,67,55,30,30,30,23,23,27,27,0],"gold":119,"neow_bonus":"THREE_ENEMY_KILL","is_prod":false,"is_daily":false,"chose_seed":false,"campfire_upgraded":3,"win_rate":0,"timestamp":1551479804,"path_taken":["M","?","?","?","?","E","R","$","T","E","M","E","M","M","R","BOSS","M","M","M","?","$","E","R","M","T","E"],"build_version":"2019-01-23","purchased_purges":1,"victory":false,"max_hp_per_floor":[75,75,75,75,75,75,75,75,75,75,75,82,82,82,82,82,82,82,82,82,82,82,82,82,82,82,82],"card_choices":[{"not_picked":["Twin Strike","Dropkick"],"picked":"Clash","floor":1.0},{"not_picked":["Flex","Sentinel","Sever Soul"],"picked":"True Grit","floor":5.0},{"not_picked":["Anger","Berserk","Havoc"],"picked":"Battle Trance","floor":6.0},{"not_picked":["Sever Soul","Inflame","Burning Pact"],"picked":"Pommel Strike","floor":10.0},{"not_picked":["Heavy Blade","Fire Breathing","Perfected Strike"],"picked":"Thunderclap","floor":11.0},{"not_picked":["Clash","Warcry","Dark Embrace"],"picked":"Carnage","floor":12.0},{"not_picked":["Rupture","Havoc","Wild Strike","Clothesline"],"picked":"SKIP","floor":13.0},{"not_picked":["Spot Weakness","Evolve","Cleave"],"picked":"Anger","floor":14.0},{"not_picked":["Offering","Exhume","Demon Form"],"picked":"Reaper","floor":16.0},{"not_picked":["Dual Wield","Clothesline","Searing Blow"],"picked":"Warcry+1","floor":18.0},{"not_picked":["Rupture","Twin Strike+1","Wild Strike"],"picked":"Metallicize","floor":19.0},{"not_picked":["Iron Wave","Clash","Metallicize"],"picked":"Reckless Charge","floor":20.0},{"not_picked":["Shrug It Off","Burning Pact","Twin Strike+1"],"picked":"Feel No Pain","floor":23.0},{"not_picked":["Havoc","Infernal Blade","Blood for Blood+1"],"picked":"Limit Break","floor":25.0}],"player_experience":619755,"relics_obtained":[{"floor":6.0,"key":"Kunai"},{"floor":9.0,"key":"Lantern"},{"floor":10.0,"key":"Shuriken"},{"floor":12.0,"key":"Strawberry"},{"floor":23.0,"key":"Bottled Tornado"},{"floor":23.0,"key":"Bird Faced Urn"},{"floor":26.0,"key":"Whetstone"}],"event_choices":[{"damage_healed":0.0,"max_hp_gain":0.0,"max_hp_loss":0.0,"gold_gain":0.0,"event_name":"Shining Light","player_choice":"Entered Light","floor":2.0,"gold_loss":0.0,"damage_taken":23.0,"cards_upgraded":["Strike_R","Defend_R"]},{"damage_healed":0.0,"max_hp_gain":0.0,"max_hp_loss":0.0,"gold_gain":0.0,"event_name":"Scrap Ooze","player_choice":"Success","floor":3.0,"gold_loss":0.0,"damage_taken":18.0,"relics_obtained":["Question Card"]},{"damage_healed":0.0,"max_hp_gain":0.0,"max_hp_loss":0.0,"gold_gain":150.0,"event_name":"Liars Game","player_choice":"AGREE","floor":4.0,"gold_loss":0.0,"damage_taken":0.0,"cards_obtained":["Doubt"]},{"cards_removed":["Strike_R"],"damage_healed":0.0,"max_hp_gain":0.0,"max_hp_loss":0.0,"gold_gain":0.0,"event_name":"Beggar","player_choice":"Gave Gold","floor":21.0,"gold_loss":75.0,"damage_taken":0.0}],"is_beta":false,"boss_relics":[{"not_picked":["Busted Crown","Mark of Pain"],"picked":"Black Star"}],"items_purged_floors":[8],"is_endless":false,"potions_floor_spawned":[5,11,12,13,18,19,25],"killed_by":"Book of Stabbing","ascension_level":20}