{"gold_per_floor":[115,115,126,140,159,188,188,223,269,304,304,157,170,170,170,268,268,284,302,302,321,221,221,246,256,256,276,306,326,326,351,351,452,452,471,483,501,517,566,596,596,596],"floor_reached":42,"playtime":2851,"items_purged":["Strike_R","Strike_R"],"score":663,"play_id":"681c4740-64d2-4e21-ba1a-1c8f3f69923c","local_time":"20190216203958","is_ascension_mode":true,"campfire_choices":[{"data":"Cleave","floor":11.0,"key":"SMITH"},{"floor":15.0,"key":"REST"},{"data":"Barricade","floor":23.0,"key":"SMITH"},{"data":"Double Tap","floor":32.0,"key":"SMITH"}],"neow_cost":"NONE","seed_source_timestamp":0,"circlet_count":0,"master_deck":["Strike_R","Strike_R","Defend_R","Defend_R","Defend_R","Defend_R","Bash+1","Power Through","Thunderclap","Cleave+1","Twin Strike","Wild Strike","Metallicize","Cleave","Evolve","Flame Barrier","Barricade+1","Wild Strike+1","Spot Weakness+1","Seeing Red+1","Iron Wave+1","Shrug It Off","Double Tap+1","Rampage","Immolate","Shockwave+1","Power Through+1","Armaments+1","Power Through+1"],"special_seed":0,"relics":["Burning Blood","Dream Catcher","Bottled Lightning","Orichalcum","Strawberry","Meat on the Bone","Coffee Dripper","Self Forming Clay","Gremlin Horn","The Courier","Mercury Hourglass","Letter Opener","Black Star","Dead Branch","Matryoshka","Smiling Mask"],"potions_floor_usage":[],"damage_taken":[{"damage":5.0,"enemies":"Small Slimes","floor":1.0,"turns":3.0},{"damage":1.0,"enemies":"Cultist","floor":3.0,"turns":3.0},{"damage":4.0,"enemies":"2 Louse","floor":4.0,"turns":2.0},{"damage":14.0,"enemies":"Exordium Thugs","floor":5.0,"turns":5.0},{"damage":19.0,"enemies":"Gremlin Nob","floor":6.0,"turns":4.0},{"damage":5.0,"enemies":"3 Sentries","floor":8.0,"turns":5.0},{"damage":24.0,"enemies":"Lagavulin","floor":10.0,"turns":6.0},{"damage":12.0,"enemies":"Exordium Wildlife","floor":13.0,"turns":6.0},{"damage":41.0,"enemies":"The Guardian","floor":16.0,"turns":15.0},{"damage":14.0,"enemies":"2 Thieves","floor":18.0,"turns":4.0},{"damage":31.0,"enemies":"Shell Parasite","floor":19.0,"turns":7.0},{"damage":18.0,"enemies":"Shelled Parasite and Fungi","floor":21.0,"turns":5.0},{"damage":21.0,"enemies":"Slavers","floor":24.0,"turns":6.0},{"damage":24.0,"enemies":"Centurion and Healer","floor":25.0,"turns":6.0},{"damage":0.0,"enemies":"Chosen and Byrds","floor":27.0,"turns":6.0},{"damage":18.0,"enemies":"Book of Stabbing","floor":28.0,"turns":5.0},{"damage":12.0,"enemies":"Snake Plant","floor":29.0,"turns":4.0},{"damage":21.0,"enemies":"Gremlin Leader","floor":31.0,"turns":5.0},{"damage":30.0,"enemies":"Automaton","floor":33.0,"turns":11.0},{"damage":0.0,"enemies":"3 Darklings","floor":35.0,"turns":4.0},{"damage":10.0,"enemies":"3 Shapes","floor":36.0,"turns":5.0},{"damage":13.0,"enemies":"Maw","floor":37.0,"turns":8.0},{"damage":7.0,"enemies":"4 Shapes","floor":38.0,"turns":4.0},{"damage":32.0,"enemies":"2 Orb Walkers","floor":39.0,"turns":6.0},{"damage":36,"enemies":"Reptomancer","floor":40,"turns":6},{"damage":39,"enemies":"Nemesis","floor":42,"turns":5}],"seed_played":"1443105760928089914","potions_obtained":[{"floor":1.0,"key":"Explosive Potion"},{"floor":3.0,"key":"Block Potion"},{"floor":5.0,"key":"Poison Potion"},{"floor":13.0,"key":"LiquidBronze"},{"floor":18.0,"key":"PowerPotion"},{"floor":24.0,"key":"Energy Potion"},{"floor":27.0,"key":"SmokeBomb"},{"floor":29.0,"key":"Energy Potion"},{"floor":30.0,"key":"Explosive Potion"},{"floor":30.0,"key":"EntropicBrew"},{"floor":33.0,"key":"EssenceOfSteel"},{"floor":37.0,"key":"LiquidBronze"},{"floor":38.0,"key":"Poison Potion"},{"floor":39.0,"key":"AttackPotion"},{"floor":40,"key":"PowerPotion"}],"is_trial":false,"path_per_floor":["M","?","M","M","M","E","?","E","T","E","R","$","M","T","R","B",null,"M","M","?","M","$","R","E","M","T","M","E","M","?","E","R","B",null,"M","M","M","M","?","E","?","E"],"character_chosen":"IRONCLAD","items_purchased":["Evolve"],"campfire_rested":1,"item_purchase_floors":[12],"current_hp_per_floor":[73,73,78,80,72,59,52,53,53,42,42,42,36,36,62,39,75,67,54,54,54,54,54,51,45,45,51,51,57,57,54,54,42,76,82,78,71,70,56,38,38,0],"gold":596,"neow_bonus":"THREE_CARDS","is_prod":false,"is_daily":false,"chose_seed":false,"campfire_upgraded":3,"win_rate":0,"timestamp":1550338798,"path_taken":["M","?","?","M","M","E","?","E","T","E","R","?","M","?","R","BOSS","M","M","?","M","$","R","E","?","T","M","E","M","?","E","R","BOSS","M","M","?","M","?","E","?","E"],"build_version":"2019-01-23","purchased_purges":2,"victory":false,"max_hp_per_floor":[80,80,80,80,80,80,80,80,80,87,87,87,87,87,87,87,87,87,87,87,87,87,87,87,87,87,87,87,87,87,87,87,87,87,87,87,87,87,87,87,87,87],"card_choices":[{"not_picked":["Sever Soul","Combust"],"picked":"Power Through","floor":0.0},{"not_picked":["Uppercut","Heavy Blade"],"picked":"Thunderclap","floor":1.0},{"not_picked":["Wild Strike","Clothesline"],"picked":"Cleave","floor":3.0},{"not_picked":["Pummel","Body Slam"],"picked":"Twin Strike","floor":4.0},{"not_picked":["Flex","Body Slam","Thunderclap"],"picked":"SKIP","floor":5.0},{"not_picked":["Warcry","Fiend Fire"],"picked":"Wild Strike","floor":6.0},{"not_picked":["Clothesline","True Grit"],"picked":"Metallicize","floor":8.0},{"not_picked":["Armaments","Clash"],"picked":"Cleave","floor":10.0},{"not_picked":["Twin Strike","Pommel Strike"],"picked":"Flame Barrier","floor":13.0},{"not_picked":["Brutality","Juggernaut"],"picked":"Barricade","floor":16.0},{"not_picked":["Twin Strike+1","Shockwave"],"picked":"Wild Strike+1","floor":18.0},{"not_picked":["Dual Wield","Havoc"],"picked":"Spot Weakness+1","floor":19.0},{"not_picked":["Warcry","Anger"],"picked":"Seeing Red+1","floor":21.0},{"not_picked":["Clothesline","Headbutt"],"picked":"Iron Wave+1","floor":24.0},{"not_picked":["Twin Strike","Flex"],"picked":"Shrug It Off","floor":25.0},{"not_picked":["Bloodletting","Sword Boomerang","Cleave"],"picked":"SKIP","floor":27.0},{"not_picked":["Armaments","Intimidate"],"picked":"Double Tap","floor":28.0},{"not_picked":["Body Slam","Havoc+1"],"picked":"Rampage","floor":29.0},{"not_picked":["Anger","Sword Boomerang","Havoc"],"picked":"SKIP","floor":31.0},{"not_picked":["Berserk","Dark Embrace"],"picked":"Immolate","floor":33.0},{"not_picked":["Battle Trance+1","Heavy Blade+1"],"picked":"Shockwave+1","floor":35.0},{"not_picked":["Blood for Blood+1","Body Slam"],"picked":"Power Through+1","floor":36.0},{"not_picked":["Twin Strike+1","Fire Breathing+1","Flex"],"picked":"SKIP","floor":37.0},{"not_picked":["Pommel Strike+1","Perfected Strike+1"],"picked":"Armaments+1","floor":38.0},{"not_picked":["Dual Wield+1","Rampage"],"picked":"Power Through+1","floor":40}],"player_experience":303160,"relics_obtained":[{"floor":6.0,"key":"Dream Catcher"},{"floor":8.0,"key":"Bottled Lightning"},{"floor":9.0,"key":"Orichalcum"},{"floor":10.0,"key":"Strawberry"},{"floor":14.0,"key":"Meat on the Bone"},{"floor":24.0,"key":"Gremlin Horn"},{"floor":26.0,"key":"The Courier"},{"floor":28.0,"key":"Mercury Hourglass"},{"floor":31.0,"key":"Letter Opener"},{"floor":39.0,"key":"Dead Branch"},{"floor":40,"key":"Matryoshka"},{"floor":40,"key":"Smiling Mask"}],"event_choices":[{"damage_healed":0.0,"max_hp_gain":0.0,"max_hp_loss":0.0,"gold_gain":0.0,"event_name":"Upgrade Shrine","player_choice":"Upgraded","floor":2.0,"gold_loss":0.0,"damage_taken":0.0,"cards_upgraded":["Bash"]},{"cards_removed":["Strike_R"],"damage_healed":0.0,"max_hp_gain":0.0,"max_hp_loss":0.0,"gold_gain":0.0,"event_name":"Golden Wing","player_choice":"Card Removal","floor":7.0,"gold_loss":0.0,"damage_taken":7.0},{"damage_healed":0.0,"max_hp_gain":0.0,"max_hp_loss":0.0,"gold_gain":0.0,"event_name":"WeMeetAgain","player_choice":"Gave Potion","floor":20.0,"gold_loss":0.0,"damage_taken":0.0,"relics_obtained":["Self Forming Clay"]},{"damage_healed":0.0,"max_hp_gain":0.0,"max_hp_loss":0.0,"gold_gain":0.0,"event_name":"Lab","player_choice":"Got Potions","floor":30.0,"gold_loss":0.0,"damage_taken":0.0},{"damage_healed":0.0,"max_hp_gain":0.0,"max_hp_loss":0.0,"gold_gain":0.0,"event_name":"Mysterious Sphere","player_choice":"Fight","floor":39.0,"gold_loss":0.0,"damage_taken":0.0},{"damage_healed":0,"gold_gain":0,"player_choice":"Ignored","damage_taken":0,"max_hp_gain":0,"max_hp_loss":0,"event_name":"Tomb of Lord Red Mask","floor":41,"gold_loss":0}],"is_beta":false,"boss_relics":[{"not_picked":["Empty Cage","Lizard Tail"],"picked":"Coffee Dripper"},{"not_picked":["Orrery","Black Blood"],"picked":"Black Star"}],"items_purged_floors":[12,22],"is_endless":false,"potions_floor_spawned":[1,3,5,13,18,24,27,29,33,36,37,38,39,40],"killed_by":"Nemesis","ascension_level":6}