{"gold_per_floor":[115,115,126,126,51,51,81,95,95,26,26,26,26,26,26,26],"floor_reached":16,"playtime":570,"items_purged":["Normality"],"score":168,"play_id":"79cf3c30-3e49-4819-831c-e8b7f38fbb8f","local_time":"20190114202625","is_ascension_mode":true,"campfire_choices":[{"data":"Zap","floor":6,"key":"SMITH"},{"floor":12,"key":"REST"},{"data":"Streamline","floor":15,"key":"SMITH"}],"neow_cost":"NONE","seed_source_timestamp":360340562034600,"circlet_count":0,"master_deck":["AscendersBane","Strike_B","Strike_B","Strike_B+1","Strike_B","Defend_B","Defend_B","Defend_B","Defend_B+1","Zap+1","Dualcast","Injury","Normality","Gash","Streamline+1","Self Repair","Gash","Reprogram"],"relics":["Calling Bell","Juzu Bracelet","Dodecahedron","Unceasing Top","Incense Burner","Torii","Blood Vial","Bag of Preparation"],"potions_floor_usage":[16],"damage_taken":[{"damage":15,"enemies":"Jaw Worm","floor":1,"turns":5},{"damage":0,"enemies":"2 Louse","floor":3,"turns":3},{"damage":49,"enemies":"Gremlin Nob","floor":7,"turns":5},{"damage":3,"enemies":"Small Slimes","floor":8,"turns":4},{"damage":21,"enemies":"Slime Boss","floor":16,"turns":7}],"seed_played":"-8964335426445302248","potions_obtained":[{"floor":3,"key":"FocusPotion"},{"floor":7,"key":"SkillPotion"}],"is_trial":false,"path_per_floor":["M","?","M","?","$","R","E","M","T","$","?","R","?","?","R","B"],"character_chosen":"DEFECT","items_purchased":["Reprogram"],"campfire_rested":1,"item_purchase_floors":[10],"current_hp_per_floor":[49,71,71,71,71,71,22,26,26,26,5,26,26,15,15,0],"gold":26,"neow_bonus":"BOSS_RELIC","is_prod":false,"is_daily":false,"chose_seed":false,"campfire_upgraded":2,"win_rate":0,"timestamp":1547526385,"path_taken":["M","?","M","?","$","R","E","M","T","$","?","R","?","?","R","BOSS"],"build_version":"2019-01-10","purchased_purges":1,"victory":false,"max_hp_per_floor":[71,71,71,71,71,71,71,71,71,71,71,71,71,71,71,71],"card_choices":[{"not_picked":["Redo","Aggregate"],"picked":"Gash","floor":1},{"not_picked":["Lockon","Aggregate"],"picked":"Streamline","floor":3},{"not_picked":["Fusion","Sweeping Beam"],"picked":"Self Repair","floor":7},{"not_picked":["Conserve Battery","Cold Snap"],"picked":"Gash","floor":8}],"player_experience":470852,"relics_obtained":[{"floor":0,"key":"Juzu Bracelet"},{"floor":0,"key":"Dodecahedron"},{"floor":0,"key":"Unceasing Top"},{"floor":7,"key":"Incense Burner"},{"floor":9,"key":"Torii"}],"event_choices":[{"damage_healed":23,"gold_gain":0,"player_choice":"Banana","damage_taken":0,"max_hp_gain":0,"max_hp_loss":0,"event_name":"Big Fish","floor":2,"gold_loss":0},{"damage_healed":0,"gold_gain":0,"player_choice":"Ignored","damage_taken":0,"max_hp_gain":0,"max_hp_loss":0,"event_name":"Liars Game","floor":4,"gold_loss":0},{"damage_healed":0,"gold_gain":0,"player_choice":"Entered Light","damage_taken":21,"max_hp_gain":0,"max_hp_loss":0,"event_name":"Shining Light","floor":11,"gold_loss":0,"cards_upgraded":["Strike_B","Defend_B"]},{"damage_healed":0,"gold_gain":0,"player_choice":"Gave Potion","damage_taken":0,"relics_obtained":["Blood Vial"],"max_hp_gain":0,"max_hp_loss":0,"event_name":"WeMeetAgain","floor":13,"gold_loss":0},{"damage_healed":0,"gold_gain":0,"player_choice":"Success","damage_taken":11,"relics_obtained":["Bag of Preparation"],"max_hp_gain":0,"max_hp_loss":0,"event_name":"Scrap Ooze","floor":14,"gold_loss":0}],"is_beta":false,"boss_relics":[],"items_purged_floors":[5],"is_endless":false,"potions_floor_spawned":[3,7,8],"killed_by":"Slime Boss","ascension_level":15}