{"gold_per_floor":[115,40,40,40,40,73,73,105,105,6,6,6],"floor_reached":12,"playtime":277,"items_purged":[],"score":152,"play_id":"69bd5db3-d92c-4763-a087-ff5b4024634f","local_time":"20190116155649","is_ascension_mode":true,"campfire_choices":[{"data":"Consume","floor":7,"key":"SMITH"}],"neow_cost":"TEN_PERCENT_HP_LOSS","seed_source_timestamp":517258170029600,"circlet_count":0,"master_deck":["AscendersBane","Strike_B","Strike_B","Strike_B","Defend_B","Defend_B","Defend_B","Defend_B","Zap","Dualcast","Electrodynamics","Consume+1","Storm","Self Repair","Bandage Up"],"relics":["Cracked Core","Regal Pillow","Happy Flower","Dodecahedron","Bag of Marbles"],"potions_floor_usage":[8],"damage_taken":[{"damage":19,"enemies":"Jaw Worm","floor":1,"turns":4},{"damage":25,"enemies":"3 Sentries","floor":6,"turns":3},{"damage":20,"enemies":"Lagavulin","floor":8,"turns":5},{"damage":10,"enemies":"3 Sentries","floor":12,"turns":1}],"seed_played":"-1668820875363073224","potions_obtained":[{"floor":1,"key":"Poison Potion"},{"floor":6,"key":"Strength Potion"}],"is_trial":false,"path_per_floor":["M","?","$","?","?","E","R","E","T","$","?","E"],"character_chosen":"DEFECT","items_purchased":["Bandage Up"],"campfire_rested":0,"item_purchase_floors":[10],"current_hp_per_floor":[45,45,45,45,50,25,25,5,5,5,5,0],"gold":6,"neow_bonus":"THREE_RARE_CARDS","is_prod":false,"is_daily":false,"chose_seed":false,"campfire_upgraded":1,"win_rate":0,"timestamp":1547683009,"path_taken":["M","?","$","?","?","E","R","E","T","$","?","E"],"build_version":"2019-01-10","purchased_purges":0,"victory":false,"max_hp_per_floor":[64,64,64,64,69,69,69,69,69,69,69,69],"card_choices":[{"not_picked":["Fission","Meteor Strike"],"picked":"Electrodynamics","floor":0},{"not_picked":["Aggregate","Coolheaded"],"picked":"Consume","floor":1},{"not_picked":["Hologram","Static Discharge"],"picked":"Storm","floor":6},{"not_picked":["Static Discharge","Streamline"],"picked":"Self Repair","floor":8}],"player_experience":511179,"relics_obtained":[{"floor":6,"key":"Regal Pillow"},{"floor":8,"key":"Happy Flower"},{"floor":9,"key":"Dodecahedron"},{"floor":11,"key":"Bag of Marbles"}],"event_choices":[{"cards_removed":["Strike_B"],"damage_healed":0,"gold_gain":0,"player_choice":"Card Removal","damage_taken":0,"max_hp_gain":0,"max_hp_loss":0,"event_name":"The Cleric","floor":2,"gold_loss":75},{"damage_healed":0,"gold_gain":0,"player_choice":"Ignored","damage_taken":0,"max_hp_gain":0,"max_hp_loss":0,"event_name":"Liars Game","floor":4,"gold_loss":0},{"damage_healed":0,"gold_gain":0,"player_choice":"Donut","damage_taken":0,"max_hp_gain":5,"max_hp_loss":0,"event_name":"Big Fish","floor":5,"gold_loss":0},{"damage_healed":0,"gold_gain":0,"player_choice":"Relic","damage_taken":0,"max_hp_gain":0,"max_hp_loss":0,"event_name":"Wheel of Change","floor":11,"gold_loss":0}],"is_beta":false,"boss_relics":[],"items_purged_floors":[],"is_endless":false,"potions_floor_spawned":[1,6],"killed_by":"3 Sentries","ascension_level":17}