{"path_per_floor":["M","T","M","?","?","R","E","M","T","$","E","M","M","E","R","B",null,"M","M","M","?","?","R","M","R","T","M","$","T","$","M","R","B",null,"M","?","$","?","?","R","?","M","T","R","M","M","M","M","R"],"character_chosen":"THE_SILENT","items_purchased":["Lee\u0027s Waffle","Catalyst","Noxious Fumes","Dramatic Entrance","Regen Potion"],"gold_per_floor":[216,273,292,367,367,367,399,411,493,70,99,114,127,161,161,259,259,184,184,184,134,134,134,134,134,134,134,11,11,11,11,11,11,11,11,11,11,11,11,11,11,11,11,11,11,11,11,11,11],"floor_reached":50,"campfire_rested":4,"playtime":3742,"current_hp_per_floor":[70,70,66,55,55,55,38,38,38,77,65,65,64,40,40,2,77,47,39,12,12,37,60,50,50,57,29,29,29,29,43,68,16,84,58,79,79,79,71,71,71,28,28,53,28,25,42,25,50],"items_purged":["Strike_G"],"gold":11,"play_id":"a7e143aa-7844-4331-8645-6587e0bb0ed2","is_prod":false,"is_daily":false,"is_ascension_mode":false,"campfire_upgraded":2,"path_taken":["M","?","?","?","?","R","E","M","T","$","E","M","?","E","R","BOSS","M","M","M","?","?","R","M","R","T","?","$","?","?","M","R","BOSS","M","?","$","?","?","R","?","M","T","R","M","?","?","M","R","BOSS"],"build_version":"2018-01-25-PROD3","purchased_purges":1,"victory":false,"master_deck":["Defend_G","Defend_G","Defend_G","Defend_G","Strike_G","Strike_G","Strike_G+1","Strike_G","Survivor","Neutralize","Poisoned Stab","Infinite Blades+1","Bullet Time","Flying Knee","Catalyst","Noxious Fumes","Dramatic Entrance","Finisher","Outmaneuver","Poisoned Stab+1","Noxious Fumes","Corpse Explosion","All Out Attack","Predator","Dagger Spray+1","PiercingWail","Poisoned Stab+1","Dagger Spray+1","After Image+1","A Thousand Cuts","Writhe","Finisher","Dodge and Roll+1","Bane","Bouncing Flask+1","Outmaneuver+1"],"max_hp_per_floor":[70,70,70,70,70,70,70,70,70,77,77,77,77,77,77,77,77,77,77,77,77,77,77,77,77,84,84,84,84,84,84,84,84,84,84,84,84,84,84,84,84,84,84,84,84,84,84,84,84],"relics":["Ring of the Snake","Tiny Chest","Bag of Marbles","Tough Bandages","Lee\u0027s Waffle","Dream Catcher","Shovel","Blood Vial","Ectoplasm","Pantograph","Strawberry","Ginger","Lizard Tail","Whetstone"],"card_choices":[{"not_picked":["Dodge and Roll","Deadly Poison"],"picked":"Poisoned Stab"},{"not_picked":["Sucker Punch","Prepared"],"picked":"Infinite Blades"},{"not_picked":["Backflip","Blade Dance"],"picked":"Bullet Time"},{"not_picked":["Poisoned Stab","Quick Slash"],"picked":"Flying Knee"},{"not_picked":["Choke","Slice"],"picked":"Finisher"},{"not_picked":["Finisher","Deadly Poison"],"picked":"Outmaneuver"},{"not_picked":["Crippling Poison","Choke"],"picked":"Poisoned Stab"},{"not_picked":["Blur","Escape Plan"],"picked":"Noxious Fumes"},{"not_picked":["Bullet Time","Doppelganger"],"picked":"Corpse Explosion"},{"not_picked":["Sucker Punch","PiercingWail"],"picked":"All Out Attack"},{"not_picked":["Acrobatics","Choke"],"picked":"Predator"},{"not_picked":["Dagger Throw","Deflect"],"picked":"Dagger Spray"},{"not_picked":["Footwork","Deadly Poison"],"picked":"PiercingWail"},{"not_picked":["Heel Hook","Prepared"],"picked":"Poisoned Stab"},{"not_picked":["Blur","Acrobatics"],"picked":"Dagger Spray"},{"not_picked":["Deadly Poison","Backflip"],"picked":"After Image"},{"not_picked":["Tools of the Trade","Glass Knife"],"picked":"A Thousand Cuts"},{"not_picked":["Masterful Stab","Prepared"],"picked":"Dodge and Roll"},{"not_picked":["Well Laid Plans","Noxious Fumes"],"picked":"Bane"},{"not_picked":["Dagger Spray","Flying Knee"],"picked":"Bouncing Flask"},{"not_picked":["Masterful Stab","Dodge and Roll"],"picked":"Outmaneuver"}],"player_experience":24460,"potions_floor_usage":[7,7,11,11,14,14,20,24,31,45,46,46,48,50],"damage_taken":[{"damage":0,"enemies":"Blue Slaver","floor":1,"turns":6},{"damage":4,"enemies":"2 Louse","floor":3,"turns":3},{"damage":17,"enemies":"Gremlin Nob","floor":7,"turns":4},{"damage":0,"enemies":"Cultist","floor":8,"turns":3},{"damage":12,"enemies":"3 Sentries","floor":11,"turns":5},{"damage":0,"enemies":"Large Slime","floor":12,"turns":4},{"damage":1,"enemies":"2 Fungi Beasts","floor":13,"turns":3},{"damage":24,"enemies":"Gremlin Nob","floor":14,"turns":4},{"damage":40,"enemies":"The Guardian","floor":16,"turns":8},{"damage":30,"enemies":"2 Thieves","floor":18,"turns":4},{"damage":10,"enemies":"3 Byrds","floor":19,"turns":4},{"damage":29,"enemies":"Snecko","floor":20,"turns":6},{"damage":12,"enemies":"Sentry and Sphere","floor":24,"turns":5},{"damage":30,"enemies":"Centurion and Healer","floor":27,"turns":6},{"damage":0,"enemies":"Chosen and Byrds","floor":31,"turns":4},{"damage":68,"enemies":"Collector","floor":33,"turns":10},{"damage":26,"enemies":"3 Darklings","floor":35,"turns":4},{"damage":45,"enemies":"3 Shapes","floor":42,"turns":3},{"damage":27,"enemies":"Sphere and 2 Shapes","floor":45,"turns":5},{"damage":5,"enemies":"3 Darklings","floor":46,"turns":4},{"damage":32,"enemies":"Maw","floor":47,"turns":7},{"damage":19,"enemies":"4 Shapes","floor":48,"turns":3},{"damage":80,"enemies":"Donu and Deca","floor":50,"turns":4}],"event_choices":[{"event_name":"World of Goop","player_choice":"Gather Gold","floor":4,"damage_taken":0},{"event_name":"The Lab","player_choice":"Got Potions","floor":5,"damage_taken":0},{"event_name":"The Joust","player_choice":"Bet on Murderer","floor":21,"damage_taken":0},{"event_name":"The Library","player_choice":"Heal","floor":22,"damage_taken":0},{"event_name":"Winding Halls","player_choice":"Writhe","floor":36,"damage_taken":0},{"event_name":"Transmorgrifier","player_choice":"Transform","floor":38,"damage_taken":0},{"event_name":"Wheel of Change","player_choice":"Damage","floor":39,"damage_taken":0},{"event_name":"Mysterious Sphere","player_choice":"Ignore","floor":41,"damage_taken":0}],"boss_relics":[{"not_picked":["Sozu","Orrery"],"picked":"Ectoplasm"},{"not_picked":["Eternal Feather","Runic Pyramid"],"picked":"Lizard Tail"}],"potions_floor_spawned":[1,7,12,13,16,20,24,31,33,35,45,47,48],"seed_played":"3553259165538321647","killed_by":"Donu and Deca","ascension_level":0,"is_trial":false}