{"gold_per_floor":[113,126,126,201,201,201,219,253,253,253,265,277,310,229,229,325,325,339,339,94,74,92,92,109,128,151,184,184,199,199,213,213,311,311,324,324,109,209,220,248,248,267,291,303,315],"floor_reached":45,"playtime":3366,"items_purged":[],"score":522,"play_id":"fa72dfa3-1a2d-48b8-875d-2f21eac4371f","local_time":"20190208194906","is_ascension_mode":true,"campfire_choices":[{"data":"Perfected Strike","floor":6,"key":"SMITH"},{"data":"Whirlwind","floor":10,"key":"SMITH"},{"data":"Inflame","floor":15,"key":"SMITH"},{"data":"Barricade","floor":23,"key":"SMITH"},{"floor":30,"key":"REST"},{"floor":32,"key":"RECALL"},{"floor":41,"key":"REST"},{"floor":44,"key":"REST"}],"neow_cost":"NONE","seed_source_timestamp":702001342886578,"circlet_count":0,"master_deck":["Strike_R","Strike_R","Strike_R","Strike_R","Strike_R","Defend_R","Defend_R","Defend_R","Bash","Perfected Strike+1","Iron Wave","Whirlwind+1","Feed","Shrug It Off+1","Hemokinesis","Inflame+1","Barricade+1","Clash+1","Metallicize","Thunderclap","Clash","Pommel Strike+1","Shrug It Off+1","Iron Wave+1","Thunderclap","Enlightenment","Berserk","Pommel Strike","Perfected Strike+1","Discovery+1","Rampage","Entrench+1","Twin Strike"],"relics":["Burning Blood","Darkstone Periapt","Centennial Puzzle","Velvet Choker","Regal Pillow","Dream Catcher","Ornamental Fan","Lizard Tail","War Paint","Bronze Scales","MawBank"],"potions_floor_usage":[16,16,25,27,27,27,29,29,33,42],"damage_taken":[{"damage":3,"enemies":"2 Louse","floor":1,"turns":3},{"damage":6,"enemies":"Jaw Worm","floor":2,"turns":2},{"damage":0,"enemies":"Cultist","floor":7,"turns":2},{"damage":22,"enemies":"3 Sentries","floor":8,"turns":5},{"damage":0,"enemies":"2 Fungi Beasts","floor":11,"turns":2},{"damage":2,"enemies":"3 Louse","floor":12,"turns":2},{"damage":19,"enemies":"Gremlin Nob","floor":13,"turns":5},{"damage":40,"enemies":"The Guardian","floor":16,"turns":9},{"damage":20,"enemies":"Spheric Guardian","floor":18,"turns":4},{"damage":17,"enemies":"Shell Parasite","floor":22,"turns":4},{"damage":17,"enemies":"Shelled Parasite and Fungi","floor":24,"turns":3},{"damage":0,"enemies":"Snecko","floor":25,"turns":2},{"damage":38,"enemies":"Gremlin Leader","floor":27,"turns":6},{"damage":0,"enemies":"Snake Plant","floor":29,"turns":2},{"damage":8,"enemies":"Shelled Parasite and Fungi","floor":31,"turns":2},{"damage":42,"enemies":"Champ","floor":33,"turns":8},{"damage":15,"enemies":"3 Shapes","floor":35,"turns":3},{"damage":36,"enemies":"3 Darklings","floor":39,"turns":4},{"damage":107,"enemies":"Giant Head","floor":40,"turns":9},{"damage":61,"enemies":"4 Shapes","floor":42,"turns":6},{"damage":71,"enemies":"Nemesis","floor":45,"turns":4}],"seed_played":"4708548322337618671","potions_obtained":[{"floor":11,"key":"Dexterity Potion"},{"floor":13,"key":"FearPotion"},{"floor":16,"key":"FearPotion"},{"floor":18,"key":"SpeedPotion"},{"floor":21,"key":"SmokeBomb"},{"floor":24,"key":"FearPotion"},{"floor":25,"key":"EntropicBrew"},{"floor":27,"key":"SteroidPotion"},{"floor":40,"key":"LiquidBronze"}],"is_trial":false,"path_per_floor":["M","M","?","?","?","R","M","E","T","R","M","M","E","$","R","B",null,"M","?","$","?","M","R","M","M","T","E","?","M","R","M","R","B",null,"M","?","$","?","M","E","R","M","T","R","E"],"character_chosen":"IRONCLAD","items_purchased":["Inflame","Metallicize","Thunderclap","Regal Pillow","War Paint","Rampage"],"campfire_rested":3,"item_purchase_floors":[14,20,20,20,37,37],"current_hp_per_floor":[88,88,81,70,62,62,68,52,52,52,61,65,55,55,55,24,97,86,86,86,86,75,75,64,70,70,41,41,47,92,90,90,54,103,94,94,94,94,64,19,64,9,9,54,0],"gold":315,"neow_bonus":"TEN_PERCENT_HP_BONUS","is_prod":false,"is_daily":false,"chose_seed":false,"campfire_upgraded":4,"win_rate":0,"timestamp":1549662546,"path_taken":["M","M","?","?","?","R","M","E","T","R","M","?","E","$","R","BOSS","M","?","$","?","?","R","M","M","T","E","?","?","R","M","R","BOSS","M","?","$","?","M","E","R","?","T","R","E"],"build_version":"2019-01-23","purchased_purges":0,"victory":false,"max_hp_per_floor":[88,88,88,88,88,88,88,88,88,88,91,91,94,94,94,97,97,100,100,100,100,100,100,100,100,100,103,103,103,103,103,103,103,103,103,103,103,103,103,103,103,103,103,103,103],"card_choices":[{"not_picked":["Warcry","Twin Strike"],"picked":"Perfected Strike","floor":1},{"not_picked":["Clothesline","Disarm"],"picked":"Iron Wave","floor":2},{"not_picked":["Clothesline","Feel No Pain"],"picked":"Whirlwind","floor":7},{"not_picked":["Corruption","Blood for Blood"],"picked":"Feed","floor":8},{"not_picked":["Corruption","Uppercut","Rupture"],"picked":"SKIP","floor":11},{"not_picked":["Body Slam","Entrench"],"picked":"Shrug It Off","floor":12},{"not_picked":["Dual Wield","Uppercut"],"picked":"Hemokinesis","floor":13},{"not_picked":["Fiend Fire","Dark Embrace"],"picked":"Barricade","floor":16},{"not_picked":["Clothesline","Blood for Blood"],"picked":"Clash+1","floor":18},{"not_picked":["Iron Wave","Carnage"],"picked":"Clash","floor":22},{"not_picked":["True Grit+1","Body Slam"],"picked":"Pommel Strike+1","floor":24},{"not_picked":["Warcry+1","True Grit"],"picked":"Shrug It Off+1","floor":25},{"not_picked":["Exhume","Limit Break"],"picked":"Iron Wave+1","floor":27},{"not_picked":["True Grit","Rupture"],"picked":"Pommel Strike","floor":29},{"not_picked":["Havoc","Flex"],"picked":"Perfected Strike+1","floor":30},{"not_picked":["Whirlwind","Searing Blow","Clothesline"],"picked":"SKIP","floor":31},{"not_picked":["Fire Breathing+1","Anger+1","Corruption+1"],"picked":"SKIP","floor":35},{"not_picked":["Finesse","Good Instincts"],"picked":"Discovery","floor":36},{"not_picked":["Spot Weakness+1","Thunderclap+1","Iron Wave"],"picked":"SKIP","floor":39},{"not_picked":["Warcry+1","Sever Soul"],"picked":"Entrench+1","floor":40},{"not_picked":["Combust+1","Headbutt"],"picked":"Twin Strike","floor":42}],"player_experience":90971,"relics_obtained":[{"floor":8,"key":"Darkstone Periapt"},{"floor":13,"key":"Centennial Puzzle"},{"floor":26,"key":"Dream Catcher"},{"floor":27,"key":"Ornamental Fan"},{"floor":40,"key":"Bronze Scales"},{"floor":43,"key":"MawBank"}],"event_choices":[{"cards_removed":["Defend_R"],"damage_healed":0,"gold_gain":0,"player_choice":"Card Removal","damage_taken":7,"max_hp_gain":0,"max_hp_loss":0,"event_name":"Golden Wing","floor":3,"gold_loss":0},{"damage_healed":0,"gold_gain":75,"player_choice":"Gather Gold","damage_taken":11,"max_hp_gain":0,"max_hp_loss":0,"event_name":"World of Goop","floor":4,"gold_loss":0},{"damage_healed":0,"gold_gain":0,"player_choice":"Damaged","damage_taken":8,"max_hp_gain":0,"max_hp_loss":0,"event_name":"Wheel of Change","floor":5,"gold_loss":0},{"damage_healed":0,"gold_gain":0,"player_choice":"Ignored","damage_taken":0,"max_hp_gain":0,"max_hp_loss":0,"event_name":"Beggar","floor":19,"gold_loss":0},{"damage_healed":0,"gold_gain":0,"player_choice":"Bought 1 Potion","damage_taken":0,"max_hp_gain":0,"max_hp_loss":0,"event_name":"The Woman in Blue","floor":21,"gold_loss":0},{"damage_healed":0,"gold_gain":0,"player_choice":"3 cards matched","damage_taken":0,"max_hp_gain":0,"max_hp_loss":0,"event_name":"Match and Keep!","floor":28,"gold_loss":0,"cards_obtained":["Thunderclap","Enlightenment","Berserk"]},{"damage_healed":0,"gold_gain":0,"player_choice":"Memory 1","damage_taken":0,"max_hp_gain":0,"max_hp_loss":0,"event_name":"SensoryStone","floor":36,"gold_loss":0},{"damage_healed":0,"gold_gain":100,"player_choice":"Pray","damage_taken":0,"max_hp_gain":0,"max_hp_loss":0,"event_name":"Golden Shrine","floor":38,"gold_loss":0}],"is_beta":false,"boss_relics":[{"not_picked":["Black Star","Pandora\u0027s Box"],"picked":"Velvet Choker"},{"not_picked":["Sozu","Runic Dome"],"picked":"Lizard Tail"}],"items_purged_floors":[],"is_endless":false,"potions_floor_spawned":[11,13,16,18,24,25,27,40],"killed_by":"Nemesis","ascension_level":1}