{"gold_per_floor":[117,192,88,102,102,102,129,139,166,178,225,237,261,255,267,379,391,414,459,46,57,68,68,68,68],"floor_reached":25,"playtime":2599,"items_purged":["Strike_B"],"score":221,"play_id":"9bbc3574-da8a-4308-8b11-d891b11f1a3e","local_time":"20190302081754","is_ascension_mode":true,"campfire_choices":[{"floor":6,"key":"RECALL"},{"floor":10,"key":"REST"},{"data":"Capacitor","floor":12,"key":"SMITH"},{"floor":15,"key":"REST"},{"floor":24,"key":"REST"}],"neow_cost":"NONE","seed_source_timestamp":53953515762668,"circlet_count":0,"master_deck":["Strike_B","Strike_B","Strike_B","Defend_B","Defend_B","Defend_B","Defend_B","Zap","Dualcast","Chill","Capacitor+1","Redo","Consume","Chaos","FTL","White Noise","Leap","Creative AI","Undo","Coolheaded+1","Conserve Battery","Leap","Leap","Tempest"],"relics":["Cracked Core","Smiling Mask","MawBank","Dream Catcher","Inserter","Red Mask","Oddly Smooth Stone","TheAbacus"],"potions_floor_usage":[19,19,22,22,25],"damage_taken":[{"damage":0,"enemies":"Small Slimes","floor":1,"turns":2},{"damage":7,"enemies":"Jaw Worm","floor":4,"turns":2},{"damage":1,"enemies":"Cultist","floor":8,"turns":4},{"damage":9,"enemies":"3 Sentries","floor":11,"turns":13},{"damage":0,"enemies":"2 Fungi Beasts","floor":13,"turns":4},{"damage":19,"enemies":"Exordium Thugs","floor":14,"turns":5},{"damage":39,"enemies":"The Guardian","floor":16,"turns":12},{"damage":26,"enemies":"Spheric Guardian","floor":18,"turns":6},{"damage":40,"enemies":"Masked Bandits","floor":19,"turns":10},{"damage":5,"enemies":"Chosen","floor":21,"turns":7},{"damage":3,"enemies":"Snecko","floor":22,"turns":8},{"damage":35,"enemies":"Colosseum Slavers","floor":25,"turns":5}],"seed_played":"3081488290079170813","potions_obtained":[{"floor":1,"key":"SpeedPotion"},{"floor":11,"key":"Strength Potion"},{"floor":13,"key":"Block Potion"},{"floor":14,"key":"Energy Potion"},{"floor":16,"key":"FocusPotion"},{"floor":19,"key":"Poison Potion"},{"floor":21,"key":"Strength Potion"}],"is_trial":false,"path_per_floor":["M","?","$","M","?","R","T","M","T","R","E","R","M","M","R","B",null,"M","?","$","M","M","?","R","?"],"character_chosen":"DEFECT","items_purchased":["Capacitor","Redo","Oddly Smooth Stone","TheAbacus","Conserve Battery"],"campfire_rested":3,"item_purchase_floors":[3,3,20,20,20],"current_hp_per_floor":[82,71,71,64,61,61,61,60,60,82,73,73,73,54,78,39,82,56,16,16,11,8,8,32,0],"gold":68,"neow_bonus":"TEN_PERCENT_HP_BONUS","is_prod":false,"is_daily":false,"chose_seed":false,"campfire_upgraded":1,"win_rate":0,"timestamp":1551536274,"path_taken":["M","?","$","M","?","R","?","M","T","R","E","R","?","M","R","BOSS","M","?","?","?","M","?","R","?"],"build_version":"2019-01-23","purchased_purges":1,"victory":false,"max_hp_per_floor":[82,82,82,82,82,82,82,82,82,82,82,82,82,82,82,82,82,82,82,82,82,82,82,82,82],"card_choices":[{"not_picked":["Steam Power","Static Discharge"],"picked":"Chill","floor":1},{"not_picked":["Scrape","Hologram","Barrage"],"picked":"SKIP","floor":4},{"not_picked":["Leap","Go for the Eyes"],"picked":"Consume","floor":8},{"not_picked":["Redo","Barrage"],"picked":"Chaos","floor":11},{"not_picked":["Barrage","Sweeping Beam"],"picked":"FTL","floor":13},{"not_picked":["Doom and Gloom","Sweeping Beam"],"picked":"White Noise","floor":14},{"not_picked":["Gash","Undo"],"picked":"Leap","floor":15},{"not_picked":["Fission","Hyperbeam"],"picked":"Creative AI","floor":16},{"not_picked":["Barrage","Consume"],"picked":"Undo","floor":18},{"not_picked":["Streamline","Undo"],"picked":"Coolheaded+1","floor":19},{"not_picked":["Storm+1","Beam Cell"],"picked":"Leap","floor":21},{"not_picked":["Sunder","Redo"],"picked":"Leap","floor":22},{"not_picked":["Aggregate+1","Steam"],"picked":"Tempest","floor":24}],"player_experience":44297,"relics_obtained":[{"floor":9,"key":"MawBank"},{"floor":11,"key":"Dream Catcher"},{"floor":19,"key":"Red Mask"}],"event_choices":[{"damage_healed":0,"gold_gain":75,"player_choice":"Gather Gold","damage_taken":11,"max_hp_gain":0,"max_hp_loss":0,"event_name":"World of Goop","floor":2,"gold_loss":0},{"damage_healed":0,"gold_gain":0,"player_choice":"Success","damage_taken":3,"relics_obtained":["Smiling Mask"],"max_hp_gain":0,"max_hp_loss":0,"event_name":"Scrap Ooze","floor":5,"gold_loss":0},{"damage_healed":0,"gold_gain":0,"player_choice":"Fought Bandits","damage_taken":0,"max_hp_gain":0,"max_hp_loss":0,"event_name":"Masked Bandits","floor":19,"gold_loss":0},{"damage_healed":0,"gold_gain":0,"player_choice":"Ignored","damage_taken":0,"max_hp_gain":0,"max_hp_loss":0,"event_name":"Beggar","floor":23,"gold_loss":0},{"damage_healed":0,"gold_gain":0,"player_choice":"Fight","damage_taken":0,"max_hp_gain":0,"max_hp_loss":0,"event_name":"Colosseum","floor":25,"gold_loss":0}],"is_beta":false,"boss_relics":[{"not_picked":["Astrolabe","Cursed Key"],"picked":"Inserter"}],"items_purged_floors":[20],"is_endless":false,"potions_floor_spawned":[1,11,13,14,16,19,21],"killed_by":"Colosseum Slavers","ascension_level":2}