{"gold_per_floor":[115,192,202,222,23,56,56,91,138,150,165,165],"floor_reached":12,"playtime":935,"items_purged":[],"score":158,"play_id":"a0c67610-1d3e-4eed-aad7-dfd0caa3d95c","local_time":"20190114204249","is_ascension_mode":true,"campfire_choices":[{"data":"Recycle","floor":7,"key":"SMITH"}],"neow_cost":"NONE","seed_source_timestamp":360959533798200,"circlet_count":0,"master_deck":["AscendersBane","Strike_B","Defend_B","Defend_B","Defend_B","Defend_B","Zap","Dualcast","Meteor Strike+1","Creative AI+1","Storm+1","Recycle+1","Auto Shields","Steam Power","Reprogram","Hologram","Hologram"],"relics":["Astrolabe","Toolbox","Symbiotic Virus","Ancient Tea Set","Juzu Bracelet"],"potions_floor_usage":[6,8,11],"damage_taken":[{"damage":11,"enemies":"2 Louse","floor":1,"turns":4},{"damage":1,"enemies":"Cultist","floor":3,"turns":4},{"damage":0,"enemies":"Small Slimes","floor":4,"turns":5},{"damage":18,"enemies":"Lagavulin","floor":6,"turns":8},{"damage":10,"enemies":"3 Sentries","floor":8,"turns":4},{"damage":13,"enemies":"Blue Slaver","floor":10,"turns":4},{"damage":6,"enemies":"Exordium Thugs","floor":11,"turns":5},{"damage":9,"enemies":"Gremlin Nob","floor":12,"turns":2}],"seed_played":"3735475695531093878","potions_obtained":[{"floor":3,"key":"AttackPotion"},{"floor":6,"key":"PowerPotion"},{"floor":8,"key":"Explosive Potion"}],"is_trial":false,"path_per_floor":["M","?","M","M","$","E","R","E","T","M","M","E"],"character_chosen":"DEFECT","items_purchased":["Toolbox"],"campfire_rested":0,"item_purchase_floors":[5],"current_hp_per_floor":[53,53,52,52,52,34,34,24,24,11,5,0],"gold":165,"neow_bonus":"BOSS_RELIC","is_prod":false,"is_daily":false,"chose_seed":false,"campfire_upgraded":1,"win_rate":0,"timestamp":1547527369,"path_taken":["M","?","M","M","$","E","R","E","T","M","M","E"],"build_version":"2019-01-10","purchased_purges":0,"victory":false,"max_hp_per_floor":[71,71,71,71,71,71,71,71,71,71,71,71],"card_choices":[{"not_picked":["Rebound","Coolheaded"],"picked":"Recycle","floor":1},{"not_picked":["Static Discharge","Barrage"],"picked":"Auto Shields","floor":3},{"not_picked":["Blizzard","Genetic Algorithm"],"picked":"Steam Power","floor":4},{"not_picked":["Melter","Skim"],"picked":"Reprogram","floor":6},{"not_picked":["Go for the Eyes","Steam"],"picked":"Hologram","floor":8},{"not_picked":["Streamline","Reinforced Body"],"picked":"Hologram","floor":10},{"not_picked":["Gash","Multi-Cast","Barrage"],"picked":"SKIP","floor":11}],"player_experience":471422,"relics_obtained":[{"floor":6,"key":"Symbiotic Virus"},{"floor":8,"key":"Ancient Tea Set"},{"floor":9,"key":"Juzu Bracelet"}],"event_choices":[{"damage_healed":0,"gold_gain":77,"player_choice":"Gained Gold","damage_taken":0,"max_hp_gain":0,"max_hp_loss":0,"event_name":"Golden Wing","floor":2,"gold_loss":0}],"is_beta":false,"boss_relics":[],"items_purged_floors":[],"is_endless":false,"potions_floor_spawned":[3,6,8],"killed_by":"Gremlin Nob","ascension_level":15}