{"gold_per_floor":[114,133,145,18,18,44,44,73,125,156,156,171,96,271,271,371,371,391,401,421,346,360,394,394,429,453,488,488,488],"floor_reached":29,"playtime":2282,"items_purged":["Blizzard"],"score":426,"play_id":"2c878f3e-3dc3-48dd-87a5-f8945d52eaad","local_time":"20180630134336","daily_mods":["Diverse","Insanity","Elite Swarm"],"is_ascension_mode":false,"campfire_choices":[{"data":"Machine Learning","floor":7,"key":"SMITH"},{"data":"Buffer","floor":15,"key":"SMITH"},{"floor":24,"key":"REST"},{"floor":28,"key":"REST"}],"neow_cost":"","seed_source_timestamp":0,"circlet_count":0,"master_deck":["Ball Lightning","Defend_B","Force Field","Hello World","Multi-Cast","Force Field","Hologram","Steam","Turbo","Amplify","Redo","Defragment","Stack","Sweeping Beam","Dualcast","Echo Form","Rebound","Static Discharge","Leap","Buffer+1","Strike_B","Creative AI","Blizzard","Gash","Skim","Thunder Strike","Strike_B","Core Surge","Buffer","Streamline","Turbo","Tempest","Coolheaded","Auto Shields","Redo","Loop","Hologram","Compile Driver","Ball Lightning+1","Core Surge","Hello World","Dualcast","Seek","Streamline","Sweeping Beam","All For One","FTL","Static Discharge","Rebound+1","Demon Form","Wraith Form v2","Echo Form","Go for the Eyes","Malaise","Noxious Fumes","Cold Snap","Decay","Machine Learning+1","Night Terror","Seeing Red","Burst","Barrage+1","Coolheaded","Impervious","Seek","Doppelganger"],"relics":["Cracked Core","Mercury Hourglass","Bronze Scales","Oddly Smooth Stone","Emotion Chip","Sozu","Pantograph","Boot","Whetstone","Meat on the Bone"],"potions_floor_usage":[6,22,23],"damage_taken":[{"damage":9,"enemies":"Cultist","floor":1,"turns":4},{"damage":3,"enemies":"Small Slimes","floor":2,"turns":2},{"damage":0,"enemies":"Jaw Worm","floor":3,"turns":4},{"damage":0,"enemies":"Gremlin Nob","floor":6,"turns":5},{"damage":16,"enemies":"3 Sentries","floor":8,"turns":4},{"damage":0,"enemies":"Lagavulin","floor":10,"turns":8},{"damage":0,"enemies":"Blue Slaver","floor":12,"turns":3},{"damage":3,"enemies":"The Guardian","floor":16,"turns":12},{"damage":7,"enemies":"Shell Parasite","floor":18,"turns":7},{"damage":0,"enemies":"3 Byrds","floor":19,"turns":3},{"damage":5,"enemies":"Sentry and Sphere","floor":20,"turns":4},{"damage":12,"enemies":"Centurion and Healer","floor":22,"turns":8},{"damage":19,"enemies":"Gremlin Leader","floor":23,"turns":7},{"damage":51,"enemies":"Slavers","floor":25,"turns":4},{"damage":0,"enemies":"Book of Stabbing","floor":27,"turns":6},{"damage":27,"enemies":"Slavers","floor":29,"turns":1}],"seed_played":"-7830961508387536386","potions_obtained":[{"floor":1,"key":"GamblersBrew"},{"floor":6,"key":"Swift Potion"}],"is_trial":true,"path_per_floor":["M","M","M","$","?","E","R","E","T","E","?","M","$","?","R","B",null,"M","M","M","?","M","E","R","E","T","E","R"],"character_chosen":"DEFECT","items_purchased":["PowerPotion","Noxious Fumes","Cold Snap"],"campfire_rested":2,"item_purchase_floors":[4,4,4],"current_hp_per_floor":[66,63,63,63,63,63,63,47,47,47,47,47,47,47,47,44,75,68,68,63,63,51,32,54,3,3,3,25,0],"gold":488,"neow_bonus":"","is_prod":false,"is_daily":false,"chose_seed":false,"campfire_upgraded":2,"win_rate":0,"timestamp":1530359016,"path_taken":["M","M","M","$","?","E","R","E","T","E","?","M","$","?","R","BOSS","M","?","M","?","M","E","R","E","T","E","R","E"],"build_version":"2018-06-28","purchased_purges":1,"victory":false,"max_hp_per_floor":[75,75,75,75,75,75,75,75,75,75,75,75,75,75,75,75,75,75,75,75,75,75,75,75,75,75,75,75,75],"card_choices":[{"not_picked":["Rupture","Masterful Stab","Prepared"],"picked":"SKIP","floor":1},{"not_picked":["Consume","Compile Driver"],"picked":"Go for the Eyes","floor":2},{"not_picked":["Hologram","Anger"],"picked":"Malaise","floor":3},{"not_picked":["All For One","Bludgeon"],"picked":"Machine Learning","floor":6},{"not_picked":["Multi-Cast","Buffer","Brutality"],"picked":"SKIP","floor":8},{"not_picked":["Dark Embrace","Demon Form"],"picked":"Night Terror","floor":10},{"not_picked":["Iron Wave","Intimidate"],"picked":"Seeing Red","floor":12},{"not_picked":["Limit Break","Echo Form"],"picked":"Burst","floor":16},{"not_picked":["Coolheaded","Anger+1"],"picked":"Barrage+1","floor":18},{"not_picked":["Poisoned Stab","Clothesline","Sweeping Beam+1"],"picked":"SKIP","floor":19},{"not_picked":["Streamline","Redo"],"picked":"Coolheaded","floor":20},{"not_picked":["Deadly Poison","Perfected Strike","Quick Slash"],"picked":"SKIP","floor":22},{"not_picked":["All For One","Tools of the Trade"],"picked":"Impervious","floor":23},{"not_picked":["Tactician","Fiend Fire"],"picked":"Seek","floor":25},{"not_picked":["Brutality","Amplify"],"picked":"Doppelganger","floor":27}],"player_experience":702483,"relics_obtained":[{"floor":6,"key":"Mercury Hourglass"},{"floor":8,"key":"Bronze Scales"},{"floor":9,"key":"Oddly Smooth Stone"},{"floor":10,"key":"Emotion Chip"},{"floor":23,"key":"Pantograph"},{"floor":25,"key":"Boot"},{"floor":26,"key":"Whetstone"},{"floor":27,"key":"Meat on the Bone"}],"event_choices":[{"event_name":"Wheel of Change","player_choice":"Curse","floor":5,"damage_taken":0},{"event_name":"The Woman in Blue","player_choice":"Bought 0 Potions","floor":11,"damage_taken":0},{"event_name":"Liars Game","player_choice":"agreed","floor":14,"damage_taken":0},{"event_name":"Beggar","player_choice":"Gave Gold","floor":21,"damage_taken":0}],"boss_relics":[{"not_picked":["Nuclear Battery","Calling Bell"],"picked":"Sozu"}],"items_purged_floors":[13],"is_endless":false,"potions_floor_spawned":[1,6,18,20,22,23],"killed_by":"Slavers","ascension_level":0}