{"gold_per_floor":[113,113,124,124,124,124,143,143,143,163,180,195,208,222,222,322,322,334,334,346,359,369,369,402,415,415,426,437,437],"floor_reached":29,"playtime":963,"items_purged":[],"score":270,"play_id":"93f51d05-a75d-4ba4-9a97-fef0d19b8697","local_time":"20190217151418","is_ascension_mode":false,"campfire_choices":[{"floor":6,"key":"REST"},{"floor":8,"key":"REST"},{"floor":15,"key":"REST"},{"floor":23,"key":"REST"}],"neow_cost":"NONE","seed_source_timestamp":245304357216536,"circlet_count":0,"master_deck":["Strike_R","Strike_R","Strike_R","Strike_R+1","Strike_R","Defend_R+1","Defend_R","Defend_R","Defend_R","Bash","Shrug It Off","Whirlwind","Clash","Cleave","Dropkick","Clash","Armaments","Battle Trance","Juggernaut","Spot Weakness+1","Clash","Shockwave","Inflame","Clash+1","Flex+1"],"relics":["Fusion Hammer"],"potions_floor_usage":[24,27,28,29,29,29],"damage_taken":[{"damage":6,"enemies":"Cultist","floor":1,"turns":3},{"damage":0,"enemies":"2 Louse","floor":3,"turns":3},{"damage":5,"enemies":"Small Slimes","floor":7,"turns":3},{"damage":19,"enemies":"Gremlin Gang","floor":10,"turns":4},{"damage":0,"enemies":"3 Louse","floor":11,"turns":3},{"damage":0,"enemies":"2 Fungi Beasts","floor":12,"turns":1},{"damage":3,"enemies":"Large Slime","floor":13,"turns":3},{"damage":0,"enemies":"Blue Slaver","floor":14,"turns":2},{"damage":47,"enemies":"Hexaghost","floor":16,"turns":9},{"damage":27,"enemies":"Spheric Guardian","floor":18,"turns":4},{"damage":5,"enemies":"Chosen","floor":20,"turns":3},{"damage":19,"enemies":"Snecko","floor":21,"turns":5},{"damage":7,"enemies":"3 Cultists","floor":22,"turns":3},{"damage":28,"enemies":"Gremlin Leader","floor":24,"turns":5},{"damage":2,"enemies":"Centurion and Healer","floor":25,"turns":4},{"damage":21,"enemies":"Snake Plant","floor":27,"turns":4},{"damage":1,"enemies":"Snecko","floor":28,"turns":4},{"damage":7,"enemies":"Slavers","floor":29,"turns":1}],"seed_played":"-4727592991616047477","potions_obtained":[{"floor":1,"key":"Block Potion"},{"floor":3,"key":"PowerPotion"},{"floor":10,"key":"EssenceOfSteel"},{"floor":14,"key":"BloodPotion"},{"floor":24,"key":"PowerPotion"},{"floor":27,"key":"SteroidPotion"},{"floor":28,"key":"Strength Potion"}],"is_trial":false,"path_per_floor":["M","?","M","?","?","R","M","R","T","M","M","M","M","M","R","B",null,"M","?","M","M","M","R","E","M","T","M","M","E"],"character_chosen":"IRONCLAD","items_purchased":[],"campfire_rested":4,"item_purchase_floors":[],"current_hp_per_floor":[74,74,74,58,58,80,75,80,80,61,61,61,58,58,80,33,80,53,53,48,29,22,46,18,16,16,3,2,0],"gold":437,"neow_bonus":"BOSS_RELIC","is_prod":false,"is_daily":false,"chose_seed":false,"campfire_upgraded":0,"win_rate":0,"timestamp":1550434458,"path_taken":["M","?","M","?","?","R","M","R","T","M","M","?","M","?","R","BOSS","M","?","M","M","M","R","E","M","T","M","M","E"],"build_version":"2019-01-23","purchased_purges":0,"victory":false,"max_hp_per_floor":[80,80,80,80,80,80,80,80,80,80,80,80,80,80,80,80,80,80,80,80,80,80,80,80,80,80,80,80,80],"card_choices":[{"not_picked":["Burning Pact","Iron Wave"],"picked":"Shrug It Off","floor":1},{"not_picked":["Corruption","Rampage"],"picked":"Whirlwind","floor":3},{"not_picked":["Heavy Blade","Body Slam"],"picked":"Clash","floor":7},{"not_picked":["Pummel","Pommel Strike"],"picked":"Cleave","floor":10},{"not_picked":["Searing Blow","Clash"],"picked":"Dropkick","floor":11},{"not_picked":["Rampage","Twin Strike"],"picked":"Clash","floor":12},{"not_picked":["Sword Boomerang","Shrug It Off"],"picked":"Armaments","floor":13},{"not_picked":["Entrench","Inflame"],"picked":"Battle Trance","floor":14},{"not_picked":["Reaper","Brutality"],"picked":"Juggernaut","floor":16},{"not_picked":["Pommel Strike","Shrug It Off"],"picked":"Spot Weakness+1","floor":18},{"not_picked":["Body Slam","Shrug It Off"],"picked":"Shockwave","floor":20},{"not_picked":["Shrug It Off","Body Slam"],"picked":"Inflame","floor":21},{"not_picked":["Feel No Pain","Twin Strike","Shrug It Off"],"picked":"SKIP","floor":22},{"not_picked":["Warcry","Reckless Charge+1"],"picked":"Clash+1","floor":24},{"not_picked":["Whirlwind","Heavy Blade+1","Twin Strike"],"picked":"SKIP","floor":25},{"not_picked":["Searing Blow","Armaments","Warcry"],"picked":"SKIP","floor":27},{"not_picked":["Thunderclap+1","Inflame"],"picked":"Flex+1","floor":28}],"player_experience":199923,"relics_obtained":[],"event_choices":[{"damage_healed":0,"gold_gain":0,"player_choice":"Fled","damage_taken":0,"max_hp_gain":0,"max_hp_loss":0,"event_name":"Scrap Ooze","floor":2,"gold_loss":0},{"damage_healed":0,"gold_gain":0,"player_choice":"Entered Light","damage_taken":16,"max_hp_gain":0,"max_hp_loss":0,"event_name":"Shining Light","floor":4,"gold_loss":0,"cards_upgraded":["Strike_R","Defend_R"]},{"damage_healed":0,"gold_gain":0,"player_choice":"Ignored","damage_taken":0,"max_hp_gain":0,"max_hp_loss":0,"event_name":"WeMeetAgain","floor":5,"gold_loss":0},{"damage_healed":0,"gold_gain":0,"player_choice":"Copied","damage_taken":0,"max_hp_gain":0,"max_hp_loss":0,"event_name":"Duplicator","floor":19,"gold_loss":0,"cards_obtained":["Clash"]}],"is_beta":false,"boss_relics":[{"not_picked":[]}],"items_purged_floors":[],"is_endless":false,"potions_floor_spawned":[1,3,10,12,14,21,22,24,27,28],"killed_by":"Slavers","ascension_level":0}