{"gold_per_floor":[110,128,145,163,163,190,190,216,297,297,330,343,21,21,21,116,116,130,149,33,33,52,86,86,117,190,219,250,250,263,280,280,376,376,388,43,343,11,60,102,139,177,189,254,300,312,324,355,367,379,391,403,14,39,39],"floor_reached":56,"playtime":3639,"items_purged":["Strike_G"],"score":1788,"play_id":"d0f5bb59-4500-46d6-9912-86767dfcd970","local_time":"20190221010835","is_ascension_mode":true,"campfire_choices":[{"data":"Adrenaline","floor":7,"key":"SMITH"},{"floor":10,"key":"REST"},{"data":"Catalyst","floor":15,"key":"SMITH"},{"data":"Envenom","floor":24,"key":"SMITH"},{"data":"Ghostly","floor":29,"key":"SMITH"},{"data":"Ghostly","floor":32,"key":"SMITH"},{"floor":47,"key":"RECALL"},{"data":"Ghostly","floor":49,"key":"SMITH"},{"data":"Ghostly","floor":52,"key":"SMITH"}],"neow_cost":"NONE","seed_source_timestamp":1261232983644500,"circlet_count":0,"master_deck":["Defend_G","Defend_G","Defend_G","Defend_G","Defend_G","Strike_G","Strike_G","Strike_G","Survivor","Neutralize","Infinite Blades","Quick Slash","Well Laid Plans","Quick Slash","Adrenaline+1","Envenom+1","Catalyst+1","PiercingWail","Bouncing Flask","Glass Knife","Bane+1","Sucker Punch","Well Laid Plans","Poisoned Stab","Ghostly+1","Ghostly+1","Ghostly+1","Ghostly+1","Ghostly","Flying Knee+1","Envenom","PiercingWail","Corpse Explosion","Crippling Poison","Wraith Form v2","Deadly Poison","Noxious Fumes","Envenom","Dark Shackles","Infinite Blades"],"relics":["Ring of the Snake","Centennial Puzzle","WingedGreaves","Meat on the Bone","Lantern","Ninja Scroll","Mango","Philosopher\u0027s Stone","Singing Bowl","Gambling Chip","Omamori","Mummified Hand","Snecko Eye","FossilizedHelix","Pantograph","MawBank","Gremlin Horn","Anchor","Pear","Bag of Preparation","The Specimen","Tough Bandages","Strange Spoon","Snake Skull"],"potions_floor_usage":[6,6,23,40,55,55,55],"damage_taken":[{"damage":1,"enemies":"Cultist","floor":1,"turns":5},{"damage":3,"enemies":"Jaw Worm","floor":2,"turns":5},{"damage":0,"enemies":"2 Louse","floor":3,"turns":3},{"damage":15,"enemies":"Large Slime","floor":4,"turns":10},{"damage":11,"enemies":"Lagavulin","floor":6,"turns":10},{"damage":34,"enemies":"Gremlin Nob","floor":8,"turns":4},{"damage":14,"enemies":"Lagavulin","floor":11,"turns":8},{"damage":7,"enemies":"Exordium Thugs","floor":12,"turns":5},{"damage":8,"enemies":"Hexaghost","floor":16,"turns":5},{"damage":25,"enemies":"2 Thieves","floor":18,"turns":4},{"damage":3,"enemies":"Shell Parasite","floor":19,"turns":3},{"damage":3,"enemies":"Centurion and Healer","floor":22,"turns":6},{"damage":4,"enemies":"Book of Stabbing","floor":23,"turns":5},{"damage":20,"enemies":"Gremlin Leader","floor":25,"turns":4},{"damage":5,"enemies":"Slavers","floor":27,"turns":5},{"damage":7,"enemies":"Book of Stabbing","floor":28,"turns":5},{"damage":0,"enemies":"Chosen and Byrds","floor":30,"turns":6},{"damage":3,"enemies":"Snake Plant","floor":31,"turns":3},{"damage":4,"enemies":"Collector","floor":33,"turns":5},{"damage":0,"enemies":"3 Shapes","floor":35,"turns":1},{"damage":1,"enemies":"Giant Head","floor":40,"turns":6},{"damage":2,"enemies":"Nemesis","floor":41,"turns":5},{"damage":2,"enemies":"Reptomancer","floor":42,"turns":5},{"damage":1,"enemies":"2 Orb Walkers","floor":44,"turns":4},{"damage":0,"enemies":"Giant Head","floor":45,"turns":7},{"damage":0,"enemies":"Orb Walker","floor":48,"turns":3},{"damage":8,"enemies":"Time Eater","floor":50,"turns":6},{"damage":18,"enemies":"Shield and Spear","floor":54,"turns":4},{"damage":38,"enemies":"The Heart","floor":55,"turns":7}],"seed_played":"739671798426433795","potions_obtained":[{"floor":2,"key":"Dexterity Potion"},{"floor":4,"key":"Regen Potion"},{"floor":12,"key":"SkillPotion"},{"floor":22,"key":"Fire Potion"},{"floor":25,"key":"GhostInAJar"},{"floor":31,"key":"SteroidPotion"},{"floor":33,"key":"Fire Potion"},{"floor":42,"key":"Energy Potion"}],"is_trial":false,"path_per_floor":["M","M","M","M","?","E","R","E","T","R","E","M","$","?","R","B",null,"M","M","$","?","M","E","R","E","T","E","E","R","M","M","R","B",null,"M","$","?","$","T","E","E","E","T","?","E","?","R","M","R","B",null,"R","$","E","B",null],"character_chosen":"THE_SILENT","items_purchased":["Ninja Scroll","Bouncing Flask","Well Laid Plans","Poisoned Stab","FossilizedHelix","Deadly Poison","Pantograph","Noxious Fumes","Strange Spoon","Dark Shackles","Infinite Blades"],"campfire_rested":1,"item_purchase_floors":[13,13,20,20,36,36,38,38,53,53,53],"current_hp_per_floor":[69,66,66,51,44,48,48,14,14,37,35,40,40,54,54,46,80,55,52,52,45,42,38,38,32,32,27,32,32,34,31,31,27,44,46,46,46,46,46,47,45,55,55,56,58,58,58,60,60,63,69,69,69,53,47],"gold":39,"neow_bonus":"TEN_PERCENT_HP_BONUS","is_prod":false,"is_daily":false,"chose_seed":false,"campfire_upgraded":7,"win_rate":0,"timestamp":1550740115,"path_taken":["M","M","M","M","?","E","R","E","T","R","E","M","$","?","R","BOSS","M","M","$","?","M","E","R","E","T","E","E","R","M","M","R","BOSS","M","$","?","$","?","E","E","E","T","?","E","?","R","M","R","BOSS","R","$","E","BOSS"],"build_version":"2019-01-23","purchased_purges":1,"victory":true,"max_hp_per_floor":[77,77,77,77,77,77,77,77,77,77,77,77,77,91,91,91,91,91,91,91,45,45,45,45,47,47,47,47,47,49,49,49,49,49,51,51,51,51,51,53,53,65,65,67,69,69,69,71,71,71,71,71,71,73,73],"card_choices":[{"not_picked":["Dodge and Roll","Quick Slash"],"picked":"Infinite Blades","floor":1},{"not_picked":["Deflect","Dagger Throw"],"picked":"Quick Slash","floor":2},{"not_picked":["Tactician","Dodge and Roll"],"picked":"Well Laid Plans","floor":3},{"not_picked":["Dagger Throw","Outmaneuver"],"picked":"Quick Slash","floor":4},{"not_picked":["Leg Sweep","Backstab"],"picked":"Adrenaline","floor":6},{"not_picked":["PiercingWail","Blur"],"picked":"Envenom","floor":8},{"not_picked":["Quick Slash","Blur"],"picked":"Catalyst","floor":11},{"not_picked":["Terror","Flying Knee"],"picked":"PiercingWail","floor":12},{"not_picked":["Grand Finale","Tools of the Trade"],"picked":"Glass Knife","floor":16},{"not_picked":["Prepared","Acrobatics+1"],"picked":"Bane+1","floor":18},{"not_picked":["Distraction","Dodge and Roll"],"picked":"Sucker Punch","floor":19},{"not_picked":["Concentrate","Sucker Punch"],"picked":"Flying Knee+1","floor":22},{"not_picked":["Deadly Poison","PiercingWail"],"picked":"Envenom","floor":23},{"not_picked":["Predator","Setup+1","Sucker Punch"],"picked":"Singing Bowl","floor":25},{"not_picked":["Acrobatics","Unload"],"picked":"PiercingWail","floor":27},{"not_picked":["Underhanded Strike","Reflex"],"picked":"Corpse Explosion","floor":28},{"not_picked":["Underhanded Strike","Deflect","Dodge and Roll"],"picked":"Singing Bowl","floor":30},{"not_picked":["Flying Knee","PiercingWail"],"picked":"Crippling Poison","floor":31},{"not_picked":["Adrenaline","Corpse Explosion"],"picked":"Wraith Form v2","floor":33},{"not_picked":["Quick Slash","Dagger Throw","Prepared+1"],"picked":"Singing Bowl","floor":35},{"not_picked":["Slice","Endless Agony","Backstab+1"],"picked":"Singing Bowl","floor":40},{"not_picked":["Deadly Poison+1","Endless Agony"],"picked":"Envenom","floor":41},{"not_picked":["Endless Agony","Dagger Spray","Dodge and Roll"],"picked":"Singing Bowl","floor":42},{"not_picked":["Outmaneuver+1","Deadly Poison+1","Underhanded Strike"],"picked":"Singing Bowl","floor":44},{"not_picked":["Deflect+1","Blade Dance","Cloak And Dagger+1"],"picked":"Singing Bowl","floor":45},{"not_picked":["Grand Finale","Backflip","Flechettes+1"],"picked":"Singing Bowl","floor":48},{"not_picked":["Slice+1","Heel Hook+1","PiercingWail"],"picked":"Singing Bowl","floor":54}],"player_experience":750210,"relics_obtained":[{"floor":6,"key":"Centennial Puzzle"},{"floor":8,"key":"WingedGreaves"},{"floor":9,"key":"Meat on the Bone"},{"floor":11,"key":"Lantern"},{"floor":23,"key":"Singing Bowl"},{"floor":25,"key":"Gambling Chip"},{"floor":27,"key":"Omamori"},{"floor":28,"key":"Mummified Hand"},{"floor":39,"key":"MawBank"},{"floor":40,"key":"Gremlin Horn"},{"floor":41,"key":"Anchor"},{"floor":42,"key":"Pear"},{"floor":43,"key":"Bag of Preparation"},{"floor":44,"key":"The Specimen"},{"floor":45,"key":"Tough Bandages"},{"floor":54,"key":"Snake Skull"}],"event_choices":[{"cards_removed":["Strike_G"],"damage_healed":0,"gold_gain":0,"player_choice":"Card Removal","damage_taken":7,"max_hp_gain":0,"max_hp_loss":0,"event_name":"Golden Wing","floor":5,"gold_loss":0},{"damage_healed":0,"gold_gain":0,"player_choice":"Searched \u00271\u0027 times","damage_taken":0,"relics_obtained":["Mango"],"max_hp_gain":0,"max_hp_loss":0,"event_name":"Dead Adventurer","floor":14,"gold_loss":0},{"damage_healed":0,"gold_gain":0,"player_choice":"Became a Ghost","damage_taken":0,"max_hp_gain":0,"max_hp_loss":46,"event_name":"Ghosts","floor":21,"gold_loss":0,"cards_obtained":["Ghostly","Ghostly","Ghostly","Ghostly","Ghostly"]},{"damage_healed":0,"gold_gain":300,"player_choice":"Gold","damage_taken":0,"max_hp_gain":0,"max_hp_loss":0,"event_name":"Wheel of Change","floor":37,"gold_loss":0},{"damage_healed":0,"gold_gain":0,"player_choice":"Fight","damage_taken":0,"max_hp_gain":0,"max_hp_loss":0,"event_name":"Mysterious Sphere","floor":44,"gold_loss":0},{"damage_healed":0,"gold_gain":0,"player_choice":"Ignored","damage_taken":0,"max_hp_gain":0,"max_hp_loss":0,"event_name":"Tomb of Lord Red Mask","floor":46,"gold_loss":0}],"is_beta":false,"boss_relics":[{"not_picked":["Pandora\u0027s Box","Empty Cage"],"picked":"Philosopher\u0027s Stone"},{"not_picked":["Coffee Dripper","Eternal Feather"],"picked":"Snecko Eye"}],"items_purged_floors":[53],"is_endless":false,"potions_floor_spawned":[2,4,12,22,25,31,33,35,42,54],"ascension_level":7}