{"gold_per_floor":[111,111,131,141,156,156,156,156,156,186,213,213,6,22,22,126,126,143,68,0,0,0,64,64,91,138,123,142,161,138,138,138,138],"floor_reached":33,"playtime":1143,"items_purged":[],"score":301,"play_id":"206b176b-1bdd-4550-a4e3-1d992dd23857","local_time":"20190122215741","is_ascension_mode":true,"campfire_choices":[{"floor":6,"key":"RECALL"},{"floor":12,"key":"REST"},{"floor":15,"key":"REST"},{"floor":24,"key":"REST"},{"floor":32,"key":"REST"}],"neow_cost":"NONE","seed_source_timestamp":1203998440425039,"circlet_count":0,"master_deck":["Strike_R","Strike_R","Strike_R","Strike_R","Strike_R","Defend_R","Defend_R+1","Defend_R","Defend_R","Bash+1","Clothesline","Flex","Flex+1","Thunderclap","Iron Wave","Shrug It Off","Hemokinesis","Rupture","Iron Wave","Fiend Fire","Sword Boomerang","RitualDagger","Reaper","Spot Weakness+1","Heavy Blade+1","Perfected Strike","Shrug It Off","Fiend Fire"],"relics":["Burning Blood","Mango","Matryoshka","Black Star","Tiny Chest","Ice Cream","Smiling Mask","Bag of Preparation","Dream Catcher","Bronze Scales","Question Card"],"potions_floor_usage":[18,23,23,29,33],"damage_taken":[{"damage":8,"enemies":"Small Slimes","floor":1,"turns":4},{"damage":14,"enemies":"2 Louse","floor":3,"turns":3},{"damage":3,"enemies":"Jaw Worm","floor":4,"turns":3},{"damage":26,"enemies":"Large Slime","floor":5,"turns":6},{"damage":19,"enemies":"Gremlin Nob","floor":11,"turns":4},{"damage":5,"enemies":"3 Louse","floor":14,"turns":3},{"damage":39,"enemies":"Slime Boss","floor":16,"turns":10},{"damage":21,"enemies":"3 Byrds","floor":18,"turns":5},{"damage":54,"enemies":"Slavers","floor":23,"turns":7},{"damage":22,"enemies":"2 Thieves","floor":27,"turns":4},{"damage":16,"enemies":"Snake Plant","floor":28,"turns":4},{"damage":23,"enemies":"Centurion and Healer","floor":29,"turns":6},{"damage":68,"enemies":"Collector","floor":33,"turns":7}],"seed_played":"-545410613334239657","potions_obtained":[{"floor":1,"key":"LiquidBronze"},{"floor":11,"key":"EssenceOfSteel"},{"floor":14,"key":"Block Potion"},{"floor":18,"key":"GamblersBrew"},{"floor":27,"key":"Energy Potion"}],"is_trial":false,"path_per_floor":["M","?","M","M","M","R","?","?","T","?","E","R","$","M","R","B",null,"M","?","?","?","?","E","R","T","T","M","M","M","$","T","R","B"],"character_chosen":"IRONCLAD","items_purchased":["Shrug It Off","Hemokinesis","Rupture","Shrug It Off"],"campfire_rested":4,"item_purchase_floors":[13,13,13,30],"current_hp_per_floor":[86,68,60,63,43,43,57,57,57,57,44,74,74,75,102,69,102,87,87,87,81,60,12,44,44,44,36,26,17,17,17,49,0],"gold":138,"neow_bonus":"TEN_PERCENT_HP_BONUS","is_prod":false,"is_daily":false,"chose_seed":false,"campfire_upgraded":0,"win_rate":0,"timestamp":1548212261,"path_taken":["M","?","M","M","M","R","?","?","T","?","E","R","$","M","R","BOSS","M","?","?","?","?","E","R","?","T","?","M","M","?","?","R","BOSS"],"build_version":"2019-01-17v2","purchased_purges":0,"victory":false,"max_hp_per_floor":[88,88,88,88,88,88,102,102,102,102,102,102,102,102,102,102,102,102,102,102,102,107,107,107,107,107,107,107,107,107,107,107,107],"card_choices":[{"not_picked":["Anger","Thunderclap"],"picked":"Clothesline","floor":1},{"not_picked":["Warcry","Power Through"],"picked":"Flex","floor":3},{"not_picked":["True Grit","Shockwave"],"picked":"Flex","floor":4},{"not_picked":["Metallicize","Armaments"],"picked":"Thunderclap","floor":5},{"not_picked":["Sentinel","Flex"],"picked":"Iron Wave","floor":11},{"not_picked":["True Grit","Shrug It Off"],"picked":"Iron Wave","floor":14},{"not_picked":["Juggernaut","Offering"],"picked":"Fiend Fire","floor":16},{"not_picked":["Corruption","Iron Wave"],"picked":"Sword Boomerang","floor":18},{"not_picked":["Searing Blow","Havoc+1"],"picked":"Reaper","floor":23},{"not_picked":["Power Through","Flex+1"],"picked":"Spot Weakness+1","floor":27},{"not_picked":["Armaments","Iron Wave"],"picked":"Heavy Blade+1","floor":28},{"not_picked":["Dropkick","Metallicize"],"picked":"Perfected Strike","floor":29},{"not_picked":["Carnage","Heavy Blade","Anger"],"picked":"Fiend Fire","floor":32}],"player_experience":98258,"relics_obtained":[{"floor":11,"key":"Matryoshka"},{"floor":23,"key":"Tiny Chest"},{"floor":23,"key":"Ice Cream"},{"floor":25,"key":"Smiling Mask"},{"floor":25,"key":"Bag of Preparation"},{"floor":26,"key":"Dream Catcher"},{"floor":26,"key":"Bronze Scales"},{"floor":31,"key":"Question Card"}],"event_choices":[{"damage_healed":0,"gold_gain":0,"player_choice":"Entered Light","damage_taken":18,"max_hp_gain":0,"max_hp_loss":0,"event_name":"Shining Light","floor":2,"gold_loss":0,"cards_upgraded":["Defend_R","Bash"]},{"damage_healed":0,"gold_gain":0,"player_choice":"Box","damage_taken":0,"relics_obtained":["Mango"],"max_hp_gain":0,"max_hp_loss":0,"event_name":"Big Fish","floor":7,"gold_loss":0,"cards_obtained":["Regret"]},{"damage_healed":0,"gold_gain":0,"player_choice":"Grow","damage_taken":0,"max_hp_gain":0,"max_hp_loss":0,"event_name":"Living Wall","floor":8,"gold_loss":0,"cards_upgraded":["Flex"]},{"damage_healed":0,"gold_gain":30,"player_choice":"Searched \u00271\u0027 times","damage_taken":0,"max_hp_gain":0,"max_hp_loss":0,"event_name":"Dead Adventurer","floor":10,"gold_loss":0},{"cards_removed":["Regret"],"damage_healed":0,"gold_gain":0,"player_choice":"Gave Gold","damage_taken":0,"max_hp_gain":0,"max_hp_loss":0,"event_name":"Beggar","floor":19,"gold_loss":75},{"damage_healed":0,"gold_gain":0,"player_choice":"Paid Fearfully","damage_taken":0,"max_hp_gain":0,"max_hp_loss":0,"event_name":"Masked Bandits","floor":20,"gold_loss":68},{"damage_healed":0,"gold_gain":0,"player_choice":"Joined the Cult","damage_taken":6,"max_hp_gain":0,"max_hp_loss":0,"event_name":"Nest","floor":21,"gold_loss":0,"cards_obtained":["RitualDagger"]},{"damage_healed":0,"gold_gain":0,"player_choice":"Shed Blood","damage_taken":26,"max_hp_gain":5,"max_hp_loss":0,"event_name":"Forgotten Altar","floor":22,"gold_loss":0}],"is_beta":false,"boss_relics":[{"not_picked":["White Beast Statue","Astrolabe"],"picked":"Black Star"}],"items_purged_floors":[],"is_endless":false,"potions_floor_spawned":[1,11,14,16,18,27],"killed_by":"Collector","ascension_level":1}