{"gold_per_floor":[116,116,132,132,132,132,7,32,32,63,63,83,97,118,118,244,244,258,283,283,306,306],"floor_reached":22,"playtime":2398,"items_purged":[],"score":213,"play_id":"eb038daf-93cf-4ba8-99da-3731c5456af8","local_time":"20190305201702","is_ascension_mode":false,"campfire_choices":[{"floor":6,"key":"REST"},{"floor":11,"key":"REST"},{"floor":15,"key":"REST"}],"neow_cost":"NONE","seed_source_timestamp":98349713357872,"circlet_count":0,"master_deck":["Defend_G","Defend_G+1","Defend_G","Defend_G","Defend_G","Strike_G","Strike_G","Survivor+1","Neutralize","Finisher","Regret","Noxious Fumes","Quick Slash","Outmaneuver","Backflip","Deflect+1","Poisoned Stab","Poisoned Stab","Acrobatics","Riddle With Holes","Envenom","Predator+1","Dodge and Roll+1","Backstab+1","Eviscerate","After Image","Ghostly","Ghostly","Ghostly","Ghostly","Ghostly","Quick Slash"],"relics":["Ring of the Snake","Regal Pillow","Blood Vial","Golden Idol","Juzu Bracelet","War Paint","Astrolabe"],"potions_floor_usage":[],"damage_taken":[{"damage":0,"enemies":"2 Louse","floor":1,"turns":4},{"damage":5,"enemies":"Jaw Worm","floor":3,"turns":9},{"damage":9,"enemies":"Small Slimes","floor":8,"turns":7},{"damage":43,"enemies":"3 Sentries","floor":10,"turns":9},{"damage":5,"enemies":"Exordium Wildlife","floor":12,"turns":5},{"damage":12,"enemies":"Blue Slaver","floor":13,"turns":5},{"damage":11,"enemies":"3 Louse","floor":14,"turns":4},{"damage":47,"enemies":"The Guardian","floor":16,"turns":11},{"damage":11,"enemies":"Chosen","floor":18,"turns":4},{"damage":25,"enemies":"Spheric Guardian","floor":19,"turns":5},{"damage":25,"enemies":"3 Cultists","floor":21,"turns":6},{"damage":17,"enemies":"Chosen and Byrds","floor":22,"turns":4}],"seed_played":"4148321532354784599","potions_obtained":[{"floor":1,"key":"GamblersBrew"},{"floor":3,"key":"Dexterity Potion"},{"floor":10,"key":"Fruit Juice"},{"floor":14,"key":"Explosive Potion"},{"floor":19,"key":"PowerPotion"}],"is_trial":false,"path_per_floor":["?","?","?","M","?"],"character_chosen":"THE_SILENT","items_purchased":["Quick Slash","Outmaneuver","Backflip"],"campfire_rested":3,"item_purchase_floors":[7,7,7],"current_hp_per_floor":[70,70,65,53,36,70,70,61,61,20,56,53,43,34,70,23,70,59,36,35,10,0],"gold":306,"neow_bonus":"UPGRADE_CARD","is_prod":false,"is_daily":false,"chose_seed":false,"campfire_upgraded":0,"win_rate":0.0,"timestamp":1551813422,"path_taken":["M","?","M","?","?","R","$","?","T","E","R","M","M","M","R","BOSS","M","M","?","M","M"],"build_version":"2019-01-23","purchased_purges":0,"victory":false,"max_hp_per_floor":[70,70,70,70,70,70,70,70,70,70,70,70,70,70,70,70,70,70,70,35,35,35],"card_choices":[{"not_picked":["Blade Dance","Flying Knee"],"picked":"Finisher","floor":1},{"not_picked":["Blade Dance","Poisoned Stab"],"picked":"Noxious Fumes","floor":3},{"not_picked":["Quick Slash","Sucker Punch"],"picked":"Deflect","floor":8},{"not_picked":["Unload","Blade Dance"],"picked":"Poisoned Stab","floor":10},{"not_picked":["Calculated Gamble","Finisher"],"picked":"Poisoned Stab","floor":12},{"not_picked":["Quick Slash","Reflex"],"picked":"Acrobatics","floor":13},{"not_picked":["Reflex","Heel Hook"],"picked":"Riddle With Holes","floor":14},{"not_picked":["Night Terror","After Image"],"picked":"Envenom","floor":16},{"not_picked":["Acrobatics","Poisoned Stab"],"picked":"Eviscerate","floor":18},{"not_picked":["Dodge and Roll","Slice"],"picked":"After Image","floor":19},{"not_picked":["Heel Hook","Finisher"],"picked":"Quick Slash","floor":21}],"player_experience":38558,"relics_obtained":[{"floor":9,"key":"Juzu Bracelet"},{"floor":10,"key":"War Paint"}],"event_choices":[{"damage_healed":0,"gold_gain":0,"player_choice":"Box","damage_taken":0,"relics_obtained":["Regal Pillow"],"max_hp_gain":0,"max_hp_loss":0,"event_name":"Big Fish","floor":2,"gold_loss":0,"cards_obtained":["Regret"]},{"damage_healed":0,"gold_gain":0,"player_choice":"Success","damage_taken":12,"relics_obtained":["Blood Vial"],"max_hp_gain":0,"max_hp_loss":0,"event_name":"Scrap Ooze","floor":4,"gold_loss":0},{"damage_healed":0,"gold_gain":0,"player_choice":"Take Damage","damage_taken":17,"relics_obtained":["Golden Idol"],"max_hp_gain":0,"max_hp_loss":0,"event_name":"Golden Idol","floor":5,"gold_loss":0},{"damage_healed":0,"gold_gain":0,"player_choice":"Became a Ghost","damage_taken":0,"max_hp_gain":0,"max_hp_loss":35,"event_name":"Ghosts","floor":20,"gold_loss":0,"cards_obtained":["Ghostly","Ghostly","Ghostly","Ghostly","Ghostly"]}],"is_beta":false,"boss_relics":[{"not_picked":["Ring of the Serpent","Runic Dome"],"picked":"Astrolabe"}],"items_purged_floors":[],"is_endless":false,"potions_floor_spawned":[1,3,10,14,19],"killed_by":"Chosen and Byrds","ascension_level":0}