{"gold_per_floor":[116,131,146,12,12,44,44,44,44,57,76,25,40,50,50,154,154,167,186,285,285,299,299,314,314,341,355,62,78,78],"floor_reached":30,"playtime":1173,"items_purged":[],"score":378,"play_id":"71745c1e-43c2-4cc6-b022-fdb6df9f5b83","local_time":"20190218180452","is_ascension_mode":true,"campfire_choices":[{"data":"Zap","floor":7,"key":"SMITH"},{"data":"Hologram","floor":15,"key":"SMITH"},{"data":"Go for the Eyes","floor":23,"key":"SMITH"},{"floor":25,"key":"REST"}],"neow_cost":"NONE","seed_source_timestamp":1289455898342539,"circlet_count":0,"master_deck":["AscendersBane","Strike_B","Strike_B","Strike_B","Defend_B","Defend_B","Defend_B","Defend_B","Zap+1","Dualcast","FTL","Cold Snap","Gash","Gash","Sweeping Beam","BootSequence","Undo","Gash","Hologram+1","Go for the Eyes+1","Decay","Coolheaded+1","Auto Shields+1"],"relics":["Cracked Core","NeowsBlessing","Emotion Chip","Kunai","Philosopher\u0027s Stone","Art of War","Du-Vu Doll"],"potions_floor_usage":[29,30,30],"damage_taken":[{"damage":0,"enemies":"2 Louse","floor":1,"turns":1},{"damage":0,"enemies":"Jaw Worm","floor":2,"turns":1},{"damage":0,"enemies":"Cultist","floor":3,"turns":1},{"damage":35,"enemies":"Lagavulin","floor":6,"turns":6},{"damage":0,"enemies":"Exordium Wildlife","floor":10,"turns":2},{"damage":0,"enemies":"3 Louse","floor":11,"turns":2},{"damage":9,"enemies":"Lots of Slimes","floor":13,"turns":3},{"damage":0,"enemies":"Looter","floor":14,"turns":3},{"damage":17,"enemies":"The Guardian","floor":16,"turns":12},{"damage":4,"enemies":"3 Byrds","floor":18,"turns":5},{"damage":4,"enemies":"Chosen","floor":19,"turns":5},{"damage":29,"enemies":"Snake Plant","floor":22,"turns":6},{"damage":40,"enemies":"Snecko","floor":24,"turns":9},{"damage":9,"enemies":"Centurion and Healer","floor":27,"turns":7},{"damage":11,"enemies":"Snake Plant","floor":29,"turns":5},{"damage":11,"enemies":"Cultist and Chosen","floor":30,"turns":6}],"seed_played":"1176285690801215805","potions_obtained":[{"floor":1,"key":"Weak Potion"},{"floor":2,"key":"SpeedPotion"},{"floor":14,"key":"FocusPotion"},{"floor":29,"key":"Block Potion"}],"is_trial":false,"path_per_floor":["M","M","M","$","?","E","R","?","T","M","M","$","M","M","R","B",null,"M","M","?","?","M","R","M","R","T","M","$","M","M"],"character_chosen":"DEFECT","items_purchased":["Gash","Sweeping Beam","BootSequence","Hologram","Du-Vu Doll"],"campfire_rested":1,"item_purchase_floors":[4,4,4,12,28],"current_hp_per_floor":[68,68,68,68,68,33,33,85,85,85,85,85,76,76,76,59,79,75,71,71,71,42,42,2,27,27,18,18,7,0],"gold":78,"neow_bonus":"THREE_ENEMY_KILL","is_prod":false,"is_daily":false,"chose_seed":false,"campfire_upgraded":3,"win_rate":0,"timestamp":1550473492,"path_taken":["M","M","M","$","?","E","R","?","T","M","M","$","M","?","R","BOSS","M","M","?","?","?","R","M","R","T","M","$","M","M"],"build_version":"2019-01-23","purchased_purges":0,"victory":false,"max_hp_per_floor":[75,75,75,75,75,75,75,85,85,85,85,85,85,85,85,85,85,85,85,85,85,85,85,85,85,85,85,85,85,85],"card_choices":[{"not_picked":["Turbo","Rebound"],"picked":"FTL","floor":1},{"not_picked":["Static Discharge","Steam"],"picked":"Cold Snap","floor":2},{"not_picked":["Streamline","Redo"],"picked":"Gash","floor":3},{"not_picked":["Defragment","Hyperbeam"],"picked":"Undo","floor":6},{"not_picked":["Streamline","Static Discharge","Stack"],"picked":"SKIP","floor":10},{"not_picked":["White Noise","Hello World"],"picked":"Gash","floor":11},{"not_picked":["Turbo","Conserve Battery","Redo"],"picked":"SKIP","floor":13},{"not_picked":["Redo","Sunder"],"picked":"Go for the Eyes","floor":14},{"not_picked":["Consume","Ball Lightning","Cold Snap"],"picked":"SKIP","floor":18},{"not_picked":["Sweeping Beam","Ball Lightning","Darkness"],"picked":"SKIP","floor":19},{"not_picked":["Steam","Capacitor"],"picked":"Coolheaded+1","floor":22},{"not_picked":["Leap","Steam","Stack"],"picked":"SKIP","floor":24},{"not_picked":["Tempest","Streamline+1"],"picked":"Auto Shields+1","floor":27},{"not_picked":["Capacitor","Recycle","Buffer"],"picked":"SKIP","floor":29}],"player_experience":725364,"relics_obtained":[{"floor":6,"key":"Emotion Chip"},{"floor":9,"key":"Kunai"},{"floor":26,"key":"Art of War"}],"event_choices":[{"damage_healed":0,"gold_gain":0,"cards_transformed":["Strike_B"],"player_choice":"Change","damage_taken":0,"max_hp_gain":0,"max_hp_loss":0,"event_name":"Living Wall","floor":5,"gold_loss":0,"cards_obtained":["Meteor Strike"]},{"cards_removed":["Meteor Strike"],"damage_healed":42,"gold_gain":0,"player_choice":"Offered Rare","damage_taken":0,"max_hp_gain":10,"max_hp_loss":0,"event_name":"Bonfire Elementals","floor":8,"gold_loss":0},{"damage_healed":0,"gold_gain":99,"player_choice":"Stole From Cult","damage_taken":0,"max_hp_gain":0,"max_hp_loss":0,"event_name":"Nest","floor":20,"gold_loss":0},{"damage_healed":0,"gold_gain":0,"player_choice":"Cursed","damage_taken":0,"max_hp_gain":0,"max_hp_loss":0,"event_name":"Wheel of Change","floor":21,"gold_loss":0,"cards_obtained":["Decay"]}],"is_beta":false,"boss_relics":[{"not_picked":["Velvet Choker","White Beast Statue"],"picked":"Philosopher\u0027s Stone"}],"items_purged_floors":[],"is_endless":false,"potions_floor_spawned":[1,2,3,11,14,22,24,27,29],"killed_by":"Cultist and Chosen","ascension_level":12}