{"gold_per_floor":[110,110,110,122,2,33,45,86,98,28,49,2,20,20,20,124,124,141,141,22,32,32,32,32,32,32,32,52,52,66,17,17,119,169,183,283,302,88,108,108,108],"floor_reached":41,"playtime":1786,"items_purged":["Regret","Shame"],"score":533,"play_id":"8324410a-c774-471c-8acb-dbde888ea13e","local_time":"20190209233104","is_ascension_mode":true,"campfire_choices":[{"data":"Beam Cell","floor":7,"key":"SMITH"},{"floor":15,"key":"REST"},{"floor":23,"key":"REST"},{"data":"Discovery","floor":25,"key":"SMITH"},{"floor":27,"key":"REST"},{"data":"Fission","floor":29,"key":"SMITH"},{"floor":32,"key":"REST"},{"floor":40,"key":"REST"}],"neow_cost":"NONE","seed_source_timestamp":265056150117925,"circlet_count":0,"master_deck":["Strike_B","Strike_B","Strike_B","Strike_B","Defend_B+1","Defend_B","Defend_B","Defend_B","Zap","Dualcast","Sweeping Beam","Cold Snap","Conserve Battery","Beam Cell+1","Cold Snap","Discovery+1","Conserve Battery","Coolheaded","Ball Lightning","Fission+1","Tempest","Ball Lightning+1","Melter","Redo","Hyperbeam","Beam Cell+1","Electrodynamics","Capacitor","Aggregate","Chaos+1"],"relics":["Cracked Core","NeowsBlessing","Pear","MawBank","Boot","Darkstone Periapt","Odd Mushroom","Nuclear Battery","Sundial","Strawberry","MutagenicStrength","Art of War","Tiny House"],"potions_floor_usage":[28,30,30,30,33,33,37,41,41],"damage_taken":[{"damage":0,"enemies":"Small Slimes","floor":1,"turns":1},{"damage":0,"enemies":"Cultist","floor":4,"turns":1},{"damage":0,"enemies":"Lagavulin","floor":6,"turns":1},{"damage":25,"enemies":"3 Sentries","floor":8,"turns":7},{"damage":21,"enemies":"The Mushroom Lair","floor":11,"turns":4},{"damage":0,"enemies":"2 Louse","floor":13,"turns":3},{"damage":9,"enemies":"The Guardian","floor":16,"turns":13},{"damage":26,"enemies":"3 Byrds","floor":18,"turns":4},{"damage":27,"enemies":"2 Thieves","floor":21,"turns":4},{"damage":10,"enemies":"Centurion and Healer","floor":28,"turns":4},{"damage":0,"enemies":"Snake Plant","floor":30,"turns":1},{"damage":81,"enemies":"Collector","floor":33,"turns":11},{"damage":0,"enemies":"3 Shapes","floor":35,"turns":3},{"damage":38,"enemies":"3 Darklings","floor":37,"turns":6},{"damage":10,"enemies":"Sphere and 2 Shapes","floor":39,"turns":2},{"damage":101,"enemies":"Giant Head","floor":41,"turns":7}],"seed_played":"4520537803903388110","potions_obtained":[{"floor":1,"key":"SteroidPotion"},{"floor":3,"key":"EntropicBrew"},{"floor":3,"key":"FearPotion"},{"floor":4,"key":"Strength Potion"},{"floor":21,"key":"AttackPotion"},{"floor":34,"key":"SkillPotion"},{"floor":39,"key":"Block Potion"}],"is_trial":false,"path_per_floor":["M","?","?","M","$","E","R","E","T","$","?","$","M","?","R","B",null,"M","?","?","M","?","R","?","R","T","R","M","R","M","$","R","B",null,"M","?","M","$","M","R","E"],"character_chosen":"DEFECT","items_purchased":["Conserve Battery","Discovery","Coolheaded","Explosive Potion","Capacitor","Aggregate"],"campfire_rested":5,"item_purchase_floors":[5,10,12,31,38,38],"current_hp_per_floor":[75,85,85,85,85,85,85,60,60,60,39,39,39,39,64,55,85,59,43,43,16,29,59,59,59,59,89,79,79,79,79,103,22,108,108,108,70,70,60,92,0],"gold":108,"neow_bonus":"THREE_ENEMY_KILL","is_prod":false,"is_daily":false,"chose_seed":false,"campfire_upgraded":3,"win_rate":0,"timestamp":1549773064,"path_taken":["M","?","?","?","$","E","R","E","T","$","?","?","M","?","R","BOSS","M","?","?","?","?","R","?","R","T","R","M","R","M","$","R","BOSS","M","?","M","$","M","R","E"],"build_version":"2019-01-23","purchased_purges":2,"victory":false,"max_hp_per_floor":[75,85,85,85,85,85,85,85,85,85,85,85,85,85,85,85,85,85,90,90,90,103,103,103,103,103,103,103,103,103,103,103,103,108,108,108,108,108,108,108,108],"card_choices":[{"not_picked":["Darkness","Compile Driver"],"picked":"Sweeping Beam","floor":1},{"not_picked":["Capacitor","Turbo"],"picked":"Cold Snap","floor":4},{"not_picked":["Streamline","Meteor Strike"],"picked":"Beam Cell","floor":6},{"not_picked":["Hologram","Reprogram"],"picked":"Cold Snap","floor":8},{"not_picked":["Barrage","Hologram"],"picked":"Conserve Battery","floor":11},{"not_picked":["Cold Snap","Compile Driver"],"picked":"Ball Lightning","floor":13},{"not_picked":["Reboot","Buffer"],"picked":"Fission","floor":16},{"not_picked":["Compile Driver","Sweeping Beam+1"],"picked":"Tempest","floor":18},{"not_picked":["Conserve Battery+1","Coolheaded"],"picked":"Ball Lightning+1","floor":21},{"not_picked":["Conserve Battery","Leap"],"picked":"Melter","floor":28},{"not_picked":["Conserve Battery+1","Fusion"],"picked":"Redo","floor":30},{"not_picked":["Echo Form","Amplify"],"picked":"Hyperbeam","floor":33},{"not_picked":["Gash","Reinforced Body"],"picked":"Beam Cell+1","floor":34},{"not_picked":["Force Field","Cold Snap","Turbo+1"],"picked":"SKIP","floor":35},{"not_picked":["Compile Driver+1","Steam"],"picked":"Electrodynamics","floor":37},{"not_picked":["Ball Lightning","Redo"],"picked":"Chaos+1","floor":39}],"player_experience":172378,"relics_obtained":[{"floor":6,"key":"MawBank"},{"floor":8,"key":"Boot"},{"floor":9,"key":"Darkstone Periapt"},{"floor":11,"key":"Odd Mushroom"},{"floor":26,"key":"Art of War"}],"event_choices":[{"damage_healed":0,"gold_gain":0,"player_choice":"Box","damage_taken":0,"relics_obtained":["Pear"],"max_hp_gain":0,"max_hp_loss":0,"event_name":"Big Fish","floor":2,"gold_loss":0,"cards_obtained":["Regret"]},{"damage_healed":0,"gold_gain":0,"player_choice":"Got Potions","damage_taken":0,"max_hp_gain":0,"max_hp_loss":0,"event_name":"Lab","floor":3,"gold_loss":0},{"damage_healed":0,"gold_gain":0,"player_choice":"Fought Mushrooms","damage_taken":0,"max_hp_gain":0,"max_hp_loss":0,"event_name":"Mushrooms","floor":11,"gold_loss":0},{"damage_healed":0,"gold_gain":0,"player_choice":"Ignored","damage_taken":0,"max_hp_gain":0,"max_hp_loss":0,"event_name":"Shining Light","floor":14,"gold_loss":0},{"damage_healed":0,"gold_gain":0,"player_choice":"Shed Blood","damage_taken":21,"max_hp_gain":5,"max_hp_loss":0,"event_name":"Forgotten Altar","floor":19,"gold_loss":0},{"damage_healed":0,"gold_gain":0,"player_choice":"Paid Gold","damage_taken":0,"relics_obtained":["Sundial"],"max_hp_gain":0,"max_hp_loss":0,"event_name":"WeMeetAgain","floor":20,"gold_loss":119},{"damage_healed":0,"gold_gain":0,"player_choice":"Stole Relic","damage_taken":0,"relics_obtained":["Strawberry"],"max_hp_gain":0,"max_hp_loss":0,"event_name":"Addict","floor":22,"gold_loss":0,"cards_obtained":["Shame"]},{"damage_healed":0,"gold_gain":0,"player_choice":"Inject Mutagens","damage_taken":0,"relics_obtained":["MutagenicStrength"],"max_hp_gain":0,"max_hp_loss":0,"event_name":"Drug Dealer","floor":24,"gold_loss":0},{"damage_healed":0,"gold_gain":100,"player_choice":"Pray","damage_taken":0,"max_hp_gain":0,"max_hp_loss":0,"event_name":"Golden Shrine","floor":36,"gold_loss":0}],"is_beta":false,"boss_relics":[{"not_picked":["Lizard Tail","Eternal Feather"],"picked":"Nuclear Battery"},{"not_picked":["Snecko Eye","Runic Pyramid"],"picked":"Tiny House"}],"items_purged_floors":[5,38],"is_endless":false,"potions_floor_spawned":[1,4,8,21,39],"killed_by":"Giant Head","ascension_level":3}