{"gold_per_floor":[117,117,67,167,12,12,24,36,61,77,77,96,96,148,148,148],"floor_reached":16,"playtime":348,"items_purged":["Strike_G"],"score":90,"play_id":"2384bc4e-397f-4045-9b72-1da3620f76d2","local_time":"20180624005741","is_ascension_mode":false,"campfire_choices":[{"data":"Cloak And Dagger","floor":6,"key":"SMITH"},{"data":"Cloak And Dagger","floor":11,"key":"SMITH"},{"data":"Cloak And Dagger","floor":13,"key":"SMITH"},{"data":"Finisher","floor":15,"key":"SMITH"}],"neow_cost":"","seed_source_timestamp":513868714611387,"circlet_count":0,"master_deck":["Defend_G","Defend_G","Defend_G","Defend_G","Defend_G","Strike_G","Strike_G","Strike_G","Survivor","Neutralize+1","Finisher+1","Cloak And Dagger+1","PiercingWail","Cloak And Dagger+1","Choke","Backflip","Cloak And Dagger+1"],"special_seed":118308728274441,"relics":["Ring of the Snake","Dream Catcher"],"potions_floor_usage":[16],"damage_taken":[{"damage":0,"enemies":"Jaw Worm","floor":1,"turns":4},{"damage":0,"enemies":"2 Louse","floor":7,"turns":2},{"damage":0,"enemies":"Small Slimes","floor":8,"turns":4},{"damage":0,"enemies":"2 Fungi Beasts","floor":10,"turns":3},{"damage":0,"enemies":"Blue Slaver","floor":12,"turns":2},{"damage":5,"enemies":"Slime Boss","floor":16,"turns":6}],"seed_played":"-152127420940981164","potions_obtained":[{"floor":1,"key":"SkillPotion"},{"floor":7,"key":"Regen Potion"},{"floor":12,"key":"Regen Potion"}],"is_trial":true,"path_per_floor":["M","?","?","?","$","R","M","M","T","M","R","M","R","?","R"],"character_chosen":"THE_SILENT","items_purchased":["Cloak And Dagger","PiercingWail"],"campfire_rested":0,"item_purchase_floors":[5,5],"current_hp_per_floor":[1,1,1,1,1,1,1,1,1,1,1,1,1,1,1,0],"gold":148,"neow_bonus":"","is_prod":false,"is_daily":false,"chose_seed":true,"campfire_upgraded":4,"win_rate":0,"timestamp":1529769461,"path_taken":["M","?","?","?","$","R","M","M","T","M","R","M","R","?","R","BOSS"],"build_version":"2018-06-21v2","purchased_purges":1,"victory":false,"max_hp_per_floor":[1,1,1,1,1,1,1,1,1,1,1,1,1,1,1,1],"card_choices":[{"not_picked":["Deflect","Infinite Blades"],"picked":"Finisher","floor":1},{"not_picked":["Endless Agony","Outmaneuver"],"picked":"Cloak And Dagger","floor":7},{"not_picked":["Flechettes","Noxious Fumes"],"picked":"Choke","floor":8},{"not_picked":["Underhanded Strike","Distraction"],"picked":"Backflip","floor":10},{"not_picked":["Outmaneuver","Acrobatics"],"picked":"Cloak And Dagger","floor":12}],"player_experience":528135,"relics_obtained":[{"floor":9,"key":"Dream Catcher"}],"event_choices":[{"event_name":"Living Wall","player_choice":"Grow","floor":2,"damage_taken":0},{"event_name":"The Cleric","player_choice":"Card Removal","floor":3,"damage_taken":0},{"event_name":"Golden Shrine","player_choice":"Pray","floor":4,"damage_taken":0},{"event_name":"Golden Wing","player_choice":"Gained Gold","floor":14,"damage_taken":0}],"boss_relics":[],"items_purged_floors":[5],"is_endless":false,"potions_floor_spawned":[1,7,12],"killed_by":"Slime Boss","ascension_level":0}