{"gold_per_floor":[114,114,132,143,158,83,156,213,239,74,94,94],"floor_reached":12,"playtime":556,"items_purged":["Normality"],"score":80,"play_id":"5ebe5c31-3c57-4008-94e1-a44930365cf6","local_time":"20190307050328","is_ascension_mode":false,"campfire_choices":[],"neow_cost":"NONE","seed_source_timestamp":37951114910255,"circlet_count":0,"master_deck":["Strike_R","Strike_R","Strike_R","Strike_R+1","Strike_R","Defend_R+1","Defend_R+1","Defend_R","Defend_R","Bash","Clumsy","Regret","Heavy Blade","Warcry","Shrug It Off","Bash","Dropkick+1","Sever Soul","True Grit","Flame Barrier","Heavy Blade","Metallicize","Warcry","Limit Break","Chrysalis","Carnage","Carnage"],"relics":["Calling Bell","War Paint","Meat on the Bone","Prayer Wheel","Tiny Chest","Whetstone"],"potions_floor_usage":[8,12],"damage_taken":[{"damage":5,"enemies":"Jaw Worm","floor":1,"turns":3},{"damage":9,"enemies":"Cultist","floor":3,"turns":3},{"damage":15,"enemies":"2 Louse","floor":4,"turns":2},{"damage":19,"enemies":"Large Slime","floor":5,"turns":8},{"damage":24,"enemies":"3 Sentries","floor":8,"turns":10},{"damage":28,"enemies":"Exordium Thugs","floor":11,"turns":7},{"damage":16,"enemies":"Exordium Wildlife","floor":12,"turns":2}],"seed_played":"-4690103436956334960","potions_obtained":[{"floor":1,"key":"SteroidPotion"},{"floor":5,"key":"SkillPotion"},{"floor":8,"key":"Energy Potion"}],"is_trial":false,"path_per_floor":["M","?","M","M","M","$","?","E","T","$","M","M"],"character_chosen":"IRONCLAD","items_purchased":["Chrysalis"],"campfire_rested":0,"item_purchase_floors":[10],"current_hp_per_floor":[75,75,66,51,44,44,44,32,32,32,16,0],"gold":94,"neow_bonus":"BOSS_RELIC","is_prod":false,"is_daily":false,"chose_seed":false,"campfire_upgraded":0,"win_rate":0,"timestamp":1551902608,"path_taken":["M","?","M","M","?","?","?","E","T","$","M","M"],"build_version":"2019-01-23","purchased_purges":1,"victory":false,"max_hp_per_floor":[80,80,80,80,80,80,80,80,80,80,80,80],"card_choices":[{"not_picked":["Fire Breathing","Sword Boomerang"],"picked":"Heavy Blade","floor":1},{"not_picked":["Evolve","Wild Strike"],"picked":"Warcry","floor":1},{"not_picked":["Clothesline","True Grit"],"picked":"Sever Soul","floor":3},{"not_picked":["Anger","Perfected Strike"],"picked":"True Grit","floor":3},{"not_picked":["Twin Strike","Exhume"],"picked":"Flame Barrier","floor":4},{"not_picked":["Thunderclap","Headbutt"],"picked":"Heavy Blade","floor":4},{"not_picked":["Rupture","Clash"],"picked":"Metallicize","floor":5},{"not_picked":["Ghostly Armor","Clothesline"],"picked":"Warcry","floor":5},{"not_picked":["Armaments","Infernal Blade"],"picked":"Limit Break","floor":8},{"not_picked":["Clash","Feel No Pain"],"picked":"Carnage","floor":11},{"not_picked":["Flame Barrier","Twin Strike"],"picked":"Carnage","floor":11}],"player_experience":157505,"relics_obtained":[{"floor":0,"key":"War Paint"},{"floor":0,"key":"Meat on the Bone"},{"floor":0,"key":"Prayer Wheel"},{"floor":8,"key":"Tiny Chest"},{"floor":9,"key":"Whetstone"}],"event_choices":[{"damage_healed":0,"gold_gain":0,"player_choice":"3 cards matched","damage_taken":0,"max_hp_gain":0,"max_hp_loss":0,"event_name":"Match and Keep!","floor":2,"gold_loss":0,"cards_obtained":["Shrug It Off","Bash","Dropkick"]},{"damage_healed":0,"gold_gain":73,"player_choice":"Gained Gold","damage_taken":0,"max_hp_gain":0,"max_hp_loss":0,"event_name":"Golden Wing","floor":7,"gold_loss":0}],"is_beta":false,"boss_relics":[],"items_purged_floors":[6],"is_endless":false,"potions_floor_spawned":[1,5,8],"killed_by":"Exordium Wildlife","ascension_level":0}