{"path_per_floor":["M","M","?","M","?","E","M","M","T","M","R","E","M","E","R","B",null,"M","M","$","M","M"],"character_chosen":"DEFECT","items_purchased":["War Paint","Capacitor","Turbo"],"gold_per_floor":[109,124,124,139,139,164,177,188,211,226,226,256,273,335,335,438,438,450,465,141,154,164,164],"floor_reached":23,"campfire_rested":1,"playtime":1504,"item_purchase_floors":[20,20,20],"current_hp_per_floor":[75,74,59,59,59,49,49,41,41,40,40,32,32,15,37,4,57,57,51,51,24,8,0],"items_purged":["Redo"],"gold":164,"score":271,"play_id":"4ac126c8-41ef-431b-a915-b7cbd441bcd7","local_time":"20180523214252","is_prod":false,"is_daily":false,"chose_seed":false,"is_ascension_mode":true,"campfire_upgraded":1,"win_rate":0.16666667,"timestamp":1527079372,"campfire_choices":[{"data":"Streamline","floor":11,"key":"SMITH"},{"floor":15,"key":"REST"}],"path_taken":["M","M","?","M","?","E","M","M","T","M","R","E","M","E","R","BOSS","M","?","?","M","M","E"],"build_version":"2018-05-22","seed_source_timestamp":570536776558860,"purchased_purges":1,"victory":false,"master_deck":["Zap+1","Dualcast+1","Conserve Battery","Streamline+1","Beam Cell","Auto Shields+1","Go for the Eyes","Cold Snap","Barrage","Steam","Electrodynamics","Go for the Eyes","Cold Snap","Hologram","Steam","Rebound","Hello World+1","Loop+1","Capacitor","Turbo","Chill"],"max_hp_per_floor":[75,75,75,75,75,75,75,75,75,75,75,75,75,75,75,75,75,75,75,75,75,75,75],"relics":["Cracked Core","Pen Nib","Boot","Lantern","Tiny Chest","Pandora\u0027s Box","War Paint"],"card_choices":[{"not_picked":["Chill","Melter"],"picked":"Conserve Battery","floor":1},{"not_picked":["Leap","Capacitor"],"picked":"Streamline","floor":2},{"not_picked":["Steam","Leap"],"picked":"Beam Cell","floor":4},{"not_picked":["Capacitor","Storm"],"picked":"Auto Shields","floor":6},{"not_picked":["Streamline","Leap","Conserve Battery"],"picked":"SKIP","floor":7},{"not_picked":["Redo","Aggregate","White Noise"],"picked":"SKIP","floor":8},{"not_picked":["Consume","Axe Kick"],"picked":"Go for the Eyes","floor":10},{"not_picked":["Redo","White Noise"],"picked":"Cold Snap","floor":12},{"not_picked":["Streamline","Biased Cognition"],"picked":"Barrage","floor":13},{"not_picked":["Stack","Leap"],"picked":"Steam","floor":14},{"not_picked":["Fission","Meteor Strike"],"picked":"Electrodynamics","floor":16},{"not_picked":["Coolheaded","Self Repair"],"picked":"Hello World+1","floor":18},{"not_picked":["Coolheaded","Sweeping Beam+1"],"picked":"Loop+1","floor":19},{"not_picked":["Barrage+1","Cold Snap"],"picked":"Chill","floor":21},{"not_picked":["Beam Cell+1","Axe Kick","Sweeping Beam+1"],"picked":"SKIP","floor":22}],"player_experience":510258,"potions_floor_usage":[23,23,23],"damage_taken":[{"damage":0,"enemies":"2 Louse","floor":1,"turns":2},{"damage":1,"enemies":"Jaw Worm","floor":2,"turns":5},{"damage":0,"enemies":"Small Slimes","floor":4,"turns":2},{"damage":10,"enemies":"3 Sentries","floor":6,"turns":7},{"damage":0,"enemies":"Blue Slaver","floor":7,"turns":4},{"damage":8,"enemies":"Lots of Slimes","floor":8,"turns":4},{"damage":1,"enemies":"2 Fungi Beasts","floor":10,"turns":2},{"damage":8,"enemies":"Lagavulin","floor":12,"turns":6},{"damage":0,"enemies":"Gremlin Gang","floor":13,"turns":4},{"damage":17,"enemies":"3 Sentries","floor":14,"turns":8},{"damage":33,"enemies":"The Guardian","floor":16,"turns":10},{"damage":0,"enemies":"Chosen","floor":18,"turns":3},{"damage":6,"enemies":"Spheric Guardian","floor":19,"turns":4},{"damage":27,"enemies":"Chosen and Byrds","floor":21,"turns":5},{"damage":16,"enemies":"Sentry and Sphere","floor":22,"turns":4},{"damage":19,"enemies":"Slavers","floor":23,"turns":1}],"relics_obtained":[{"floor":6,"key":"Pen Nib"},{"floor":9,"key":"Boot"},{"floor":12,"key":"Lantern"},{"floor":14,"key":"Tiny Chest"}],"event_choices":[{"event_name":"Shining Light","player_choice":"Entered Light","floor":3,"damage_taken":0},{"event_name":"Purifier","player_choice":"One Purge","floor":5,"damage_taken":0}],"boss_relics":[{"not_picked":["Velvet Choker","Runic Pyramid"],"picked":"Pandora\u0027s Box"}],"items_purged_floors":[20],"potions_floor_spawned":[1,2,6,13,14,19],"seed_played":"200680764240540126","killed_by":"Slavers","ascension_level":5,"potions_obtained":[{"floor":1,"key":"Dexterity Potion"},{"floor":2,"key":"Energy Potion"},{"floor":6,"key":"SteroidPotion"},{"floor":13,"key":"Swift Potion"},{"floor":19,"key":"EssenceOfSteel"}],"is_trial":false}