{"gold_per_floor":[214,41,41,51,51,86,86,102,102,133,145,320,320,300,300,403,403,423,150,162,162,262,262,288,307,361,390,18,18,38,50,50,146,146,159,159,9,22,22,22,37,70,149,249,249,53,64,91,91,91],"floor_reached":50,"playtime":2842,"items_purged":["Strike_B","Doubt","Strike_B","Strike_B"],"score":880,"play_id":"935110f8-ef5c-4abf-8a67-ae1457416454","local_time":"20181117023136","is_ascension_mode":true,"campfire_choices":[{"floor":13,"key":"REST"},{"data":"Zap","floor":15,"key":"SMITH"},{"data":"Discovery","floor":23,"key":"SMITH"},{"floor":29,"key":"REST"},{"floor":32,"key":"REST"},{"data":"Seek","floor":40,"key":"SMITH"},{"data":"Strike_B","floor":45,"key":"PURGE"},{"floor":49,"key":"RECALL"}],"neow_cost":"NONE","seed_source_timestamp":49340786189210,"circlet_count":0,"master_deck":["Defend_B","Defend_B","Defend_B","Zap+1","Dualcast","Ball Lightning","Discovery+1","FTL","Gash","BootSequence","Gash","Seek+1","All For One","Gash","Gash","Self Repair","Cold Snap","Stack+1","J.A.X.","Coolheaded+1","Go for the Eyes","Core Surge","Good Instincts","Electrodynamics","Rebound+1","Gash","All For One","BootSequence","Madness","Madness","Tempest+1","Consume+1","Gash","White Noise+1","Rebound+1","Hologram"],"relics":["Cracked Core","Cables","Lantern","Bottled Lightning","DataDisk","Sozu","Matryoshka","Anchor","Bag of Marbles","Bronze Scales","Inserter","Symbiotic Virus","Dodecahedron","Meat on the Bone","Peace Pipe","Lee\u0027s Waffle","Regal Pillow"],"potions_floor_usage":[42,42],"damage_taken":[{"damage":0,"enemies":"Small Slimes","floor":1,"turns":2},{"damage":0,"enemies":"Cultist","floor":4,"turns":2},{"damage":26,"enemies":"Lagavulin","floor":6,"turns":5},{"damage":7,"enemies":"Jaw Worm","floor":8,"turns":2},{"damage":10,"enemies":"3 Sentries","floor":10,"turns":5},{"damage":4,"enemies":"Red Slaver","floor":11,"turns":2},{"damage":0,"enemies":"Slime Boss","floor":16,"turns":7},{"damage":2,"enemies":"3 Byrds","floor":18,"turns":4},{"damage":6,"enemies":"Spheric Guardian","floor":20,"turns":3},{"damage":28,"enemies":"Slavers","floor":24,"turns":6},{"damage":13,"enemies":"Centurion and Healer","floor":25,"turns":4},{"damage":10,"enemies":"Book of Stabbing","floor":27,"turns":3},{"damage":34,"enemies":"Snecko","floor":30,"turns":5},{"damage":10,"enemies":"Snake Plant","floor":31,"turns":2},{"damage":7,"enemies":"Collector","floor":33,"turns":7},{"damage":4,"enemies":"3 Darklings","floor":35,"turns":3},{"damage":0,"enemies":"Orb Walker","floor":38,"turns":3},{"damage":0,"enemies":"4 Shapes","floor":41,"turns":2},{"damage":57,"enemies":"Nemesis","floor":42,"turns":7},{"damage":0,"enemies":"Mind Bloom Boss Battle","floor":44,"turns":4},{"damage":26,"enemies":"3 Darklings","floor":47,"turns":3},{"damage":43,"enemies":"Reptomancer","floor":48,"turns":5},{"damage":34,"enemies":"Time Eater","floor":50,"turns":2}],"seed_played":"4473717269110060353","potions_obtained":[{"floor":1,"key":"GamblersBrew"},{"floor":6,"key":"PowerPotion"},{"floor":8,"key":"FearPotion"},{"floor":14,"key":"Regen Potion"}],"is_trial":false,"path_per_floor":["M","$","?","M","$","E","$","M","T","E","M","?","R","?","R","B",null,"M","$","M","?","?","R","E","M","T","E","$","R","M","M","R","B",null,"M","?","$","M","?","R","M","E","T","?","R","$","M","E","R","B"],"character_chosen":"DEFECT","items_purchased":["Discovery","Gash","Self Repair","Cold Snap","Good Instincts","Electrodynamics","Lee\u0027s Waffle"],"campfire_rested":3,"item_purchase_floors":[2,19,19,19,28,28,46],"current_hp_per_floor":[68,68,68,68,68,42,42,35,35,25,21,21,43,43,43,43,67,65,65,66,66,66,66,45,39,39,36,36,58,31,21,43,43,67,63,54,54,61,61,61,61,9,9,28,28,82,56,32,32,0],"gold":91,"neow_bonus":"HUNDRED_GOLD","is_prod":false,"is_daily":false,"chose_seed":false,"campfire_upgraded":3,"win_rate":0,"timestamp":1542418296,"path_taken":["M","$","?","?","?","E","$","M","T","E","?","?","R","?","R","BOSS","M","$","?","?","?","R","E","M","T","E","$","R","?","M","R","BOSS","M","?","$","M","?","R","M","E","T","?","R","$","M","E","R","BOSS"],"build_version":"2018-11-15","purchased_purges":4,"victory":false,"max_hp_per_floor":[75,75,75,75,75,75,75,75,75,75,75,75,75,75,75,75,75,75,75,75,75,75,75,75,75,75,75,75,75,75,75,75,75,75,75,75,75,75,75,75,75,75,75,75,75,82,82,82,82,82],"card_choices":[{"not_picked":["Streamline","Rip and Tear"],"picked":"Ball Lightning","floor":1},{"not_picked":["Leap","Fusion"],"picked":"FTL","floor":4},{"not_picked":["Stack","Beam Cell"],"picked":"Gash","floor":6},{"not_picked":["Steam","Ball Lightning"],"picked":"BootSequence","floor":8},{"not_picked":["FTL","BootSequence"],"picked":"Gash","floor":10},{"not_picked":["Go for the Eyes","Coolheaded"],"picked":"Seek","floor":11},{"not_picked":["Biased Cognition","Machine Learning"],"picked":"All For One","floor":16},{"not_picked":["Sweeping Beam","Loop"],"picked":"Gash","floor":18},{"not_picked":["Consume","Sunder"],"picked":"Stack+1","floor":20},{"not_picked":["Leap","Steam"],"picked":"Coolheaded+1","floor":24},{"not_picked":["Rainbow","Rebound"],"picked":"Go for the Eyes","floor":25},{"not_picked":["Storm","Conserve Battery"],"picked":"Core Surge","floor":27},{"not_picked":["Lockon","Self Repair"],"picked":"Rebound+1","floor":30},{"not_picked":["Steam+1","Cold Snap+1"],"picked":"Gash","floor":31},{"not_picked":["Amplify","Reboot"],"picked":"All For One","floor":33},{"not_picked":["Fusion","Barrage"],"picked":"BootSequence","floor":35},{"not_picked":["Sweeping Beam","Conserve Battery+1"],"picked":"Tempest+1","floor":38},{"not_picked":["Go for the Eyes","Barrage"],"picked":"Consume+1","floor":41},{"not_picked":["Lockon","Force Field+1"],"picked":"Gash","floor":42},{"not_picked":["Conserve Battery","Storm"],"picked":"White Noise+1","floor":44},{"not_picked":["Ball Lightning+1","Cold Snap+1"],"picked":"Rebound+1","floor":47},{"not_picked":["Creative AI","Rebound"],"picked":"Hologram","floor":48}],"player_experience":412988,"relics_obtained":[{"floor":6,"key":"Lantern"},{"floor":9,"key":"Bottled Lightning"},{"floor":10,"key":"DataDisk"},{"floor":24,"key":"Matryoshka"},{"floor":26,"key":"Anchor"},{"floor":26,"key":"Bag of Marbles"},{"floor":27,"key":"Bronze Scales"},{"floor":42,"key":"Symbiotic Virus"},{"floor":43,"key":"Dodecahedron"},{"floor":43,"key":"Meat on the Bone"},{"floor":44,"key":"Peace Pipe"},{"floor":48,"key":"Regal Pillow"}],"event_choices":[{"damage_healed":0,"gold_gain":0,"player_choice":"Gave Potion","damage_taken":0,"relics_obtained":["Cables"],"max_hp_gain":0,"max_hp_loss":0,"event_name":"WeMeetAgain","floor":3,"gold_loss":0},{"damage_healed":0,"gold_gain":175,"player_choice":"AGREE","damage_taken":0,"max_hp_gain":0,"max_hp_loss":0,"event_name":"Liars Game","floor":12,"gold_loss":0,"cards_obtained":["Doubt"]},{"damage_healed":0,"gold_gain":0,"player_choice":"Bought 1 Potion","damage_taken":0,"max_hp_gain":0,"max_hp_loss":0,"event_name":"The Woman in Blue","floor":14,"gold_loss":0},{"damage_healed":0,"gold_gain":0,"player_choice":"Obtain J.A.X.","damage_taken":0,"max_hp_gain":0,"max_hp_loss":0,"event_name":"Drug Dealer","floor":21,"gold_loss":0,"cards_obtained":["J.A.X."]},{"damage_healed":0,"gold_gain":100,"player_choice":"Pray","damage_taken":0,"max_hp_gain":0,"max_hp_loss":0,"event_name":"Golden Shrine","floor":22,"gold_loss":0},{"damage_healed":0,"gold_gain":0,"player_choice":"Embrace Madness","damage_taken":9,"max_hp_gain":0,"max_hp_loss":0,"event_name":"Winding Halls","floor":36,"gold_loss":0,"cards_obtained":["Madness","Madness"]},{"cards_removed":["Defend_B"],"damage_healed":0,"gold_gain":0,"player_choice":"Removed Skill","damage_taken":0,"max_hp_gain":0,"max_hp_loss":0,"event_name":"Falling","floor":39,"gold_loss":0},{"damage_healed":0,"gold_gain":0,"player_choice":"Fight","damage_taken":0,"max_hp_gain":0,"max_hp_loss":0,"event_name":"MindBloom","floor":44,"gold_loss":0}],"is_beta":true,"boss_relics":[{"not_picked":["Busted Crown","Lizard Tail"],"picked":"Sozu"},{"not_picked":["Coffee Dripper","Fusion Hammer"],"picked":"Inserter"}],"items_purged_floors":[2,19,28,37],"is_endless":false,"potions_floor_spawned":[1,6,8,24,25,30,33,38,44,47,48],"killed_by":"Time Eater","ascension_level":7}