{"gold_per_floor":[109,109,109,109,109,109,128,77,123,17,30,44,60,70,70,165,165,184,203,44,44],"floor_reached":21,"playtime":645,"items_purged":[],"score":196,"play_id":"15ba53fb-7419-4b09-a4d6-342b3994a348","local_time":"20180912025102","is_ascension_mode":false,"campfire_choices":[{"data":"Twin Strike","floor":6,"key":"SMITH"},{"data":"Sword Boomerang","floor":15,"key":"SMITH"}],"neow_cost":"","seed_source_timestamp":451090152899962,"circlet_count":0,"master_deck":["Strike_R","Strike_R","Strike_R","Strike_R","Strike_R","Defend_R","Defend_R","Defend_R","Bash","Twin Strike+1","Trip","Bludgeon","Sword Boomerang+1","Blind","Twin Strike","Pommel Strike","Pommel Strike","Pommel Strike","Twin Strike","Perfected Strike","Pommel Strike","Pommel Strike+1","Offering"],"relics":["Burning Blood","Bronze Scales","Orrery"],"potions_floor_usage":[16,16,16,21],"damage_taken":[{"damage":0,"enemies":"2 Louse","floor":1,"turns":3},{"damage":1,"enemies":"Cultist","floor":7,"turns":3},{"damage":0,"enemies":"Small Slimes","floor":11,"turns":3},{"damage":16,"enemies":"Exordium Thugs","floor":12,"turns":3},{"damage":11,"enemies":"3 Louse","floor":13,"turns":2},{"damage":11,"enemies":"Red Slaver","floor":14,"turns":3},{"damage":39,"enemies":"Hexaghost","floor":16,"turns":8},{"damage":22,"enemies":"2 Thieves","floor":18,"turns":3},{"damage":10,"enemies":"Spheric Guardian","floor":19,"turns":3},{"damage":39,"enemies":"Shelled Parasite and Fungi","floor":21,"turns":4}],"seed_played":"-5026393553843539075","potions_obtained":[{"floor":1,"key":"PowerPotion"},{"floor":12,"key":"Explosive Potion"},{"floor":13,"key":"Swift Potion"},{"floor":18,"key":"EssenceOfSteel"},{"floor":19,"key":"SteroidPotion"}],"is_trial":false,"path_per_floor":["M","?","?","$","?","R","M","$","T","$","M","M","M","M","R","B",null,"M","M","$"],"character_chosen":"IRONCLAD","items_purchased":["Sword Boomerang","Blind","Offering"],"campfire_rested":0,"item_purchase_floors":[8,10,20],"current_hp_per_floor":[80,80,80,80,80,80,80,80,80,80,80,70,65,60,60,27,80,64,60,60,21],"gold":44,"neow_bonus":"","is_prod":false,"is_daily":false,"chose_seed":false,"campfire_upgraded":2,"win_rate":0,"timestamp":1536735062,"path_taken":["M","?","?","$","?","R","M","$","T","?","M","M","M","M","R","BOSS","M","M","$","M"],"build_version":"2018-09-06","purchased_purges":0,"victory":false,"max_hp_per_floor":[80,80,80,80,80,80,80,80,80,80,80,80,80,80,80,80,80,80,80,80,80],"card_choices":[{"not_picked":["Wild Strike","Dropkick"],"picked":"Twin Strike","floor":1},{"not_picked":["Combust","Heavy Blade","Anger"],"picked":"SKIP","floor":7},{"not_picked":["Rupture","Feel No Pain","Metallicize"],"picked":"SKIP","floor":11},{"not_picked":["Rage","Clothesline"],"picked":"Twin Strike","floor":12},{"not_picked":["Rage","Intimidate","Entrench"],"picked":"SKIP","floor":13},{"not_picked":["Sever Soul","Thunderclap"],"picked":"Pommel Strike","floor":14},{"not_picked":["Heavy Blade","Carnage"],"picked":"Pommel Strike","floor":17},{"not_picked":["Corruption","Body Slam"],"picked":"Pommel Strike","floor":17},{"not_picked":["Heavy Blade","Rage"],"picked":"Twin Strike","floor":17},{"not_picked":["Whirlwind","Rampage"],"picked":"Perfected Strike","floor":17},{"not_picked":["Uppercut","Thunderclap"],"picked":"Pommel Strike","floor":18},{"not_picked":["Shockwave+1","Flex+1"],"picked":"Pommel Strike+1","floor":19}],"player_experience":118582,"relics_obtained":[{"floor":9,"key":"Bronze Scales"}],"event_choices":[{"event_name":"The Cleric","player_choice":"Leave","floor":2,"damage_taken":0},{"event_name":"Bonfire Elementals","player_choice":"BASIC","floor":3,"damage_taken":0},{"event_name":"Match and Keep!","player_choice":"2 cards matched","floor":5,"damage_taken":0}],"is_beta":false,"boss_relics":[{"not_picked":["Busted Crown","Velvet Choker"],"picked":"Orrery"}],"items_purged_floors":[],"is_endless":false,"potions_floor_spawned":[1,12,13,14,18,19],"killed_by":"Shelled Parasite and Fungi","ascension_level":0}