{"gold_per_floor":[369,2,52,91,128,128,189,274,274,299,336,35,50,85,85,210,210,221,221,283,351,415,492,121,161,209,244,298,337,337,393,393,497,497,535,160,160,285,285,332,332,35,35,35,92,92,107,118,118,143,143,143,13,45,45],"floor_reached":56,"playtime":5087,"items_purged":["Strike_R","Strike_R","Clash","Strike_R","Strike_R"],"score":1920,"play_id":"7276ab32-ac8f-43fc-ab11-159ae263915f","local_time":"20190202060543","is_ascension_mode":true,"campfire_choices":[{"data":"HandOfGreed","floor":6.0,"key":"SMITH"},{"data":"True Grit","floor":15.0,"key":"SMITH"},{"data":"Uppercut","floor":30.0,"key":"SMITH"},{"data":"Corruption","floor":32.0,"key":"SMITH"},{"floor":41.0,"key":"RECALL"},{"data":"Magnetism","floor":44.0,"key":"SMITH"},{"data":"Burning Pact","floor":46.0,"key":"SMITH"},{"data":"Feel No Pain","floor":49.0,"key":"SMITH"},{"data":"Fiend Fire","floor":52,"key":"SMITH"}],"neow_cost":"PERCENT_DAMAGE","seed_source_timestamp":779513816577990,"circlet_count":0,"master_deck":["Defend_R+1","Defend_R","Defend_R","Defend_R","Bash+1","Cleave","HandOfGreed+1","Dropkick","Shrug It Off","Metallicize","Armaments+1","Flame Barrier","Corruption+1","Burning Pact+1","True Grit+1","Iron Wave+1","Fiend Fire+1","Shrug It Off","Iron Wave+1","Shockwave+1","Seeing Red+1","Metallicize","Uppercut+1","True Grit+1","Dropkick","Double Tap+1","Feel No Pain+1","Rampage+1","Offering+1","Thunderclap+1","Metamorphosis+1","Magnetism+1","Madness+1","Shockwave+1","Metallicize","Deep Breath+1","Ghostly Armor+1","Exhume+1","Burning Pact+1","Deep Breath+1","Seeing Red+1"],"special_seed":0,"relics":["Burning Blood","OrangePellets","Strawberry","Vajra","Lantern","Oddly Smooth Stone","Gremlin Horn","Runic Pyramid","Toxic Egg 2","Membership Card","Blood Vial","War Paint","Incense Burner","Coffee Dripper","Mummified Hand","Toolbox","Dead Branch","Pear","Sling","Bag of Preparation","Whetstone","Bronze Scales"],"potions_floor_usage":[50,55],"damage_taken":[{"damage":5.0,"enemies":"Cultist","floor":1.0,"turns":4.0},{"damage":5.0,"enemies":"Small Slimes","floor":3.0,"turns":4.0},{"damage":7.0,"enemies":"2 Louse","floor":4.0,"turns":3.0},{"damage":0.0,"enemies":"Exordium Wildlife","floor":5.0,"turns":3.0},{"damage":8.0,"enemies":"2 Fungi Beasts","floor":7.0,"turns":6.0},{"damage":7.0,"enemies":"3 Sentries","floor":8.0,"turns":8.0},{"damage":20.0,"enemies":"Gremlin Nob","floor":10.0,"turns":4.0},{"damage":3.0,"enemies":"Gremlin Gang","floor":11.0,"turns":4.0},{"damage":1.0,"enemies":"Blue Slaver","floor":13.0,"turns":3.0},{"damage":3.0,"enemies":"Lagavulin","floor":14.0,"turns":7.0},{"damage":31.0,"enemies":"The Guardian","floor":16.0,"turns":12.0},{"damage":16.0,"enemies":"2 Thieves","floor":18.0,"turns":4.0},{"damage":7.0,"enemies":"3 Byrds","floor":20.0,"turns":6.0},{"damage":8.0,"enemies":"Centurion and Healer","floor":21.0,"turns":7.0},{"damage":0.0,"enemies":"3 Cultists","floor":22.0,"turns":6.0},{"damage":22.0,"enemies":"Slavers","floor":23.0,"turns":6.0},{"damage":10.0,"enemies":"Snake Plant","floor":25.0,"turns":2.0},{"damage":0.0,"enemies":"Centurion and Healer","floor":27.0,"turns":6.0},{"damage":8.0,"enemies":"Book of Stabbing","floor":28.0,"turns":8.0},{"damage":5.0,"enemies":"Shelled Parasite and Fungi","floor":29.0,"turns":5.0},{"damage":19.0,"enemies":"Slavers","floor":31.0,"turns":9.0},{"damage":3.0,"enemies":"Automaton","floor":33.0,"turns":10.0},{"damage":6.0,"enemies":"Orb Walker","floor":35.0,"turns":3.0},{"damage":0.0,"enemies":"Mind Bloom Boss Battle","floor":38.0,"turns":7.0},{"damage":0.0,"enemies":"Reptomancer","floor":40.0,"turns":7.0},{"damage":0.0,"enemies":"Giant Head","floor":45.0,"turns":6.0},{"damage":0.0,"enemies":"3 Darklings","floor":47.0,"turns":3.0},{"damage":1.0,"enemies":"4 Shapes","floor":48.0,"turns":4.0},{"damage":8,"enemies":"Awakened One","floor":50,"turns":3},{"damage":6,"enemies":"Shield and Spear","floor":54,"turns":2},{"damage":19,"enemies":"The Heart","floor":55,"turns":3}],"seed_played":"-6388740402850858994","potions_obtained":[{"floor":3.0,"key":"EssenceOfSteel"},{"floor":5.0,"key":"Fire Potion"},{"floor":7.0,"key":"Block Potion"},{"floor":10.0,"key":"Weak Potion"},{"floor":16.0,"key":"LiquidBronze"},{"floor":21.0,"key":"Fruit Juice"},{"floor":23.0,"key":"Strength Potion"},{"floor":25.0,"key":"SkillPotion"},{"floor":33.0,"key":"SpeedPotion"},{"floor":35.0,"key":"SkillPotion"},{"floor":54,"key":"Block Potion"}],"is_trial":false,"path_per_floor":["M","$","M","M","M","R","M","E","T","E","M","$","M","E","R","B",null,"M","?","M","M","M","E","$","M","T","M","E","M","R","E","R","B",null,"M","$","?","?","?","E","R","$","T","R","E","R","M","M","R","B",null,"R","$","E","B",null],"character_chosen":"IRONCLAD","items_purchased":["HandOfGreed","OrangePellets","Burning Pact","Oddly Smooth Stone","Membership Card","Metallicize","Blood Vial","Uppercut","Metamorphosis+1","Mummified Hand","Toolbox","Metallicize","Deep Breath+1","Sling","Ghostly Armor+1","Deep Breath+1"],"campfire_rested":0,"item_purchase_floors":[2,2,12,12,24,24,24,24,36,36,36,42,42,42,42,53],"current_hp_per_floor":[52,52,53,52,58,58,56,62,62,48,51,51,56,59,59,34,74,64,64,63,61,67,56,56,54,54,62,62,65,65,54,54,59,84,86,86,76,84,84,102,102,102,102,102,102,102,102,102,102,100,102,102,102,102,89],"gold":45,"neow_bonus":"TWO_FIFTY_GOLD","is_prod":false,"is_daily":false,"chose_seed":false,"campfire_upgraded":8,"win_rate":0,"timestamp":1549105543,"path_taken":["M","$","?","M","M","R","M","E","T","E","M","$","M","E","R","BOSS","M","?","M","M","M","E","$","?","T","M","E","M","R","E","R","BOSS","M","$","?","?","?","E","R","$","T","R","E","R","M","M","R","BOSS","R","$","E","BOSS"],"build_version":"2019-01-23","purchased_purges":5,"victory":true,"max_hp_per_floor":[80,80,80,80,80,80,80,87,87,87,87,87,87,87,87,87,87,87,87,87,87,87,92,92,92,92,92,92,92,92,92,92,92,92,92,92,92,92,92,102,102,102,102,102,102,102,102,102,102,102,102,102,102,102,102],"card_choices":[{"not_picked":["Headbutt","Battle Trance"],"picked":"Cleave","floor":1.0},{"not_picked":["Reckless Charge","Rupture"],"picked":"Dropkick","floor":3.0},{"not_picked":["Reckless Charge","Thunderclap"],"picked":"Shrug It Off","floor":4.0},{"not_picked":["Headbutt","Uppercut"],"picked":"Metallicize","floor":5.0},{"not_picked":["Second Wind","Body Slam"],"picked":"Armaments","floor":7.0},{"not_picked":["Combust","Demon Form"],"picked":"Flame Barrier","floor":8.0},{"not_picked":["Perfected Strike","Sword Boomerang"],"picked":"Clash","floor":10.0},{"not_picked":["True Grit","Twin Strike"],"picked":"Corruption","floor":11.0},{"not_picked":["Twin Strike","Pommel Strike"],"picked":"True Grit","floor":13.0},{"not_picked":["Flex","Heavy Blade"],"picked":"Iron Wave","floor":14.0},{"not_picked":["Reaper","Brutality"],"picked":"Fiend Fire","floor":16.0},{"not_picked":["Sword Boomerang+1","Whirlwind","Pommel Strike"],"picked":"SKIP","floor":18.0},{"not_picked":["Pommel Strike","Clash"],"picked":"Shrug It Off","floor":20.0},{"not_picked":["True Grit+1","Fire Breathing"],"picked":"Iron Wave+1","floor":21.0},{"not_picked":["Twin Strike","Rage+1"],"picked":"Shockwave+1","floor":22.0},{"not_picked":["Feed","Rupture+1"],"picked":"Seeing Red","floor":23.0},{"not_picked":["Clash","Twin Strike"],"picked":"True Grit+1","floor":25.0},{"not_picked":["Inflame","True Grit+1"],"picked":"Dropkick","floor":27.0},{"not_picked":["Wild Strike+1","Heavy Blade"],"picked":"Double Tap+1","floor":28.0},{"not_picked":["Headbutt+1","Entrench+1"],"picked":"Feel No Pain","floor":29.0},{"not_picked":["Thunderclap+1","Armaments+1"],"picked":"Rampage+1","floor":31.0},{"not_picked":["Bludgeon","Fiend Fire"],"picked":"Offering+1","floor":33.0},{"not_picked":["Body Slam","Havoc+1"],"picked":"Thunderclap+1","floor":35.0},{"not_picked":["Mind Blast","Jack Of All Trades+1"],"picked":"Magnetism","floor":37.0},{"not_picked":["Trip+1","Good Instincts+1"],"picked":"Madness+1","floor":37.0},{"not_picked":["Enlightenment+1","Purity+1"],"picked":"Madness+1","floor":37.0},{"not_picked":["Heavy Blade+1","Headbutt"],"picked":"Shockwave+1","floor":38.0},{"not_picked":["Anger+1","Entrench+1","Perfected Strike"],"picked":"SKIP","floor":40.0},{"not_picked":["Rupture","Carnage+1"],"picked":"Exhume+1","floor":45.0},{"not_picked":["Havoc+1","Armaments+1"],"picked":"Burning Pact+1","floor":47.0},{"not_picked":["Shockwave+1","True Grit+1","Twin Strike+1"],"picked":"SKIP","floor":48.0},{"not_picked":["Reckless Charge","Shockwave+1"],"picked":"Seeing Red+1","floor":54}],"player_experience":294760,"relics_obtained":[{"floor":8.0,"key":"Strawberry"},{"floor":9.0,"key":"Vajra"},{"floor":10.0,"key":"Lantern"},{"floor":14.0,"key":"Gremlin Horn"},{"floor":23.0,"key":"Toxic Egg 2"},{"floor":28.0,"key":"War Paint"},{"floor":31.0,"key":"Incense Burner"},{"floor":38.0,"key":"Dead Branch"},{"floor":40.0,"key":"Pear"},{"floor":43.0,"key":"Bag of Preparation"},{"floor":45.0,"key":"Whetstone"},{"floor":54,"key":"Bronze Scales"}],"event_choices":[{"cards_removed":["Strike_R"],"damage_healed":0.0,"max_hp_gain":0.0,"max_hp_loss":0.0,"gold_gain":0.0,"event_name":"Bonfire Elementals","player_choice":"Offered Basic","floor":19.0,"gold_loss":0.0,"damage_taken":0.0},{"damage_healed":0.0,"max_hp_gain":0.0,"max_hp_loss":0.0,"gold_gain":0.0,"event_name":"SensoryStone","player_choice":"Memory 3","floor":37.0,"gold_loss":0.0,"damage_taken":10.0},{"damage_healed":0.0,"max_hp_gain":0.0,"max_hp_loss":0.0,"gold_gain":0.0,"event_name":"MindBloom","player_choice":"Fight","floor":38.0,"gold_loss":0.0,"damage_taken":0.0},{"cards_removed":["Madness"],"damage_healed":0.0,"max_hp_gain":0.0,"max_hp_loss":0.0,"gold_gain":0.0,"event_name":"Falling","player_choice":"Removed Skill","floor":39.0,"gold_loss":0.0,"damage_taken":0.0}],"is_beta":false,"boss_relics":[{"not_picked":["Snecko Eye","Black Star"],"picked":"Runic Pyramid"},{"not_picked":["Runic Dome","Fusion Hammer"],"picked":"Coffee Dripper"}],"items_purged_floors":[12,24,36,42,53],"is_endless":false,"potions_floor_spawned":[3,5,7,10,16,21,23,25,33,35,40,48,54],"ascension_level":8}