{"gold_per_floor":[110,110,41,61,161,161,180,194,218,25,42,77,93,26,26,125,125,137,101,101,113,130,130,130,130,130,130,147,158,158],"floor_reached":30,"playtime":1406,"items_purged":[],"score":232,"play_id":"5db7ea90-79cb-4c88-b592-117b673d561f","local_time":"20181119042941","is_ascension_mode":false,"campfire_choices":[{"data":"Noxious Fumes","floor":6,"key":"SMITH"},{"data":"Noxious Fumes","floor":15,"key":"SMITH"},{"floor":23,"key":"REST"},{"data":"Envenom","floor":25,"key":"SMITH"},{"data":"Bouncing Flask","floor":27,"key":"SMITH"}],"neow_cost":"NONE","seed_source_timestamp":224472717588052,"circlet_count":0,"master_deck":["Survivor","Neutralize","Escape Plan","Blade Dance","Outmaneuver","Dodge and Roll","Flechettes+1","Well Laid Plans","Dagger Spray","Endless Agony","Dodge and Roll","Poisoned Stab","Noxious Fumes+1","Well Laid Plans","Noxious Fumes+1","Blade Dance","Blade Dance","Deadly Poison","Caltrops","Envenom+1","Bouncing Flask+1","Caltrops","Outmaneuver+1","Deflect+1","Infinite Blades"],"relics":["Pandora\u0027s Box","Anchor","Strange Spoon","Art of War","Empty Cage","Pocketwatch","Centennial Puzzle","Kunai"],"potions_floor_usage":[18,30],"damage_taken":[{"damage":0,"enemies":"Cultist","floor":1,"turns":3},{"damage":1,"enemies":"Small Slimes","floor":4,"turns":4},{"damage":4,"enemies":"Jaw Worm","floor":7,"turns":4},{"damage":2,"enemies":"Exordium Wildlife","floor":8,"turns":3},{"damage":0,"enemies":"Lots of Slimes","floor":11,"turns":3},{"damage":12,"enemies":"Gremlin Nob","floor":12,"turns":4},{"damage":6,"enemies":"Exordium Thugs","floor":13,"turns":4},{"damage":20,"enemies":"The Guardian","floor":16,"turns":9},{"damage":9,"enemies":"Spheric Guardian","floor":18,"turns":5},{"damage":20,"enemies":"2 Thieves","floor":21,"turns":4},{"damage":12,"enemies":"Snake Plant","floor":22,"turns":4},{"damage":37,"enemies":"Shelled Parasite and Fungi","floor":28,"turns":5},{"damage":0,"enemies":"Centurion and Healer","floor":29,"turns":5},{"damage":24,"enemies":"Snecko","floor":30,"turns":4}],"seed_played":"-5394979992985887697","potions_obtained":[{"floor":4,"key":"SteroidPotion"},{"floor":8,"key":"Ancient Potion"},{"floor":13,"key":"GhostInAJar"},{"floor":18,"key":"LiquidBronze"},{"floor":29,"key":"Energy Potion"}],"is_trial":false,"path_per_floor":["M","?","$","M","?","R","M","M","T","$","M","E","M","$","R","B",null,"M","$","?","M","M","R","T","R","T","R","M","M","M"],"character_chosen":"THE_SILENT","items_purchased":["Noxious Fumes","Strange Spoon","Caltrops","Caltrops"],"campfire_rested":1,"item_purchase_floors":[3,10,14,19],"current_hp_per_floor":[70,70,70,69,69,69,65,63,63,63,63,51,45,45,45,25,70,61,61,61,41,29,50,50,50,50,50,13,13,0],"gold":158,"neow_bonus":"BOSS_RELIC","is_prod":false,"is_daily":false,"chose_seed":false,"campfire_upgraded":4,"win_rate":0,"timestamp":1542630581,"path_taken":["M","?","$","M","?","R","?","M","T","$","M","E","M","?","R","BOSS","M","$","?","M","M","R","?","R","T","R","?","M","?"],"build_version":"2018-11-15","purchased_purges":0,"victory":false,"max_hp_per_floor":[70,70,70,70,70,70,70,70,70,70,70,70,70,70,70,70,70,70,70,70,70,70,70,70,70,70,70,70,70,70],"card_choices":[{"not_picked":["Prepared","Outmaneuver"],"picked":"Poisoned Stab","floor":1},{"not_picked":["Bane","Deadly Poison"],"picked":"Well Laid Plans","floor":4},{"not_picked":["Skewer","Eviscerate"],"picked":"Deflect","floor":7},{"not_picked":["Acrobatics","Slice"],"picked":"Noxious Fumes","floor":8},{"not_picked":["Bullet Time","Bane"],"picked":"Blade Dance","floor":11},{"not_picked":["Deflect","Cloak And Dagger"],"picked":"Blade Dance","floor":12},{"not_picked":["Dodge and Roll","Blade Dance"],"picked":"Deadly Poison","floor":13},{"not_picked":["Night Terror","Glass Knife"],"picked":"Envenom","floor":16},{"not_picked":["Footwork","Dodge and Roll+1"],"picked":"Bouncing Flask","floor":18},{"not_picked":["Bane","Deflect+1","Dagger Throw+1"],"picked":"SKIP","floor":21},{"not_picked":["Underhanded Strike+1","Concentrate"],"picked":"Outmaneuver+1","floor":22},{"not_picked":["Bane","Dodge and Roll"],"picked":"Deflect+1","floor":28},{"not_picked":["Prepared","Acrobatics"],"picked":"Infinite Blades","floor":29}],"player_experience":434579,"relics_obtained":[{"floor":9,"key":"Anchor"},{"floor":12,"key":"Art of War"},{"floor":24,"key":"Centennial Puzzle"},{"floor":26,"key":"Kunai"}],"event_choices":[{"damage_healed":0,"gold_gain":0,"player_choice":"Grow","damage_taken":0,"max_hp_gain":0,"max_hp_loss":0,"event_name":"Living Wall","floor":2,"gold_loss":0,"cards_upgraded":["Flechettes"]},{"damage_healed":0,"gold_gain":100,"player_choice":"Pray","damage_taken":0,"max_hp_gain":0,"max_hp_loss":0,"event_name":"Golden Shrine","floor":5,"gold_loss":0},{"damage_healed":0,"gold_gain":0,"player_choice":"Opened","damage_taken":0,"relics_obtained":["Pocketwatch"],"max_hp_gain":0,"max_hp_loss":0,"event_name":"The Mausoleum","floor":20,"gold_loss":0}],"is_beta":false,"boss_relics":[{"not_picked":["Lizard Tail","Snecko Eye"],"picked":"Empty Cage"}],"items_purged_floors":[],"is_endless":false,"potions_floor_spawned":[4,8,13,18,29],"killed_by":"Snecko","ascension_level":0}