{"gold_per_floor":[113,113,131,131,144,144,169,199,199,215,51,79,99,134,134,229,229,246,234,247,247,247],"floor_reached":22,"playtime":1180,"items_purged":["Strike_B"],"score":309,"play_id":"22efa738-dae6-4b4d-bb8b-3f04df3f0c65","local_time":"20190204204416","is_ascension_mode":true,"campfire_choices":[{"data":"Bandage Up","floor":6,"key":"SMITH"},{"data":"Capacitor","floor":15,"key":"SMITH"}],"neow_cost":"TEN_PERCENT_HP_LOSS","seed_source_timestamp":167678659881469,"circlet_count":0,"master_deck":["AscendersBane","Strike_B","Strike_B+1","Defend_B","Defend_B","Defend_B+1","Zap","Dualcast","Bandage Up+1","Purity","Static Discharge+1","Consume","Cold Snap","Conserve Battery+1","Steam+1","Capacitor+1","Conserve Battery+1","Stack+1","Self Repair","Amplify+1","Leap+1","Heatsinks","All For One"],"relics":["FrozenCore","Toxic Egg 2","Tiny Chest","Meat on the Bone","Potion Belt","Bird Faced Urn"],"potions_floor_usage":[7,19],"damage_taken":[{"damage":9,"enemies":"Small Slimes","floor":1,"turns":3},{"damage":1,"enemies":"Cultist","floor":3,"turns":3},{"damage":10,"enemies":"2 Louse","floor":5,"turns":2},{"damage":17,"enemies":"Lagavulin","floor":7,"turns":6},{"damage":0,"enemies":"2 Fungi Beasts","floor":10,"turns":4},{"damage":10,"enemies":"3 Sentries","floor":12,"turns":6},{"damage":5,"enemies":"Exordium Thugs","floor":13,"turns":4},{"damage":15,"enemies":"Lagavulin","floor":14,"turns":8},{"damage":13,"enemies":"Hexaghost","floor":16,"turns":9},{"damage":34,"enemies":"Chosen","floor":18,"turns":7},{"damage":0,"enemies":"2 Thieves","floor":19,"turns":5},{"damage":33,"enemies":"Cultist and Chosen","floor":20,"turns":6},{"damage":63,"enemies":"3 Cultists","floor":22,"turns":6}],"seed_played":"2711454816117175708","potions_obtained":[{"floor":3,"key":"SteroidPotion"},{"floor":7,"key":"Fire Potion"},{"floor":10,"key":"FearPotion"},{"floor":16,"key":"Fire Potion"},{"floor":18,"key":"LiquidBronze"},{"floor":20,"key":"Regen Potion"}],"is_trial":false,"path_per_floor":["M","?","M","?","M","R","E","?","T","M","$","E","M","E","R","B",null,"M","M","M","?","M"],"character_chosen":"DEFECT","items_purchased":["Capacitor","Conserve Battery+1"],"campfire_rested":0,"item_purchase_floors":[11,11],"current_hp_per_floor":[59,59,62,48,42,42,31,13,13,31,31,39,40,43,43,49,63,43,62,44,44,0],"gold":247,"neow_bonus":"RANDOM_COLORLESS_2","is_prod":false,"is_daily":false,"chose_seed":false,"campfire_upgraded":2,"win_rate":0,"timestamp":1549331056,"path_taken":["M","?","?","?","M","R","E","?","T","?","$","E","M","E","R","BOSS","M","?","M","?","M"],"build_version":"2019-01-23","purchased_purges":1,"victory":false,"max_hp_per_floor":[68,68,68,68,68,68,68,68,68,68,68,68,68,68,68,68,68,68,68,68,68,68],"card_choices":[{"not_picked":["Hologram","Barrage"],"picked":"Static Discharge","floor":1},{"not_picked":["Chill","Coolheaded"],"picked":"Consume","floor":3},{"not_picked":["Chaos","Beam Cell"],"picked":"Cold Snap","floor":5},{"not_picked":["Chill","Streamline"],"picked":"Conserve Battery","floor":7},{"not_picked":["Turbo+1","Aggregate+1"],"picked":"Steam+1","floor":10},{"not_picked":["Sweeping Beam","Barrage","Go for the Eyes"],"picked":"SKIP","floor":12},{"not_picked":["Go for the Eyes","Scrape"],"picked":"Stack+1","floor":13},{"not_picked":["Steam+1","Chill+1"],"picked":"Self Repair","floor":14},{"not_picked":["All For One","Hyperbeam"],"picked":"Amplify+1","floor":16},{"not_picked":["Sweeping Beam","Rebound"],"picked":"Leap+1","floor":18},{"not_picked":["Chill+1","Reinforced Body+1","Recycle+1"],"picked":"SKIP","floor":19},{"not_picked":["Chill+1","Reinforced Body+1","Recycle+1"],"picked":"SKIP","floor":19},{"not_picked":["Beam Cell","Go for the Eyes","Rebound+1"],"picked":"SKIP","floor":20}],"player_experience":342205,"relics_obtained":[{"floor":7,"key":"Toxic Egg 2"},{"floor":9,"key":"Meat on the Bone"},{"floor":12,"key":"Potion Belt"},{"floor":14,"key":"Bird Faced Urn"}],"event_choices":[{"damage_healed":0,"gold_gain":0,"player_choice":"Upgraded","damage_taken":0,"max_hp_gain":0,"max_hp_loss":0,"event_name":"Upgrade Shrine","floor":2,"gold_loss":0,"cards_upgraded":["Static Discharge"]},{"damage_healed":0,"gold_gain":0,"player_choice":"Entered Light","damage_taken":14,"max_hp_gain":0,"max_hp_loss":0,"event_name":"Shining Light","floor":4,"gold_loss":0,"cards_upgraded":["Defend_B","Strike_B"]},{"damage_healed":0,"gold_gain":0,"player_choice":"Success","damage_taken":18,"relics_obtained":["Tiny Chest"],"max_hp_gain":0,"max_hp_loss":0,"event_name":"Scrap Ooze","floor":8,"gold_loss":0},{"damage_healed":0,"gold_gain":0,"cards_transformed":["Strike_B","Defend_B"],"player_choice":"Became Test Subject","damage_taken":0,"max_hp_gain":0,"max_hp_loss":0,"event_name":"Drug Dealer","floor":21,"gold_loss":0,"cards_obtained":["Heatsinks","All For One"]}],"is_beta":false,"boss_relics":[{"not_picked":["Calling Bell","Velvet Choker"],"picked":"FrozenCore"}],"items_purged_floors":[11],"is_endless":false,"potions_floor_spawned":[3,7,10,16,18,20],"killed_by":"3 Cultists","ascension_level":10}