{"gold_per_floor":[117,128,141,39,39,69,69,83,130,130,130,85,85],"floor_reached":13,"playtime":486,"items_purged":["Strike_R"],"score":83,"play_id":"593e4d16-73cb-4ab3-a7d2-d09ca57a3d93","local_time":"20181209233015","is_ascension_mode":false,"campfire_choices":[{"data":"Power Through","floor":7,"key":"SMITH"},{"floor":11,"key":"REST"}],"neow_cost":"NONE","seed_source_timestamp":868137385211999,"circlet_count":0,"master_deck":["Strike_R","Strike_R","Strike_R","Strike_R","Defend_R","Defend_R","Defend_R","Defend_R","Power Through+1","Shrug It Off","Power Through+1","Armaments","Defend_R","Shrug It Off"],"relics":["Burning Blood","Singing Bowl","Regal Pillow"],"potions_floor_usage":[13],"damage_taken":[{"damage":7,"enemies":"2 Louse","floor":1,"turns":4},{"damage":8,"enemies":"Cultist","floor":2,"turns":5},{"damage":0,"enemies":"Small Slimes","floor":3,"turns":3},{"damage":52,"enemies":"Lagavulin","floor":6,"turns":14},{"damage":41,"enemies":"Exordium Thugs","floor":8,"turns":9},{"damage":12,"enemies":"Looter","floor":12,"turns":5},{"damage":21,"enemies":"Gremlin Nob","floor":13,"turns":5}],"seed_played":"8725458120695031890","potions_obtained":[{"floor":8,"key":"EssenceOfSteel"}],"is_trial":false,"path_per_floor":["M","M","M","$","?","E","R","M","T","?","R","M","E"],"character_chosen":"IRONCLAD","items_purchased":["Shrug It Off"],"campfire_rested":1,"item_purchase_floors":[4],"current_hp_per_floor":[87,85,88,88,88,42,42,7,7,7,48,42,21],"gold":85,"neow_bonus":"TEN_PERCENT_HP_BONUS","is_prod":false,"is_daily":false,"chose_seed":false,"campfire_upgraded":1,"win_rate":0,"timestamp":1544416215,"path_taken":["M","M","M","$","?","E","R","M","T","?","R","M","E"],"build_version":"2018-12-06","purchased_purges":1,"victory":false,"max_hp_per_floor":[88,88,88,88,88,88,88,88,88,88,88,88,88],"card_choices":[{"not_picked":["Pommel Strike","Havoc","Inflame"],"picked":"SKIP","floor":1},{"not_picked":["Shrug It Off","Hemokinesis"],"picked":"Power Through","floor":2},{"not_picked":["Disarm","Dual Wield","Heavy Blade"],"picked":"SKIP","floor":3},{"not_picked":["Flex","Anger"],"picked":"Power Through","floor":6},{"not_picked":["Warcry","Sentinel"],"picked":"Armaments","floor":8},{"not_picked":["Brutality","Pummel"],"picked":"Shrug It Off","floor":12}],"player_experience":225936,"relics_obtained":[{"floor":6,"key":"Singing Bowl"},{"floor":9,"key":"Regal Pillow"}],"event_choices":[{"damage_healed":0,"gold_gain":0,"player_choice":"Grow","damage_taken":0,"max_hp_gain":0,"max_hp_loss":0,"event_name":"Living Wall","floor":5,"gold_loss":0,"cards_upgraded":["Power Through"]},{"cards_removed":["Bash"],"damage_healed":0,"gold_gain":0,"player_choice":"Took Card","damage_taken":0,"max_hp_gain":0,"max_hp_loss":0,"event_name":"NoteForYourself","floor":10,"gold_loss":0,"cards_obtained":["Defend_R"]}],"is_beta":false,"boss_relics":[],"items_purged_floors":[4],"is_endless":false,"potions_floor_spawned":[8],"killed_by":"Gremlin Nob","ascension_level":0}