{"gold_per_floor":[367,367,50,67,79,79,96,131,185,217,217,217,217,250,250,350,350,364,376,376,396,408,441,153,188,238,12,31,66,81,108,108,205,205,218,263,263,363,380,408,426,526,551,291,317,36,69,81,81,81,81,81,41,70,70],"floor_reached":56,"playtime":3329,"items_purged":["Strike_R","Strike_R","Strike_R","Strike_R"],"score":2087,"play_id":"40d19ac9-1d4a-4e4f-b9dd-1f99956cb9d5","local_time":"20190228021116","is_ascension_mode":true,"campfire_choices":[{"data":"Good Instincts","floor":6.0,"key":"SMITH"},{"data":"Shrug It Off","floor":11.0,"key":"SMITH"},{"data":"Whirlwind","floor":13.0,"key":"SMITH"},{"data":"Bash","floor":15.0,"key":"SMITH"},{"data":"Defend_R","floor":32.0,"key":"SMITH"},{"floor":49.0,"key":"RECALL"},{"floor":52.0,"key":"REST"}],"neow_cost":"TEN_PERCENT_HP_LOSS","seed_source_timestamp":0,"circlet_count":0,"master_deck":["AscendersBane","Strike_R","Defend_R","Defend_R","Defend_R","Defend_R+1","Bash+1","Whirlwind+1","Good Instincts+1","Carnage+1","Clothesline+1","Pommel Strike+1","Shrug It Off+1","Pummel+1","Hemokinesis+1","Bludgeon+1","Body Slam+1","Shrug It Off+1","Headbutt+1","Shrug It Off+1","Secret Weapon+1","Flash of Steel+1","Hemokinesis+1","Shrug It Off+1","Thunderclap+1","Double Tap+1","Secret Weapon+1","Metamorphosis+1","Clash+1","Uppercut+1","Ghostly Armor+1","Ghostly Armor+1","Flame Barrier+1","Metamorphosis+1","Body Slam+1","Shrug It Off+1","Shrug It Off+1","Clash+1","Inflame","Shrug It Off+1"],"special_seed":0,"relics":["Burning Blood","Molten Egg 2","The Courier","Bronze Scales","FossilizedHelix","Pear","Philosopher\u0027s Stone","Toxic Egg 2","Turnip","Dead Branch","Omamori","Oddly Smooth Stone","Centennial Puzzle","Meat on the Bone","Fusion Hammer","Champion Belt","Prayer Wheel","Anchor","Happy Flower","Juzu Bracelet","Dodecahedron","Vajra","Paper Frog"],"potions_floor_usage":[55,55,55],"damage_taken":[{"damage":0.0,"enemies":"Small Slimes","floor":1.0,"turns":4.0},{"damage":0.0,"enemies":"Cultist","floor":4.0,"turns":4.0},{"damage":2.0,"enemies":"Jaw Worm","floor":5.0,"turns":2.0},{"damage":11.0,"enemies":"Red Slaver","floor":7.0,"turns":5.0},{"damage":13.0,"enemies":"Gremlin Nob","floor":8.0,"turns":4.0},{"damage":19.0,"enemies":"Lagavulin","floor":10.0,"turns":6.0},{"damage":0.0,"enemies":"Gremlin Nob","floor":14.0,"turns":3.0},{"damage":38.0,"enemies":"Slime Boss","floor":16.0,"turns":11.0},{"damage":0.0,"enemies":"3 Byrds","floor":18.0,"turns":3.0},{"damage":2.0,"enemies":"2 Thieves","floor":19.0,"turns":3.0},{"damage":24.0,"enemies":"Centurion and Healer","floor":21.0,"turns":6.0},{"damage":0.0,"enemies":"Snecko","floor":22.0,"turns":2.0},{"damage":8.0,"enemies":"Book of Stabbing","floor":23.0,"turns":4.0},{"damage":0.0,"enemies":"Gremlin Leader","floor":25.0,"turns":7.0},{"damage":0.0,"enemies":"Snake Plant","floor":28.0,"turns":2.0},{"damage":0.0,"enemies":"Book of Stabbing","floor":29.0,"turns":3.0},{"damage":8.0,"enemies":"Centurion and Healer","floor":30.0,"turns":3.0},{"damage":2.0,"enemies":"Gremlin Leader","floor":31.0,"turns":4.0},{"damage":73.0,"enemies":"Automaton","floor":33.0,"turns":10.0},{"damage":0.0,"enemies":"Orb Walker","floor":35.0,"turns":2.0},{"damage":0.0,"enemies":"2 Orb Walkers","floor":36.0,"turns":4.0},{"damage":2.0,"enemies":"Mind Bloom Boss Battle","floor":38.0,"turns":6.0},{"damage":1.0,"enemies":"3 Shapes","floor":39.0,"turns":3.0},{"damage":0.0,"enemies":"Giant Head","floor":40.0,"turns":6.0},{"damage":0.0,"enemies":"Spire Growth","floor":41.0,"turns":2.0},{"damage":8.0,"enemies":"Reptomancer","floor":45.0,"turns":5.0},{"damage":13.0,"enemies":"Giant Head","floor":47.0,"turns":6.0},{"damage":15.0,"enemies":"Maw","floor":48.0,"turns":5.0},{"damage":56.0,"enemies":"Donu and Deca","floor":50.0,"turns":8.0},{"damage":28.0,"enemies":"Shield and Spear","floor":54.0,"turns":7.0},{"damage":47,"enemies":"The Heart","floor":55,"turns":7}],"seed_played":"-5933941380782028257","potions_obtained":[{"floor":1.0,"key":"SpeedPotion"},{"floor":8.0,"key":"Block Potion"},{"floor":14.0,"key":"Dexterity Potion"},{"floor":19.0,"key":"SteroidPotion"},{"floor":22.0,"key":"Strength Potion"},{"floor":23.0,"key":"SkillPotion"},{"floor":30.0,"key":"Energy Potion"},{"floor":31.0,"key":"Regen Potion"},{"floor":33.0,"key":"Dexterity Potion"},{"floor":36.0,"key":"PowerPotion"}],"is_trial":false,"path_per_floor":["M","?","$","M","M","R","M","E","T","E","R","T","R","E","R","B",null,"M","M","?","M","M","E","$","E","T","$","M","E","M","E","R","B",null,"M","?","?","?","M","E","M","?","T","$","E","$","E","M","R","B",null,"R","$","E","B",null],"character_chosen":"IRONCLAD","items_purchased":["Molten Egg 2","Secret Weapon+1","Flash of Steel+1","Oddly Smooth Stone","Metamorphosis+1","Dodecahedron","Shrug It Off+1","Shrug It Off+1","Shrug It Off+1"],"campfire_rested":1,"item_purchase_floors":[3,24,24,27,44,46,46,46,53],"current_hp_per_floor":[72,72,72,72,72,72,67,60,60,47,47,47,47,63,63,31,69,75,79,79,61,67,65,65,71,71,71,77,82,80,82,82,27,68,74,80,70,74,79,82,82,82,82,82,80,80,73,64,64,26,68,82,82,60,31],"gold":70,"neow_bonus":"TWO_FIFTY_GOLD","is_prod":false,"is_daily":false,"chose_seed":false,"campfire_upgraded":5,"win_rate":0,"timestamp":1551309076,"path_taken":["M","?","$","M","M","R","?","E","T","E","R","?","R","E","R","BOSS","M","M","?","?","M","E","$","E","T","$","M","E","M","E","R","BOSS","M","?","?","?","M","E","M","?","T","$","E","$","E","M","R","BOSS","R","$","E","BOSS"],"build_version":"2019-01-23","purchased_purges":4,"victory":true,"max_hp_per_floor":[72,72,72,72,72,72,72,72,72,72,72,72,72,82,82,82,82,82,82,82,82,82,82,82,82,82,82,82,82,82,82,82,82,82,82,82,82,82,82,82,82,82,82,82,82,82,82,82,82,82,82,82,82,82,82],"card_choices":[{"not_picked":["Reckless Charge","Carnage"],"picked":"Whirlwind","floor":1.0},{"not_picked":["Second Wind","Warcry"],"picked":"Carnage+1","floor":4.0},{"not_picked":["Flex","Body Slam+1"],"picked":"Clothesline+1","floor":5.0},{"not_picked":["Perfected Strike+1","Infernal Blade"],"picked":"Pommel Strike+1","floor":7.0},{"not_picked":["Sword Boomerang+1","Body Slam+1"],"picked":"Shrug It Off","floor":8.0},{"not_picked":["Feel No Pain","Entrench"],"picked":"Pummel+1","floor":10.0},{"not_picked":["Shockwave","Rupture"],"picked":"Hemokinesis+1","floor":14.0},{"not_picked":["Brutality","Juggernaut"],"picked":"Bludgeon+1","floor":16.0},{"not_picked":["Seeing Red","Headbutt+1"],"picked":"Body Slam+1","floor":18.0},{"not_picked":["Wild Strike+1","Entrench","Clothesline+1"],"picked":"SKIP","floor":19.0},{"not_picked":["Power Through+1","Pommel Strike+1"],"picked":"Shrug It Off+1","floor":21.0},{"not_picked":["True Grit+1","Sword Boomerang+1"],"picked":"Headbutt+1","floor":22.0},{"not_picked":["Pummel+1","Twin Strike+1"],"picked":"Shrug It Off+1","floor":23.0},{"not_picked":["Armaments+1","Entrench+1","Bludgeon+1"],"picked":"SKIP","floor":25.0},{"not_picked":["Headbutt+1","Clothesline+1"],"picked":"Hemokinesis+1","floor":28.0},{"not_picked":["Second Wind+1","Headbutt+1"],"picked":"Shrug It Off+1","floor":29.0},{"not_picked":["Reckless Charge+1","Sword Boomerang+1"],"picked":"Thunderclap+1","floor":30.0},{"not_picked":["Sword Boomerang+1","Perfected Strike+1","Second Wind+1"],"picked":"SKIP","floor":31.0},{"not_picked":["Barricade","Feed+1"],"picked":"Double Tap+1","floor":33.0},{"not_picked":["Dual Wield+1","Reckless Charge+1","Wild Strike+1"],"picked":"SKIP","floor":35.0},{"not_picked":["Madness+1","Magnetism"],"picked":"Secret Weapon+1","floor":37.0},{"not_picked":["Swift Strike+1","Apotheosis+1"],"picked":"Metamorphosis+1","floor":37.0},{"not_picked":["Heavy Blade+1","Twin Strike+1"],"picked":"Clash+1","floor":39.0},{"not_picked":["Cleave+1","Sword Boomerang+1"],"picked":"Uppercut+1","floor":39.0},{"not_picked":["Intimidate+1","Rampage+1"],"picked":"Ghostly Armor+1","floor":40.0},{"not_picked":["Uppercut+1","Heavy Blade+1"],"picked":"Ghostly Armor+1","floor":41.0},{"not_picked":["Feel No Pain","Juggernaut"],"picked":"Flame Barrier+1","floor":41.0},{"not_picked":["Iron Wave+1","Anger+1"],"picked":"Body Slam+1","floor":45.0},{"not_picked":["True Grit+1","Clothesline+1"],"picked":"Clash+1","floor":47.0},{"not_picked":["Whirlwind+1","Dual Wield+1"],"picked":"Inflame","floor":48.0},{"not_picked":["Twin Strike+1","Uppercut+1","Wild Strike+1"],"picked":"SKIP","floor":48.0},{"not_picked":["Searing Blow+1","Wild Strike+1","Heavy Blade+1"],"picked":"SKIP","floor":54.0}],"player_experience":358811,"relics_obtained":[{"floor":8.0,"key":"The Courier"},{"floor":10.0,"key":"Bronze Scales"},{"floor":12.0,"key":"FossilizedHelix"},{"floor":14.0,"key":"Pear"},{"floor":23.0,"key":"Turnip"},{"floor":25.0,"key":"Dead Branch"},{"floor":26.0,"key":"Omamori"},{"floor":29.0,"key":"Centennial Puzzle"},{"floor":31.0,"key":"Meat on the Bone"},{"floor":36.0,"key":"Champion Belt"},{"floor":38.0,"key":"Prayer Wheel"},{"floor":40.0,"key":"Anchor"},{"floor":43.0,"key":"Happy Flower"},{"floor":45.0,"key":"Juzu Bracelet"},{"floor":47.0,"key":"Vajra"},{"floor":54.0,"key":"Paper Frog"}],"event_choices":[{"damage_healed":0.0,"max_hp_gain":0.0,"max_hp_loss":0.0,"gold_gain":0.0,"event_name":"Match and Keep!","player_choice":"1 cards matched","floor":2.0,"gold_loss":0.0,"damage_taken":0.0,"cards_obtained":["Good Instincts"]},{"damage_healed":0.0,"max_hp_gain":0.0,"max_hp_loss":0.0,"gold_gain":0.0,"event_name":"WeMeetAgain","player_choice":"Gave Potion","floor":20.0,"gold_loss":0.0,"damage_taken":0.0,"relics_obtained":["Toxic Egg 2"]},{"damage_healed":0.0,"max_hp_gain":0.0,"max_hp_loss":0.0,"gold_gain":0.0,"event_name":"Mysterious Sphere","player_choice":"Fight","floor":36.0,"gold_loss":0.0,"damage_taken":0.0},{"damage_healed":0.0,"max_hp_gain":0.0,"max_hp_loss":0.0,"gold_gain":0.0,"event_name":"SensoryStone","player_choice":"Memory 3","floor":37.0,"gold_loss":0.0,"damage_taken":10.0},{"damage_healed":0.0,"max_hp_gain":0.0,"max_hp_loss":0.0,"gold_gain":0.0,"event_name":"MindBloom","player_choice":"Fight","floor":38.0,"gold_loss":0.0,"damage_taken":0.0},{"damage_healed":0.0,"max_hp_gain":0.0,"max_hp_loss":0.0,"gold_gain":100.0,"event_name":"Golden Shrine","player_choice":"Pray","floor":42.0,"gold_loss":0.0,"damage_taken":0.0}],"is_beta":false,"boss_relics":[{"not_picked":["Empty Cage","White Beast Statue"],"picked":"Philosopher\u0027s Stone"},{"not_picked":["Busted Crown","Sozu"],"picked":"Fusion Hammer"}],"items_purged_floors":[3,24,27,44],"is_endless":false,"potions_floor_spawned":[1,8,14,16,19,22,23,30,31,33,36,39,48,54],"ascension_level":10}