{"gold_per_floor":[111,111,128,145,161,161,175,46,46,65,76,76,153,165,165,165],"floor_reached":16,"playtime":658,"items_purged":["Defend_R"],"score":96,"play_id":"0318736f-6ca1-49c7-a409-a58bc6ac3e09","local_time":"20181209102842","is_ascension_mode":false,"campfire_choices":[{"data":"Iron Wave","floor":6,"key":"SMITH"},{"data":"Shrug It Off","floor":15,"key":"SMITH"}],"neow_cost":"NONE","seed_source_timestamp":821072125514525,"circlet_count":0,"master_deck":["Strike_R","Strike_R","Strike_R","Strike_R","Strike_R","Defend_R","Defend_R","Bash","Iron Wave+1","Pommel Strike","Wild Strike","Shrug It Off+1","Armaments"],"relics":["Burning Blood","NeowsBlessing","Kunai"],"potions_floor_usage":[5,7,16],"damage_taken":[{"damage":0,"enemies":"Jaw Worm","floor":1,"turns":1},{"damage":0,"enemies":"Cultist","floor":3,"turns":1},{"damage":0,"enemies":"Small Slimes","floor":4,"turns":1},{"damage":4,"enemies":"Blue Slaver","floor":5,"turns":3},{"damage":0,"enemies":"3 Louse","floor":7,"turns":3},{"damage":27,"enemies":"Large Slime","floor":10,"turns":8},{"damage":1,"enemies":"Red Slaver","floor":11,"turns":5},{"damage":3,"enemies":"Looter","floor":14,"turns":3},{"damage":70,"enemies":"Hexaghost","floor":16,"turns":13}],"seed_played":"6741384800117341796","potions_obtained":[{"floor":3,"key":"Fire Potion"},{"floor":5,"key":"Block Potion"},{"floor":10,"key":"SteroidPotion"}],"is_trial":false,"path_per_floor":["M","?","M","M","M","R","M","$","T","M","M","$","?","M","R","B"],"character_chosen":"IRONCLAD","items_purchased":["Shrug It Off"],"campfire_rested":0,"item_purchase_floors":[8],"current_hp_per_floor":[80,80,80,80,80,80,80,80,80,59,64,64,64,67,67,0],"gold":165,"neow_bonus":"THREE_ENEMY_KILL","is_prod":false,"is_daily":false,"chose_seed":false,"campfire_upgraded":2,"win_rate":0,"timestamp":1544369322,"path_taken":["M","?","M","M","M","R","M","$","T","M","?","$","?","M","R","BOSS"],"build_version":"2018-12-06","purchased_purges":1,"victory":false,"max_hp_per_floor":[80,80,80,80,80,80,80,80,80,80,80,80,80,80,80,80],"card_choices":[{"not_picked":["Flex","Ghostly Armor"],"picked":"Iron Wave","floor":1},{"not_picked":["Shockwave","True Grit","Cleave"],"picked":"SKIP","floor":3},{"not_picked":["Heavy Blade","Blood for Blood"],"picked":"Pommel Strike","floor":4},{"not_picked":["Headbutt","Body Slam"],"picked":"Wild Strike","floor":5},{"not_picked":["Heavy Blade","True Grit","Combust"],"picked":"SKIP","floor":7},{"not_picked":["Bludgeon","Uppercut","Corruption"],"picked":"SKIP","floor":10},{"not_picked":["Flex","Cleave"],"picked":"Armaments","floor":11},{"not_picked":["Armaments","Battle Trance","Ghostly Armor"],"picked":"SKIP","floor":14}],"player_experience":207589,"relics_obtained":[{"floor":9,"key":"Kunai"}],"event_choices":[{"cards_removed":["Defend_R"],"damage_healed":0,"gold_gain":0,"player_choice":"Purged","damage_taken":0,"max_hp_gain":0,"max_hp_loss":0,"event_name":"Purifier","floor":2,"gold_loss":0},{"damage_healed":0,"gold_gain":77,"player_choice":"Gained Gold","damage_taken":0,"max_hp_gain":0,"max_hp_loss":0,"event_name":"Golden Wing","floor":13,"gold_loss":0}],"is_beta":false,"boss_relics":[],"items_purged_floors":[8],"is_endless":false,"potions_floor_spawned":[3,5,10],"killed_by":"Hexaghost","ascension_level":0}