{"gold_per_floor":[209,222,73,73,83,83,114,114,137,117,137,137,137,155,155,260,260,272,6,18,18,18,18,18,18,18,32,63,28,81,116,116,116],"floor_reached":33,"playtime":1433,"items_purged":["Strike_B"],"score":436,"play_id":"24d4d2b2-e307-41f1-8fda-85c7df41c887","local_time":"20180922112414","is_ascension_mode":true,"campfire_choices":[{"data":"Dualcast","floor":6,"key":"SMITH"},{"data":"Machine Learning","floor":8,"key":"SMITH"},{"data":"Leap","floor":12,"key":"SMITH"},{"data":"Biased Cognition","floor":15,"key":"SMITH"},{"data":"Coolheaded","floor":23,"key":"SMITH"},{"data":"Coolheaded","floor":25,"key":"SMITH"},{"floor":32,"key":"REST"}],"neow_cost":"NONE","seed_source_timestamp":665855690618256,"circlet_count":0,"master_deck":["Strike_B","Strike_B","Defend_B","Defend_B","Defend_B","Defend_B","Zap+1","Dualcast+1","AscendersBane","Leap+1","Static Discharge","Machine Learning+1","Coolheaded","Heatsinks","Melter","Biased Cognition+1","Amplify","Coolheaded+1","Coolheaded+1","Writhe","Electrodynamics","Capacitor"],"relics":["Cracked Core","Strawberry","Happy Flower","Inserter","Mummified Hand","Bag of Preparation","MutagenicStrength","Mercury Hourglass","Darkstone Periapt","Oddly Smooth Stone","Pen Nib"],"potions_floor_usage":[18,28,28,33],"damage_taken":[{"damage":1,"enemies":"Cultist","floor":1,"turns":3},{"damage":0,"enemies":"2 Louse","floor":2,"turns":4},{"damage":0,"enemies":"Jaw Worm","floor":5,"turns":3},{"damage":17,"enemies":"3 Sentries","floor":7,"turns":7},{"damage":8,"enemies":"3 Louse","floor":11,"turns":3},{"damage":0,"enemies":"Blue Slaver","floor":14,"turns":4},{"damage":8,"enemies":"The Guardian","floor":16,"turns":12},{"damage":0,"enemies":"Chosen","floor":18,"turns":6},{"damage":0,"enemies":"Spheric Guardian","floor":20,"turns":2},{"damage":6,"enemies":"Snecko","floor":27,"turns":7},{"damage":34,"enemies":"Gremlin Leader","floor":28,"turns":5},{"damage":23,"enemies":"Slavers","floor":31,"turns":1},{"damage":27,"enemies":"Champ","floor":33,"turns":8}],"seed_played":"769187407909840971","potions_obtained":[{"floor":7,"key":"SkillPotion"},{"floor":10,"key":"SneckoOil"},{"floor":11,"key":"Fire Potion"},{"floor":18,"key":"PowerPotion"},{"floor":20,"key":"FocusPotion"},{"floor":31,"key":"Dexterity Potion"}],"is_trial":false,"path_per_floor":["M","M","$","?","M","R","E","R","T","?","M","R","?","M","R","B",null,"M","$","M","?","?","R","?","R","T","M","E","$","T","E","R"],"character_chosen":"DEFECT","items_purchased":["Machine Learning","Mummified Hand","Coolheaded","Capacitor"],"campfire_rested":1,"item_purchase_floors":[3,19,19,29],"current_hp_per_floor":[67,67,67,67,67,67,57,57,57,57,49,49,49,49,49,41,72,72,72,72,72,72,72,64,64,64,58,24,24,24,1,25,0],"gold":116,"neow_bonus":"HUNDRED_GOLD","is_prod":false,"is_daily":false,"chose_seed":false,"campfire_upgraded":6,"win_rate":0,"timestamp":1537629854,"path_taken":["M","?","$","?","M","R","E","R","T","?","M","R","?","M","R","BOSS","M","$","M","?","?","R","?","R","T","?","E","$","?","E","R","BOSS"],"build_version":"2018-09-20","purchased_purges":1,"victory":false,"max_hp_per_floor":[75,75,75,75,75,75,82,82,82,82,82,82,82,82,82,82,82,82,82,82,82,82,82,82,82,82,82,82,82,82,82,82,82],"card_choices":[{"not_picked":["Compile Driver","Hello World"],"picked":"Leap","floor":1},{"not_picked":["Gash","Turbo"],"picked":"Static Discharge","floor":2},{"not_picked":["Steam Power","Turbo"],"picked":"Coolheaded","floor":5},{"not_picked":["Cold Snap","Compile Driver"],"picked":"Heatsinks","floor":7},{"not_picked":["Compile Driver","Undo","Go for the Eyes"],"picked":"SKIP","floor":11},{"not_picked":["Undo","Conserve Battery"],"picked":"Biased Cognition","floor":14},{"not_picked":["Hyperbeam","Thunder Strike"],"picked":"Amplify","floor":16},{"not_picked":["Conserve Battery","Beam Cell"],"picked":"Coolheaded","floor":18},{"not_picked":["Doom and Gloom","Streamline+1","Recycle"],"picked":"SKIP","floor":20},{"not_picked":["Beam Cell","Genetic Algorithm+1","Redo"],"picked":"SKIP","floor":27},{"not_picked":["Coolheaded","Gash"],"picked":"Electrodynamics","floor":28},{"not_picked":["Genetic Algorithm","Coolheaded","Scrape"],"picked":"SKIP","floor":31}],"player_experience":233972,"relics_obtained":[{"floor":7,"key":"Strawberry"},{"floor":9,"key":"Happy Flower"},{"floor":26,"key":"Mercury Hourglass"},{"floor":28,"key":"Darkstone Periapt"},{"floor":30,"key":"Oddly Smooth Stone"},{"floor":31,"key":"Pen Nib"}],"event_choices":[{"event_name":"Living Wall","player_choice":"Grow","floor":4,"damage_taken":0},{"event_name":"The Woman in Blue","player_choice":"Bought 1 Potion","floor":10,"damage_taken":0},{"event_name":"Transmorgrifier","player_choice":"Transform","floor":13,"damage_taken":0},{"event_name":"The Mausoleum","player_choice":"Yes","floor":21,"damage_taken":0},{"event_name":"Drug Dealer","player_choice":"Inject Mutagens","floor":22,"damage_taken":0},{"event_name":"Knowing Skull","player_choice":"","floor":24,"damage_taken":0}],"is_beta":false,"boss_relics":[{"not_picked":["Black Star","Philosopher\u0027s Stone"],"picked":"Inserter"}],"items_purged_floors":[3],"is_endless":false,"potions_floor_spawned":[7,11,18,20,31],"killed_by":"Champ","ascension_level":11}