{"gold_per_floor":[116,130,205,205,101,133,133,158,158,188,188,35,64,74,74,176,176,161,161,174,174,190,201,216,216],"floor_reached":25,"playtime":1478,"items_purged":["Defend_B"],"score":332,"play_id":"ffa2f10c-94c3-4387-8ac2-d164fef20bda","local_time":"20180919163548","is_ascension_mode":true,"campfire_choices":[{"data":"Redo","floor":7,"key":"SMITH"},{"floor":11,"key":"REST"},{"data":"Loop","floor":15,"key":"SMITH"}],"neow_cost":"NONE","seed_source_timestamp":425287825237743,"circlet_count":0,"master_deck":["Strike_B","Strike_B","Strike_B","Defend_B","Defend_B","Defend_B","Zap","Dualcast","Glacier","Heatsinks","Static Discharge","Redo+1","Self Repair","Tempest","Loop+1","Hello World","Auto Shields","Echo Form","White Noise","Loop","Turbo","Loop+1","Leap+1"],"relics":["Cracked Core","NeowsBlessing","Darkstone Periapt","Potion Belt","Oddly Smooth Stone","Orichalcum","White Beast Statue"],"potions_floor_usage":[23,24,25],"damage_taken":[{"damage":0,"enemies":"Cultist","floor":1,"turns":1},{"damage":0,"enemies":"2 Louse","floor":2,"turns":1},{"damage":0,"enemies":"Gremlin Nob","floor":6,"turns":1},{"damage":19,"enemies":"3 Sentries","floor":8,"turns":10},{"damage":7,"enemies":"Lagavulin","floor":13,"turns":6},{"damage":10,"enemies":"Jaw Worm","floor":14,"turns":4},{"damage":38,"enemies":"Slime Boss","floor":16,"turns":8},{"damage":20,"enemies":"2 Thieves","floor":18,"turns":4},{"damage":24,"enemies":"Chosen","floor":20,"turns":5},{"damage":1,"enemies":"Snecko","floor":22,"turns":8},{"damage":9,"enemies":"Centurion and Healer","floor":23,"turns":8},{"damage":38,"enemies":"3 Cultists","floor":24,"turns":5},{"damage":44,"enemies":"Masked Bandits","floor":25,"turns":3}],"seed_played":"-7466505025294557391","potions_obtained":[{"floor":2,"key":"SteroidPotion"},{"floor":13,"key":"FearPotion"},{"floor":16,"key":"FocusPotion"},{"floor":18,"key":"Explosive Potion"},{"floor":20,"key":"SpeedPotion"},{"floor":22,"key":"EssenceOfSteel"},{"floor":23,"key":"Strength Potion"},{"floor":24,"key":"SpeedPotion"}],"is_trial":false,"path_per_floor":["M","M","?","?","$","E","R","E","T","?","R","$","E","M","R","B",null,"M","?","M","?","M","M","M"],"character_chosen":"DEFECT","items_purchased":["Static Discharge","Redo","Loop"],"campfire_rested":1,"item_purchase_floors":[5,5,12],"current_hp_per_floor":[68,68,57,50,50,50,50,38,38,38,60,60,60,57,57,26,63,57,57,47,47,53,58,34,0],"gold":216,"neow_bonus":"THREE_ENEMY_KILL","is_prod":false,"is_daily":false,"chose_seed":false,"campfire_upgraded":2,"win_rate":0,"timestamp":1537389348,"path_taken":["M","?","?","?","$","E","R","E","T","?","R","?","E","?","R","BOSS","M","?","M","?","M","M","M","?"],"build_version":"2018-09-06","purchased_purges":1,"victory":false,"max_hp_per_floor":[75,75,75,75,75,75,75,75,75,75,75,75,75,75,75,75,75,75,75,75,75,75,75,75,75],"card_choices":[{"not_picked":["Leap","Rip and Tear"],"picked":"Glacier","floor":1},{"not_picked":["Streamline","Go for the Eyes"],"picked":"Heatsinks","floor":2},{"not_picked":["Compile Driver","Core Surge"],"picked":"Self Repair","floor":6},{"not_picked":["Redo","Sweeping Beam"],"picked":"Tempest","floor":8},{"not_picked":["Sweeping Beam","Rip and Tear"],"picked":"Hello World","floor":13},{"not_picked":["Recycle","Rebound"],"picked":"Auto Shields","floor":14},{"not_picked":["Meteor Strike","All For One"],"picked":"Echo Form","floor":16},{"not_picked":["Sunder","Cold Snap"],"picked":"White Noise","floor":18},{"not_picked":["Streamline","Gash"],"picked":"Turbo","floor":20},{"not_picked":["FTL","Barrage","Cold Snap"],"picked":"SKIP","floor":22},{"not_picked":["Sweeping Beam+1","Turbo","Barrage"],"picked":"SKIP","floor":23},{"not_picked":["Reboot","Ball Lightning"],"picked":"Leap+1","floor":24}],"player_experience":206130,"relics_obtained":[{"floor":6,"key":"Darkstone Periapt"},{"floor":8,"key":"Potion Belt"},{"floor":9,"key":"Oddly Smooth Stone"},{"floor":13,"key":"Orichalcum"}],"event_choices":[{"event_name":"World of Goop","player_choice":"Gather Gold","floor":3,"damage_taken":0},{"event_name":"Golden Wing","player_choice":"Card Removal","floor":4,"damage_taken":0},{"event_name":"Dead Adventurer","player_choice":"Searched \u00271\u0027 times","floor":10,"damage_taken":0},{"event_name":"The Library","player_choice":"Read","floor":19,"damage_taken":0},{"event_name":"Duplicator","player_choice":"One dupe","floor":21,"damage_taken":0},{"event_name":"Masked Bandits","player_choice":"Fought Bandits","floor":25,"damage_taken":0}],"is_beta":false,"boss_relics":[{"not_picked":["Runic Dome","Empty Cage"],"picked":"White Beast Statue"}],"items_purged_floors":[12],"is_endless":false,"potions_floor_spawned":[2,13,16,18,20,22,23,24],"killed_by":"Masked Bandits","ascension_level":7}