{"gold_per_floor":[215,231,64,64,76,76,89,124,124,139,66,66],"floor_reached":12,"playtime":388,"items_purged":["Strike_G"],"score":148,"play_id":"bf2558e5-939f-4c9c-95a9-f56f40a0ccf7","local_time":"20180913132549","is_ascension_mode":true,"campfire_choices":[{"data":"Dagger Spray","floor":6,"key":"SMITH"}],"neow_cost":"NONE","seed_source_timestamp":601864742321257,"circlet_count":0,"master_deck":["Defend_G","Defend_G","Defend_G","Defend_G","Defend_G","Strike_G+1","Strike_G+1","Strike_G","Survivor","Neutralize","AscendersBane","Deflect","Dagger Spray+1","Noxious Fumes","Footwork","Backflip","Slice"],"relics":["Ring of the Snake","Centennial Puzzle","Whetstone"],"potions_floor_usage":[8,10,10],"damage_taken":[{"damage":1,"enemies":"Small Slimes","floor":1,"turns":5},{"damage":0,"enemies":"2 Louse","floor":2,"turns":2},{"damage":8,"enemies":"Jaw Worm","floor":5,"turns":5},{"damage":3,"enemies":"2 Fungi Beasts","floor":7,"turns":4},{"damage":34,"enemies":"Gremlin Nob","floor":8,"turns":5},{"damage":3,"enemies":"Exordium Wildlife","floor":10,"turns":5},{"damage":14,"enemies":"Red Slaver","floor":12,"turns":3}],"seed_played":"-862969128003660254","potions_obtained":[{"floor":2,"key":"Dexterity Potion"},{"floor":5,"key":"FearPotion"},{"floor":8,"key":"Fire Potion"}],"is_trial":false,"path_per_floor":["M","M","$","?","M","R","M","E","T","M","?"],"character_chosen":"THE_SILENT","items_purchased":["Noxious Fumes"],"campfire_rested":0,"item_purchase_floors":[3],"current_hp_per_floor":[58,58,58,51,43,43,40,6,6,3,3,0],"gold":66,"neow_bonus":"HUNDRED_GOLD","is_prod":false,"is_daily":false,"chose_seed":false,"campfire_upgraded":1,"win_rate":0,"timestamp":1536812749,"path_taken":["M","M","$","?","M","R","M","E","T","M","?","?"],"build_version":"2018-09-06","purchased_purges":1,"victory":false,"max_hp_per_floor":[66,66,66,66,66,66,66,66,66,66,66,66],"card_choices":[{"not_picked":["Sucker Punch","PiercingWail"],"picked":"Deflect","floor":1},{"not_picked":["Acrobatics","Blade Dance"],"picked":"Dagger Spray","floor":2},{"not_picked":["Flying Knee","Bouncing Flask"],"picked":"Footwork","floor":5},{"not_picked":["Choke","Distraction"],"picked":"Backflip","floor":7},{"not_picked":["Backflip","Underhanded Strike","Flying Knee"],"picked":"SKIP","floor":8},{"not_picked":["Blade Dance","Dagger Spray"],"picked":"Slice","floor":10}],"player_experience":658613,"relics_obtained":[{"floor":8,"key":"Centennial Puzzle"},{"floor":9,"key":"Whetstone"}],"event_choices":[{"event_name":"Golden Wing","player_choice":"Card Removal","floor":4,"damage_taken":0},{"event_name":"World of Goop","player_choice":"Left","floor":11,"damage_taken":0}],"is_beta":false,"boss_relics":[],"items_purged_floors":[3],"is_endless":false,"potions_floor_spawned":[2,5,8],"killed_by":"Red Slaver","ascension_level":17}