{"gold_per_floor":[117,117,192,202,212,212,231,231,258,285,285,285,17,27,27,27],"floor_reached":16,"playtime":547,"items_purged":["Meteor Strike"],"score":200,"play_id":"68a42c00-03d6-4d0a-adda-131d0d4e4b32","local_time":"20190228220733","is_ascension_mode":true,"campfire_choices":[{"data":"Zap","floor":6,"key":"SMITH"},{"data":"Recycle","floor":8,"key":"SMITH"},{"data":"Defragment","floor":11,"key":"SMITH"},{"floor":15,"key":"REST"}],"neow_cost":"NONE","seed_source_timestamp":1944681858593600,"circlet_count":0,"master_deck":["AscendersBane","Strike_B","Strike_B","Strike_B","Defend_B","Defend_B","Defend_B","Defend_B","Zap+1","Dualcast+1","Cold Snap","Gash","Ball Lightning","Recycle+1","Defragment+1","Defragment","Conserve Battery"],"relics":["Cracked Core","Art of War","Omamori"],"potions_floor_usage":[10,10,16,16],"damage_taken":[{"damage":4,"enemies":"Small Slimes","floor":1,"turns":3},{"damage":7,"enemies":"Jaw Worm","floor":4,"turns":3},{"damage":1,"enemies":"2 Louse","floor":5,"turns":3},{"damage":27,"enemies":"Exordium Wildlife","floor":7,"turns":4},{"damage":6,"enemies":"3 Sentries","floor":10,"turns":6},{"damage":6,"enemies":"2 Fungi Beasts","floor":14,"turns":2},{"damage":29,"enemies":"The Guardian","floor":16,"turns":5}],"seed_played":"8484505964214693018","potions_obtained":[{"floor":5,"key":"Explosive Potion"},{"floor":7,"key":"FocusPotion"}],"is_trial":false,"path_per_floor":["M","?","?","M","M","R","M","R","T","E","R","?","$","M","R","B"],"character_chosen":"DEFECT","items_purchased":["Defragment","PowerPotion","AttackPotion"],"campfire_rested":1,"item_purchase_floors":[13,13,13],"current_hp_per_floor":[60,65,54,47,46,46,19,19,19,13,13,13,13,7,29,0],"gold":27,"neow_bonus":"TRANSFORM_CARD","is_prod":false,"is_daily":false,"chose_seed":false,"campfire_upgraded":3,"win_rate":0,"timestamp":1551420453,"path_taken":["M","?","?","M","M","R","M","R","T","E","R","?","?","M","R","BOSS"],"build_version":"2019-01-23","purchased_purges":1,"victory":false,"max_hp_per_floor":[71,76,76,76,76,76,76,76,76,76,76,76,76,76,76,76],"card_choices":[{"not_picked":["Coolheaded","Aggregate"],"picked":"Cold Snap","floor":1},{"not_picked":["Go for the Eyes","Lockon"],"picked":"Gash","floor":4},{"not_picked":["Lockon","Reprogram"],"picked":"Ball Lightning","floor":5},{"not_picked":["Blizzard","Skim"],"picked":"Recycle","floor":7},{"not_picked":["Steam","Barrage"],"picked":"Defragment","floor":10},{"not_picked":["Heatsinks","Gash"],"picked":"Conserve Battery","floor":14}],"player_experience":772814,"relics_obtained":[{"floor":9,"key":"Art of War"},{"floor":10,"key":"Omamori"}],"event_choices":[{"damage_healed":0,"gold_gain":0,"player_choice":"Donut","damage_taken":0,"max_hp_gain":5,"max_hp_loss":0,"event_name":"Big Fish","floor":2,"gold_loss":0},{"damage_healed":0,"gold_gain":75,"player_choice":"Gather Gold","damage_taken":11,"max_hp_gain":0,"max_hp_loss":0,"event_name":"World of Goop","floor":3,"gold_loss":0},{"damage_healed":0,"gold_gain":0,"player_choice":"Grow","damage_taken":0,"max_hp_gain":0,"max_hp_loss":0,"event_name":"Living Wall","floor":12,"gold_loss":0,"cards_upgraded":["Dualcast"]}],"is_beta":false,"boss_relics":[],"items_purged_floors":[13],"is_endless":false,"potions_floor_spawned":[5,7],"killed_by":"The Guardian","ascension_level":20}