{"gold_per_floor":[117,42,56,56,86,120,120,149,149,162,162,176,194,206,206,280,280,296,296,54,126,26,26,60,60,108,126,154,154,154,167,167,238,238,257,257,305,322,6,31,31,31,31,56,13,13,13,25,25,25],"floor_reached":51,"playtime":2740,"items_purged":["Masterful Stab","Strike_G"],"score":1437,"play_id":"45bc7874-1f6a-411d-9fb0-67f59a6fa00f","local_time":"20181015200534","is_ascension_mode":true,"campfire_choices":[{"data":"Neutralize","floor":7.0,"key":"SMITH"},{"floor":11.0,"key":"REST"},{"floor":15.0,"key":"REST"},{"data":"Leg Sweep","floor":23.0,"key":"SMITH"},{"data":"Footwork","floor":25.0,"key":"SMITH"},{"data":"Venomology","floor":30.0,"key":"SMITH"},{"floor":32.0,"key":"REST"},{"data":"Catalyst","floor":42,"key":"SMITH"},{"floor":49,"key":"REST"}],"neow_cost":"TEN_PERCENT_HP_LOSS","seed_source_timestamp":8008899508236,"circlet_count":0,"master_deck":["Defend_G+1","Defend_G+1","Survivor+1","Neutralize+1","AscendersBane","Predator+1","Footwork+1","Blur+1","Dagger Spray+1","PiercingWail+1","Dodge and Roll+1","Terror+1","Venomology+1","Corpse Explosion+1","Bane+1","Catalyst+1","Leg Sweep+1","Dodge and Roll+1","Backflip+1","Prepared+1","Deflect+1","Noxious Fumes+1","Prepared+1","Doppelganger+1","Catalyst+1","Backflip+1","Acrobatics+1","Escape Plan+1","Die Die Die+1","Deadly Poison"],"special_seed":0,"relics":["Ring of the Snake","Tiny Chest","Potion Belt","Darkstone Periapt","Prayer Wheel","Astrolabe","Matryoshka","Torii","Pen Nib","Vajra","Anchor","Juzu Bracelet","Mercury Hourglass","Cursed Key","FaceOfCleric","Bird Faced Urn","PrismaticShard","Regal Pillow","Dream Catcher","Mark of the Bloom"],"potions_floor_usage":[37,37,40,40,40,48,50,50,50],"damage_taken":[{"damage":0.0,"enemies":"2 Louse","floor":1.0,"turns":4.0},{"damage":9.0,"enemies":"Jaw Worm","floor":3.0,"turns":2.0},{"damage":12.0,"enemies":"3 Sentries","floor":6.0,"turns":9.0},{"damage":24.0,"enemies":"Gremlin Nob","floor":8.0,"turns":4.0},{"damage":0.0,"enemies":"Cultist","floor":10.0,"turns":3.0},{"damage":6.0,"enemies":"Red Slaver","floor":12.0,"turns":4.0},{"damage":8.0,"enemies":"Large Slime","floor":13.0,"turns":6.0},{"damage":6.0,"enemies":"Lots of Slimes","floor":14.0,"turns":3.0},{"damage":16.0,"enemies":"Slime Boss","floor":16.0,"turns":7.0},{"damage":17.0,"enemies":"Spheric Guardian","floor":18.0,"turns":8.0},{"damage":12.0,"enemies":"Slavers","floor":24.0,"turns":3.0},{"damage":2.0,"enemies":"Shell Parasite","floor":27.0,"turns":8.0},{"damage":14.0,"enemies":"Book of Stabbing","floor":28.0,"turns":7.0},{"damage":13.0,"enemies":"Cultist and Chosen","floor":31.0,"turns":6.0},{"damage":23.0,"enemies":"Champ","floor":33.0,"turns":16.0},{"damage":0.0,"enemies":"Orb Walker","floor":35.0,"turns":3.0},{"damage":0,"enemies":"Mysterious Sphere","floor":37,"turns":2},{"damage":1,"enemies":"3 Darklings","floor":38,"turns":4},{"damage":4,"enemies":"2 Orb Walkers","floor":40,"turns":3},{"damage":13,"enemies":"Giant Head","floor":44,"turns":7},{"damage":0,"enemies":"Transient","floor":48,"turns":6},{"damage":1,"enemies":"Awakened One","floor":50,"turns":14}],"seed_played":"-2891642393083553995","potions_obtained":[{"floor":3.0,"key":"Strength Potion"},{"floor":8.0,"key":"AttackPotion"},{"floor":10.0,"key":"Energy Potion"},{"floor":12.0,"key":"PowerPotion"},{"floor":13.0,"key":"Block Potion"},{"floor":24.0,"key":"Block Potion"},{"floor":33.0,"key":"Explosive Potion"},{"floor":37,"key":"Block Potion"},{"floor":38,"key":"Strength Potion"},{"floor":40,"key":"FearPotion"}],"is_trial":false,"path_per_floor":["M","?","M","?","T","E","R","E","T","M","R","M","M","M","R","B",null,"M","?","$","T","$","R","E","R","T","M","E","T","R","M","R","B",null,"M","?","?","M","$","E","T","R","T","E","$","?","?","M","R","B"],"character_chosen":"THE_SILENT","items_purchased":["Regen Potion","GhostInAJar","PrismaticShard","Regen Potion","Escape Plan"],"campfire_rested":4,"item_purchase_floors":[20,20,39,39,45],"current_hp_per_floor":[59,59,50,50,50,38,38,14,14,14,32,26,18,12,30,14,49,32,32,32,32,32,32,32,32,32,30,31,31,31,18,36,13,48,48,48,49,53,53,63,63,63,63,53,53,53,53,53,53,52],"gold":25,"neow_bonus":"REMOVE_TWO","is_prod":false,"is_daily":false,"chose_seed":false,"campfire_upgraded":5,"win_rate":0,"timestamp":1539601534,"path_taken":["M","?","?","?","?","E","R","E","T","M","R","M","M","M","R","BOSS","M","?","$","?","$","R","E","R","T","M","E","?","R","M","R","BOSS","M","?","?","M","$","E","?","R","T","E","?","?","?","M","R","BOSS"],"build_version":"2018-10-11","purchased_purges":2,"victory":true,"max_hp_per_floor":[60,60,60,60,60,60,60,60,60,60,60,60,60,60,60,60,60,60,60,60,60,60,60,60,60,60,60,60,60,60,60,60,60,60,60,60,61,62,62,63,63,63,63,64,64,64,64,65,65,66],"card_choices":[{"not_picked":["Deadly Poison","Well Laid Plans"],"picked":"Predator","floor":1.0},{"not_picked":["Setup","Caltrops","Underhanded Strike"],"picked":"SKIP","floor":3.0},{"not_picked":["Tactician","Expertise","Blade Dance"],"picked":"SKIP","floor":6.0},{"not_picked":["Slice","Catalyst"],"picked":"Footwork","floor":8.0},{"not_picked":["Bane","Eviscerate"],"picked":"Masterful Stab","floor":10.0},{"not_picked":["Skewer","Dagger Throw"],"picked":"Blur","floor":10.0},{"not_picked":["Reflex","Heel Hook"],"picked":"Dagger Spray","floor":12.0},{"not_picked":["Outmaneuver","Dagger Throw"],"picked":"PiercingWail","floor":12.0},{"not_picked":["Blur","Deadly Poison"],"picked":"Dodge and Roll","floor":13.0},{"not_picked":["Backflip","Crippling Poison"],"picked":"Terror","floor":13.0},{"not_picked":["Poisoned Stab","Night Terror","Choke"],"picked":"SKIP","floor":14.0},{"not_picked":["Bouncing Flask","PiercingWail","Slice"],"picked":"SKIP","floor":14.0},{"not_picked":["A Thousand Cuts","Night Terror"],"picked":"Venomology","floor":16.0},{"not_picked":["Deflect","Sucker Punch"],"picked":"Leg Sweep","floor":18.0},{"not_picked":["Tactician","Outmaneuver"],"picked":"Dodge and Roll","floor":18.0},{"not_picked":["Reflex+1","Slice","Bane"],"picked":"SKIP","floor":24.0},{"not_picked":["Flechettes","Terror"],"picked":"Backflip","floor":27.0},{"not_picked":["Slice","Outmaneuver"],"picked":"Prepared+1","floor":27.0},{"not_picked":["Slice","Grand Finale"],"picked":"Deflect","floor":28.0},{"not_picked":["Underhanded Strike","Endless Agony"],"picked":"Noxious Fumes+1","floor":31.0},{"not_picked":["Cloak And Dagger+1","Deflect"],"picked":"Prepared+1","floor":31.0},{"not_picked":["A Thousand Cuts","Grand Finale"],"picked":"Doppelganger","floor":33.0},{"not_picked":["Dagger Spray+1","Reflex"],"picked":"Catalyst","floor":35.0},{"not_picked":["Blade Dance","Outmaneuver+1","Dagger Spray"],"picked":"SKIP","floor":35.0},{"not_picked":["Expertise","Sucker Punch"],"picked":"Backflip+1","floor":37},{"not_picked":["Blade Dance+1","Dagger Spray+1"],"picked":"Acrobatics","floor":38},{"not_picked":["Eviscerate","Crippling Poison+1","Underhanded Strike"],"picked":"SKIP","floor":38},{"not_picked":["Pommel Strike+1","Cleave","Sadistic Nature"],"picked":"SKIP","floor":40},{"not_picked":["Reaper","Stack","Havoc"],"picked":"SKIP","floor":44},{"not_picked":["Steam Power","Redo+1","Coolheaded+1"],"picked":"SKIP","floor":48},{"not_picked":["Dagger Throw","Redo","Thunderclap"],"picked":"SKIP","floor":48},{"not_picked":["Flex","Flame Barrier"],"picked":"Deadly Poison","floor":49}],"player_experience":700808,"relics_obtained":[{"floor":5.0,"key":"Tiny Chest"},{"floor":6.0,"key":"Potion Belt"},{"floor":8.0,"key":"Darkstone Periapt"},{"floor":9.0,"key":"Prayer Wheel"},{"floor":21.0,"key":"Matryoshka"},{"floor":24.0,"key":"Torii"},{"floor":26.0,"key":"Pen Nib"},{"floor":26.0,"key":"Vajra"},{"floor":28.0,"key":"Anchor"},{"floor":29.0,"key":"Juzu Bracelet"},{"floor":29.0,"key":"Mercury Hourglass"},{"floor":37,"key":"Bird Faced Urn"},{"floor":40,"key":"Regal Pillow"},{"floor":44,"key":"Dream Catcher"}],"event_choices":[{"event_name":"The Cleric","player_choice":"Card Removal","floor":2.0,"damage_taken":0.0},{"event_name":"Accursed Blacksmith","player_choice":"Forge","floor":4.0,"damage_taken":0.0},{"event_name":"Vampires","player_choice":"Ignored","floor":19.0,"damage_taken":0.0},{"event_name":"FaceTrader","player_choice":"Trade","floor":36.0,"damage_taken":0.0},{"event_name":"Mysterious Sphere","player_choice":"Fight","floor":37,"damage_taken":0},{"event_name":"Transmorgrifier","player_choice":"Transform","floor":46,"damage_taken":0},{"event_name":"MindBloom","player_choice":"Upgrade","floor":47,"damage_taken":0}],"is_beta":false,"boss_relics":[{"not_picked":["Empty Cage","Tiny House"],"picked":"Astrolabe"},{"not_picked":["Black Star","Philosopher\u0027s Stone"],"picked":"Cursed Key"}],"items_purged_floors":[20,22],"is_endless":false,"potions_floor_spawned":[3,8,10,12,13,24,33,37,38,40],"ascension_level":19}