{"gold_per_floor":[116,35,110,110,125,125,44,75,125,125,125,142,171,187,187,286,286,302,302,28,28,28,28,28,28,28,28,28,39,69,81,81,180,180,192,48,62,62,76,76,93,103,103,157,157,157,184,195,195,195,195,195,45,70,70],"floor_reached":55,"playtime":3889,"items_purged":["Defend_B"],"score":793,"play_id":"14a7b39f-f1c3-4c43-abc4-f75e867c1a87","local_time":"20190308025138","is_ascension_mode":true,"campfire_choices":[{"floor":6,"key":"RECALL"},{"floor":11,"key":"REST"},{"floor":15,"key":"REST"},{"data":"Defragment","floor":23,"key":"SMITH"},{"data":"Fusion","floor":25,"key":"SMITH"},{"data":"Electrodynamics","floor":27,"key":"SMITH"},{"floor":32,"key":"REST"},{"floor":40,"key":"REST"},{"floor":45,"key":"REST"},{"floor":49,"key":"REST"},{"data":"Echo Form","floor":52,"key":"SMITH"}],"neow_cost":"NONE","seed_source_timestamp":22044961257715,"circlet_count":0,"master_deck":["Zap","Dualcast","Capacitor","Sunder+1","Defragment+1","Coolheaded","Hologram","Coolheaded","Glacier","Electrodynamics+1","FTL+1","Tempest+1","Heatsinks+1","Fusion+1","Barrage","Biased Cognition","Hologram+1","Cold Snap+1","Echo Form+1","Genetic Algorithm","Blizzard+1","Force Field","Defragment+1","Turbo+1","Self Repair","Redo","Redo+1","Conserve Battery","Amplify","Defragment","Coolheaded+1"],"relics":["Cracked Core","NeowsBlessing","Potion Belt","Gremlin Horn","Boot","StoneCalendar","Astrolabe","Runic Capacitor","Mango","Omamori","Pandora\u0027s Box","DataDisk","FossilizedHelix","Bag of Preparation","Bag of Marbles","Blue Candle"],"potions_floor_usage":[33,33,50,50,50,50],"damage_taken":[{"damage":0,"enemies":"Small Slimes","floor":1,"turns":1},{"damage":0,"enemies":"2 Louse","floor":5,"turns":1},{"damage":0,"enemies":"Lagavulin","floor":8,"turns":1},{"damage":13,"enemies":"Jaw Worm","floor":12,"turns":5},{"damage":9,"enemies":"3 Sentries","floor":13,"turns":7},{"damage":6,"enemies":"2 Fungi Beasts","floor":14,"turns":3},{"damage":19,"enemies":"Slime Boss","floor":16,"turns":8},{"damage":22,"enemies":"2 Thieves","floor":18,"turns":2},{"damage":0,"enemies":"Chosen","floor":29,"turns":4},{"damage":35,"enemies":"Slavers","floor":30,"turns":3},{"damage":6,"enemies":"3 Cultists","floor":31,"turns":3},{"damage":19,"enemies":"Champ","floor":33,"turns":8},{"damage":23,"enemies":"3 Shapes","floor":35,"turns":3},{"damage":26,"enemies":"Orb Walker","floor":37,"turns":4},{"damage":33,"enemies":"Writhing Mass","floor":39,"turns":7},{"damage":22,"enemies":"Maw","floor":41,"turns":7},{"damage":10,"enemies":"4 Shapes","floor":42,"turns":3},{"damage":0,"enemies":"Giant Head","floor":47,"turns":7},{"damage":25,"enemies":"Spire Growth","floor":48,"turns":4},{"damage":39,"enemies":"Time Eater","floor":50,"turns":12},{"damage":18,"enemies":"Shield and Spear","floor":54,"turns":7},{"damage":97,"enemies":"The Heart","floor":55,"turns":8}],"seed_played":"-4128806146604719107","potions_obtained":[{"floor":8,"key":"Weak Potion"},{"floor":13,"key":"Dexterity Potion"},{"floor":18,"key":"SpeedPotion"},{"floor":30,"key":"Ancient Potion"},{"floor":31,"key":"SmokeBomb"},{"floor":42,"key":"SpeedPotion"},{"floor":47,"key":"Explosive Potion"},{"floor":54,"key":"FairyPotion"}],"is_trial":false,"path_per_floor":["M","$","?","?","M","R","$","E","T","?","R","M","E","M","R","B",null,"M","?","$","?","$","R","$","R","T","R","T","M","E","M","R","B",null,"M","$","M","?","M","R","M","M","T","T","R","?","E","M","R","B",null,"R","$","E","B"],"character_chosen":"DEFECT","items_purchased":["Capacitor","Defragment","Runic Capacitor","DataDisk","Amplify","Defragment"],"campfire_rested":6,"item_purchase_floors":[2,7,20,36,53,53],"current_hp_per_floor":[75,75,64,52,52,52,52,52,52,37,59,46,37,31,53,34,75,53,53,53,53,53,53,53,53,67,67,67,67,32,26,52,33,89,66,66,40,40,7,33,11,8,8,8,34,34,41,23,49,17,89,89,89,85,0],"gold":70,"neow_bonus":"THREE_ENEMY_KILL","is_prod":false,"is_daily":false,"chose_seed":false,"campfire_upgraded":4,"win_rate":0,"timestamp":1551981098,"path_taken":["M","$","?","?","M","R","$","E","T","?","R","?","E","M","R","BOSS","M","?","$","?","?","R","$","R","T","R","?","?","E","M","R","BOSS","M","$","M","?","?","R","M","M","T","?","R","?","E","M","R","BOSS","R","$","E","BOSS"],"build_version":"2019-01-23","purchased_purges":1,"victory":false,"max_hp_per_floor":[75,75,75,75,75,75,75,75,75,75,75,75,75,75,75,75,75,75,75,75,75,75,75,75,75,89,89,89,89,89,89,89,89,89,89,89,89,89,89,89,89,89,89,89,89,89,89,89,89,89,89,89,89,89,89],"card_choices":[{"not_picked":["Streamline","Recycle","Skim"],"picked":"SKIP","floor":1},{"not_picked":["Gash","Self Repair"],"picked":"Sunder","floor":5},{"not_picked":["Heatsinks","Hologram"],"picked":"Coolheaded","floor":8},{"not_picked":["Steam Power","Stack"],"picked":"Hologram","floor":12},{"not_picked":["Aggregate","Compile Driver"],"picked":"Coolheaded","floor":13},{"not_picked":["Genetic Algorithm","Hologram"],"picked":"Glacier","floor":14},{"not_picked":["Amplify","Machine Learning"],"picked":"Electrodynamics","floor":16},{"not_picked":["Stack","Reprogram+1"],"picked":"Fusion","floor":18},{"not_picked":["Gash","Sweeping Beam","Stack"],"picked":"SKIP","floor":29},{"not_picked":["Heatsinks","Sunder"],"picked":"Hologram+1","floor":30},{"not_picked":["Capacitor","Aggregate"],"picked":"Cold Snap+1","floor":31},{"not_picked":["Buffer","Rainbow"],"picked":"Echo Form","floor":33},{"not_picked":["Rebound","Cold Snap"],"picked":"Blizzard+1","floor":35},{"not_picked":["Ball Lightning+1","Storm+1"],"picked":"Force Field","floor":37},{"not_picked":["Darkness+1","Loop+1"],"picked":"Turbo+1","floor":39},{"not_picked":["Loop","Rip and Tear"],"picked":"Self Repair","floor":41},{"not_picked":["Steam","Recycle"],"picked":"Redo","floor":42},{"not_picked":["Coolheaded","Beam Cell+1"],"picked":"Redo+1","floor":47},{"not_picked":["Capacitor","Stack"],"picked":"Conserve Battery","floor":48},{"not_picked":["Auto Shields+1","Capacitor"],"picked":"Coolheaded+1","floor":54}],"player_experience":207276,"relics_obtained":[{"floor":8,"key":"Gremlin Horn"},{"floor":9,"key":"Boot"},{"floor":13,"key":"StoneCalendar"},{"floor":26,"key":"Mango"},{"floor":30,"key":"Omamori"},{"floor":43,"key":"FossilizedHelix"},{"floor":44,"key":"Bag of Preparation"},{"floor":47,"key":"Bag of Marbles"},{"floor":54,"key":"Blue Candle"}],"event_choices":[{"damage_healed":0,"gold_gain":75,"player_choice":"Gather Gold","damage_taken":11,"max_hp_gain":0,"max_hp_loss":0,"event_name":"World of Goop","floor":3,"gold_loss":0},{"damage_healed":0,"gold_gain":0,"player_choice":"Success","damage_taken":12,"relics_obtained":["Potion Belt"],"max_hp_gain":0,"max_hp_loss":0,"event_name":"Scrap Ooze","floor":4,"gold_loss":0},{"damage_healed":0,"gold_gain":0,"player_choice":"Entered Light","damage_taken":15,"max_hp_gain":0,"max_hp_loss":0,"event_name":"Shining Light","floor":10,"gold_loss":0,"cards_upgraded":["Defend_B","Sunder"]},{"cards_removed":["Strike_B"],"damage_healed":0,"gold_gain":0,"player_choice":"Elegance","damage_taken":0,"max_hp_gain":0,"max_hp_loss":0,"event_name":"Back to Basics","floor":19,"gold_loss":0},{"damage_healed":0,"gold_gain":0,"cards_transformed":["Defend_B","Defend_B"],"player_choice":"Became Test Subject","damage_taken":0,"max_hp_gain":0,"max_hp_loss":0,"event_name":"Drug Dealer","floor":21,"gold_loss":0,"cards_obtained":["Barrage","Biased Cognition"]},{"damage_healed":0,"gold_gain":0,"player_choice":"Copied","damage_taken":0,"max_hp_gain":0,"max_hp_loss":0,"event_name":"Duplicator","floor":38,"gold_loss":0,"cards_obtained":["Defragment"]},{"damage_healed":0,"gold_gain":0,"player_choice":"Bought 0 Potions","damage_taken":0,"max_hp_gain":0,"max_hp_loss":0,"event_name":"The Woman in Blue","floor":46,"gold_loss":0}],"is_beta":false,"boss_relics":[{"not_picked":["Cursed Key","Empty Cage"],"picked":"Astrolabe"},{"not_picked":["Velvet Choker","Coffee Dripper"],"picked":"Pandora\u0027s Box"}],"items_purged_floors":[20],"is_endless":false,"potions_floor_spawned":[8,13,18,30,31,42,47,48,54],"killed_by":"The Heart","ascension_level":2}