{"gold_per_floor":[113,288,13,13,28,60,60,94,146,175,191,222,16,27,27,122,122,139,150,168,185,185,211,211,243,243,254,281,299,317,267,267,267],"floor_reached":33,"playtime":1831,"items_purged":["Doubt"],"score":441,"play_id":"4a8519f9-975b-4f92-bcd9-f3d9d8a4bd74","local_time":"20181011042046","is_ascension_mode":true,"campfire_choices":[{"data":"Anger","floor":15,"key":"SMITH"},{"data":"Fire Breathing","floor":24,"key":"SMITH"},{"floor":32,"key":"DIG"}],"neow_cost":"PERCENT_DAMAGE","seed_source_timestamp":2535261331134,"circlet_count":0,"master_deck":["Bash","Anger+1","Clash","Sword Boomerang","Headbutt","Clash","Clothesline","Perfected Strike","Rampage","Perfected Strike","Cleave","Juggernaut","Perfected Strike","Wild Strike","True Grit+1","Whirlwind","Armaments","Clothesline","Heavy Blade","Perfected Strike","Dropkick","Headbutt","Wild Strike+1","Fire Breathing+1","Battle Trance+1","Carnage+1","Metallicize+1","Fire Breathing","Dropkick+1"],"relics":["Burning Blood","Oddly Smooth Stone","Vajra","Bag of Marbles","Ancient Tea Set","Orichalcum","Blood Vial","Anchor","Pandora\u0027s Box","Smiling Mask","Shovel","Meat on the Bone","War Paint","Dream Catcher"],"potions_floor_usage":[23,33,33],"damage_taken":[{"damage":1,"enemies":"Cultist","floor":1,"turns":3},{"damage":0,"enemies":"Jaw Worm","floor":5,"turns":2},{"damage":16,"enemies":"Gremlin Nob","floor":6,"turns":3},{"damage":14,"enemies":"3 Sentries","floor":8,"turns":5},{"damage":22,"enemies":"Lagavulin","floor":10,"turns":4},{"damage":0,"enemies":"2 Louse","floor":11,"turns":1},{"damage":0,"enemies":"Gremlin Nob","floor":12,"turns":2},{"damage":4,"enemies":"Large Slime","floor":14,"turns":3},{"damage":16,"enemies":"Hexaghost","floor":16,"turns":6},{"damage":11,"enemies":"Shell Parasite","floor":18,"turns":4},{"damage":1,"enemies":"2 Thieves","floor":19,"turns":3},{"damage":8,"enemies":"Shelled Parasite and Fungi","floor":20,"turns":3},{"damage":0,"enemies":"Snake Plant","floor":21,"turns":2},{"damage":13,"enemies":"Slavers","floor":23,"turns":5},{"damage":9,"enemies":"Book of Stabbing","floor":25,"turns":3},{"damage":2,"enemies":"Chosen and Byrds","floor":27,"turns":4},{"damage":24,"enemies":"Slavers","floor":28,"turns":4},{"damage":16,"enemies":"Centurion and Healer","floor":29,"turns":4},{"damage":8,"enemies":"Snake Plant","floor":30,"turns":2},{"damage":64,"enemies":"Automaton","floor":33,"turns":8}],"seed_played":"3328315642792185865","potions_obtained":[{"floor":6,"key":"Explosive Potion"},{"floor":10,"key":"Poison Potion"},{"floor":12,"key":"SneckoOil"},{"floor":16,"key":"Ancient Potion"},{"floor":19,"key":"SpeedPotion"},{"floor":23,"key":"Regen Potion"},{"floor":27,"key":"Dexterity Potion"},{"floor":29,"key":"FearPotion"},{"floor":30,"key":"BloodPotion"}],"is_trial":false,"path_per_floor":["M","?","$","$","M","E","$","E","T","E","M","E","$","M","R","B",null,"M","M","M","M","?","E","R","E","T","M","E","M","M","?","R"],"character_chosen":"IRONCLAD","items_purchased":["Oddly Smooth Stone","Clash","Anchor","Perfected Strike"],"campfire_rested":0,"item_purchase_floors":[3,3,13,13],"current_hp_per_floor":[61,61,61,61,67,57,57,49,49,33,39,45,45,49,49,41,80,75,80,78,80,65,60,60,59,59,65,49,53,53,53,53,0],"gold":267,"neow_bonus":"REMOVE_TWO","is_prod":false,"is_daily":false,"chose_seed":false,"campfire_upgraded":2,"win_rate":0,"timestamp":1539256846,"path_taken":["M","?","?","$","M","E","?","E","T","E","M","E","$","?","R","BOSS","M","M","M","M","?","E","R","E","T","M","E","M","M","?","R","BOSS"],"build_version":"2018-10-04v2","purchased_purges":1,"victory":false,"max_hp_per_floor":[80,80,80,80,80,80,80,80,80,80,80,80,80,80,80,80,80,80,80,80,80,85,85,85,85,85,85,85,85,85,85,85,85],"card_choices":[{"not_picked":["Clash","Thunderclap"],"picked":"Anger","floor":1},{"not_picked":["Armaments","Power Through"],"picked":"Sword Boomerang","floor":5},{"not_picked":["Iron Wave","Havoc"],"picked":"Headbutt","floor":6},{"not_picked":["Dark Embrace","Heavy Blade"],"picked":"Clash","floor":8},{"not_picked":["Body Slam","Heavy Blade"],"picked":"Clothesline","floor":10},{"not_picked":["Heavy Blade","Exhume"],"picked":"Perfected Strike","floor":11},{"not_picked":["Rupture","Pummel"],"picked":"Rampage","floor":12},{"not_picked":["Warcry","Pommel Strike"],"picked":"Cleave","floor":14},{"not_picked":["Dark Embrace","Exhume"],"picked":"Juggernaut","floor":16},{"not_picked":["Clothesline","Shrug It Off+1"],"picked":"Perfected Strike","floor":18},{"not_picked":["Shrug It Off+1","Headbutt"],"picked":"Dropkick","floor":19},{"not_picked":["Disarm","Sever Soul"],"picked":"Headbutt","floor":20},{"not_picked":["Flame Barrier","Rupture+1"],"picked":"Wild Strike+1","floor":21},{"not_picked":["Bloodletting","Barricade"],"picked":"Fire Breathing","floor":23},{"not_picked":["Entrench","Hemokinesis"],"picked":"Battle Trance","floor":25},{"not_picked":["Shrug It Off","Body Slam+1"],"picked":"Carnage+1","floor":27},{"not_picked":["Cleave","Clash"],"picked":"Metallicize+1","floor":28},{"not_picked":["True Grit","Anger+1"],"picked":"Fire Breathing","floor":29},{"not_picked":["Entrench","True Grit"],"picked":"Dropkick+1","floor":30}],"player_experience":232028,"relics_obtained":[{"floor":6,"key":"Vajra"},{"floor":8,"key":"Bag of Marbles"},{"floor":9,"key":"Ancient Tea Set"},{"floor":10,"key":"Orichalcum"},{"floor":12,"key":"Blood Vial"},{"floor":23,"key":"Smiling Mask"},{"floor":25,"key":"Shovel"},{"floor":26,"key":"Meat on the Bone"},{"floor":28,"key":"War Paint"},{"floor":32,"key":"Dream Catcher"}],"event_choices":[{"event_name":"Liars Game","player_choice":"agreed","floor":2,"damage_taken":0},{"event_name":"Forgotten Altar","player_choice":"Shed Blood","floor":22,"damage_taken":0},{"event_name":"The Joust","player_choice":"Bet on Murderer","floor":31,"damage_taken":0}],"is_beta":false,"boss_relics":[{"not_picked":["Snecko Eye","Calling Bell"],"picked":"Pandora\u0027s Box"}],"items_purged_floors":[3],"is_endless":false,"potions_floor_spawned":[6,10,12,16,19,23,27,29,30],"killed_by":"Automaton","ascension_level":3}