{"gold_per_floor":[116,116,41,51,51,77,77,26,50,50,85,103,119,450,450,553,553,571,588,788,74,94,125,144,171,224,236,173,185,229,214,214,311,311,321,341,358,279,279,279,298,324,378,409,424,524,539,558,558,558],"floor_reached":51,"playtime":6758,"items_purged":["Strike_B"],"score":849,"play_id":"b6b1a8b8-63fa-45c7-8722-d2da6e94320b","local_time":"20190205035339","is_ascension_mode":true,"campfire_choices":[{"floor":7,"key":"REST"},{"floor":15,"key":"REST"},{"data":"Zap","floor":27,"key":"SMITH"},{"data":"Rainbow","floor":32,"key":"SMITH"},{"data":"Strike_B","floor":40,"key":"PURGE"},{"data":"Chaos","floor":49,"key":"SMITH"}],"neow_cost":"NONE","seed_source_timestamp":385348493792791,"circlet_count":0,"master_deck":["Defend_B","Defend_B","Defend_B","Zap+1","Dualcast","Cold Snap","Streamline","FTL","Steam","Doom and Gloom","Chill","Rainbow+1","Echo Form","Go for the Eyes+1","Conserve Battery","Self Repair","Leap","Self Repair","Cold Snap","Go for the Eyes+1","Aggregate+1","Turbo","Meteor Strike","Consume","Double Energy+1","Fusion","Chaos+1","Reinforced Body","Stack+1","Redo","Conserve Battery"],"relics":["Cracked Core","Dodecahedron","Mummified Hand","Anchor","Bottled Flame","Old Coin","Inserter","Gremlin Horn","Vajra","Runic Capacitor","Sundial","Bag of Marbles","MawBank","Peace Pipe","Runic Pyramid","Molten Egg 2","Boot","Emotion Chip","Pocketwatch"],"potions_floor_usage":[11,23,23,33,33,44,50,50],"damage_taken":[{"damage":0,"enemies":"2 Louse","floor":1,"turns":2},{"damage":0,"enemies":"Jaw Worm","floor":4,"turns":3},{"damage":18,"enemies":"3 Sentries","floor":6,"turns":6},{"damage":13,"enemies":"Lagavulin","floor":11,"turns":5},{"damage":0,"enemies":"Small Slimes","floor":12,"turns":2},{"damage":7,"enemies":"Exordium Thugs","floor":13,"turns":3},{"damage":0,"enemies":"3 Sentries","floor":14,"turns":6},{"damage":48,"enemies":"Hexaghost","floor":16,"turns":8},{"damage":8,"enemies":"Spheric Guardian","floor":18,"turns":3},{"damage":3,"enemies":"Chosen","floor":19,"turns":5},{"damage":2,"enemies":"Centurion and Healer","floor":22,"turns":8},{"damage":3,"enemies":"Slavers","floor":23,"turns":4},{"damage":11,"enemies":"Cultist and Chosen","floor":24,"turns":6},{"damage":0,"enemies":"Gremlin Leader","floor":25,"turns":5},{"damage":14,"enemies":"Book of Stabbing","floor":30,"turns":5},{"damage":44,"enemies":"Automaton","floor":33,"turns":9},{"damage":0,"enemies":"3 Shapes","floor":35,"turns":5},{"damage":7,"enemies":"3 Darklings","floor":36,"turns":5},{"damage":9,"enemies":"Sphere and 2 Shapes","floor":37,"turns":5},{"damage":24,"enemies":"Jaw Worm Horde","floor":41,"turns":5},{"damage":2,"enemies":"Giant Head","floor":42,"turns":9},{"damage":16,"enemies":"Nemesis","floor":44,"turns":7},{"damage":13,"enemies":"Writhing Mass","floor":45,"turns":5},{"damage":0,"enemies":"Mind Bloom Boss Battle","floor":46,"turns":5},{"damage":0,"enemies":"Transient","floor":47,"turns":5},{"damage":9,"enemies":"3 Darklings","floor":48,"turns":7},{"damage":13,"enemies":"Awakened One","floor":50,"turns":16}],"seed_played":"4320544015545395611","potions_obtained":[{"floor":6,"key":"Poison Potion"},{"floor":11,"key":"Block Potion"},{"floor":12,"key":"Swift Potion"},{"floor":16,"key":"SkillPotion"},{"floor":19,"key":"Energy Potion"},{"floor":22,"key":"PowerPotion"},{"floor":30,"key":"Swift Potion"},{"floor":36,"key":"EssenceOfSteel"},{"floor":44,"key":"Regen Potion"},{"floor":46,"key":"Explosive Potion"},{"floor":47,"key":"Strength Potion"}],"is_trial":false,"path_per_floor":["M","?","$","M","?","E","R","$","T","?","E","M","M","E","R","B",null,"M","M","?","$","M","E","M","E","T","R","?","?","E","$","R","B",null,"M","M","M","$","?","R","M","E","T","E","M","?","M","M","R","B",null],"character_chosen":"DEFECT","items_purchased":["Steam","Self Repair","Gremlin Horn","Vajra","Runic Capacitor","Leap","Turbo","Fusion"],"campfire_rested":2,"item_purchase_floors":[8,21,21,21,21,21,31,38],"current_hp_per_floor":[82,75,75,75,68,50,74,74,74,74,61,61,54,54,78,30,82,74,71,71,71,76,82,82,82,82,82,82,66,73,73,73,43,87,87,87,87,87,87,87,87,87,87,87,87,87,87,87,87,87],"gold":558,"neow_bonus":"TEN_PERCENT_HP_BONUS","is_prod":false,"is_daily":false,"chose_seed":false,"campfire_upgraded":3,"win_rate":0,"timestamp":1549335219,"path_taken":["M","?","$","M","?","E","R","?","T","?","E","?","M","E","R","BOSS","M","M","?","$","M","E","?","E","T","R","?","?","E","$","R","BOSS","M","M","M","$","?","R","M","E","T","E","M","?","M","M","R","BOSS"],"build_version":"2019-01-23","purchased_purges":1,"victory":true,"max_hp_per_floor":[82,82,82,82,82,82,82,82,82,82,82,82,82,82,82,82,82,82,82,82,82,82,82,82,82,82,82,82,87,87,87,87,87,87,87,87,87,87,87,87,87,87,87,87,87,87,87,87,87,87],"card_choices":[{"not_picked":["Rebound","Self Repair"],"picked":"Cold Snap","floor":1},{"not_picked":["Loop","Rebound"],"picked":"Streamline","floor":4},{"not_picked":["Rebound","Hologram"],"picked":"FTL","floor":6},{"not_picked":["Beam Cell","Storm"],"picked":"Doom and Gloom","floor":11},{"not_picked":["Stack","Sunder","Coolheaded"],"picked":"SKIP","floor":12},{"not_picked":["Sweeping Beam","Double Energy"],"picked":"Chill","floor":13},{"not_picked":["Force Field","Blizzard"],"picked":"Rainbow","floor":14},{"not_picked":["Core Surge","Machine Learning"],"picked":"Echo Form","floor":16},{"not_picked":["Auto Shields","Skim"],"picked":"Go for the Eyes+1","floor":18},{"not_picked":["Compile Driver","Streamline"],"picked":"Conserve Battery","floor":19},{"not_picked":["Steam","Tempest"],"picked":"Self Repair","floor":22},{"not_picked":["Biased Cognition","Sweeping Beam+1"],"picked":"Cold Snap","floor":23},{"not_picked":["Force Field","Conserve Battery"],"picked":"Go for the Eyes+1","floor":24},{"not_picked":["Hyperbeam","Beam Cell","BootSequence"],"picked":"SKIP","floor":25},{"not_picked":["Lockon","Sweeping Beam"],"picked":"Aggregate+1","floor":30},{"not_picked":["Fission","Creative AI"],"picked":"Meteor Strike","floor":33},{"not_picked":["Double Energy","Melter+1"],"picked":"Consume","floor":35},{"not_picked":["Turbo+1","Skim","Gash+1"],"picked":"SKIP","floor":36},{"not_picked":["Go for the Eyes+1","Steam+1"],"picked":"Double Energy+1","floor":37},{"not_picked":["Go for the Eyes","Consume+1"],"picked":"Chaos","floor":41},{"not_picked":["Gash+1","Storm"],"picked":"Reinforced Body","floor":42},{"not_picked":["Biased Cognition","Static Discharge+1"],"picked":"Stack+1","floor":44},{"not_picked":["Ball Lightning+1","Heatsinks"],"picked":"Redo","floor":45},{"not_picked":["Cold Snap+1","Turbo"],"picked":"Conserve Battery","floor":47},{"not_picked":["Leap+1","Turbo+1","Barrage+1"],"picked":"SKIP","floor":48}],"player_experience":1124752,"relics_obtained":[{"floor":6,"key":"Mummified Hand"},{"floor":9,"key":"Anchor"},{"floor":11,"key":"Bottled Flame"},{"floor":14,"key":"Old Coin"},{"floor":23,"key":"Sundial"},{"floor":25,"key":"Bag of Marbles"},{"floor":26,"key":"MawBank"},{"floor":30,"key":"Peace Pipe"},{"floor":42,"key":"Molten Egg 2"},{"floor":43,"key":"Boot"},{"floor":44,"key":"Emotion Chip"},{"floor":46,"key":"Pocketwatch"}],"event_choices":[{"damage_healed":0,"gold_gain":0,"player_choice":"Success","damage_taken":7,"relics_obtained":["Dodecahedron"],"max_hp_gain":0,"max_hp_loss":0,"event_name":"Scrap Ooze","floor":2,"gold_loss":0},{"cards_removed":["Defend_B"],"damage_healed":0,"gold_gain":0,"player_choice":"Card Removal","damage_taken":7,"max_hp_gain":0,"max_hp_loss":0,"event_name":"Golden Wing","floor":5,"gold_loss":0},{"cards_removed":["Strike_B"],"damage_healed":0,"gold_gain":0,"player_choice":"Offered Basic","damage_taken":0,"max_hp_gain":0,"max_hp_loss":0,"event_name":"Bonfire Elementals","floor":10,"gold_loss":0},{"damage_healed":0,"gold_gain":250,"player_choice":"Bet on Owner","damage_taken":0,"max_hp_gain":0,"max_hp_loss":0,"event_name":"The Joust","floor":20,"gold_loss":50},{"cards_removed":["Strike_B"],"damage_healed":0,"gold_gain":0,"player_choice":"Gave Gold","damage_taken":0,"max_hp_gain":0,"max_hp_loss":0,"event_name":"Beggar","floor":28,"gold_loss":75},{"damage_healed":0,"gold_gain":0,"player_choice":"Shed Blood","damage_taken":21,"max_hp_gain":5,"max_hp_loss":0,"event_name":"Forgotten Altar","floor":29,"gold_loss":0},{"damage_healed":0,"gold_gain":0,"player_choice":"Ignored","damage_taken":0,"max_hp_gain":0,"max_hp_loss":0,"event_name":"Tomb of Lord Red Mask","floor":39,"gold_loss":0},{"damage_healed":0,"gold_gain":0,"player_choice":"Fight","damage_taken":0,"max_hp_gain":0,"max_hp_loss":0,"event_name":"MindBloom","floor":46,"gold_loss":0}],"is_beta":true,"boss_relics":[{"not_picked":["Coffee Dripper","Runic Dome"],"picked":"Inserter"},{"not_picked":["Empty Cage","Velvet Choker"],"picked":"Runic Pyramid"}],"items_purged_floors":[3],"is_endless":false,"potions_floor_spawned":[6,11,12,16,19,22,30,36,44,46,47],"ascension_level":1}