{"gold_per_floor":[111,111,121,132,132,132,49,149,179,179,189,203,203,221,221,292,292,312,42,42,53,64,64,64,64],"floor_reached":25,"playtime":651,"items_purged":["Strike_G"],"score":386,"play_id":"5ed0916c-e08c-49ff-98ea-91b44d9e6695","local_time":"20190209210106","is_ascension_mode":true,"campfire_choices":[{"floor":6,"key":"REST"},{"data":"Crippling Poison","floor":10,"key":"SMITH"},{"floor":13,"key":"REST"},{"data":"Glass Knife","floor":15,"key":"SMITH"},{"floor":23,"key":"REST"}],"neow_cost":"NONE","seed_source_timestamp":637125390720987,"circlet_count":0,"master_deck":["AscendersBane","Defend_G","Defend_G","Defend_G","Defend_G","Defend_G","Strike_G","Strike_G","Strike_G","Survivor","Neutralize","Crippling Poison+1","Infinite Blades","Infinite Blades","Glass Knife+1","Infinite Blades","Cloak And Dagger","Footwork","Bandage Up","Footwork+1"],"relics":["Philosopher\u0027s Stone","Ninja Scroll","Tiny Chest","WristBlade"],"potions_floor_usage":[14,16,16,25],"damage_taken":[{"damage":13,"enemies":"2 Louse","floor":1,"turns":3},{"damage":0,"enemies":"Cultist","floor":3,"turns":3},{"damage":0,"enemies":"Small Slimes","floor":4,"turns":2},{"damage":0,"enemies":"2 Fungi Beasts","floor":11,"turns":2},{"damage":0,"enemies":"3 Louse","floor":12,"turns":2},{"damage":0,"enemies":"Large Slime","floor":14,"turns":3},{"damage":20,"enemies":"Slime Boss","floor":16,"turns":5},{"damage":27,"enemies":"2 Thieves","floor":18,"turns":4},{"damage":21,"enemies":"Shell Parasite","floor":21,"turns":6},{"damage":46,"enemies":"3 Cultists","floor":22,"turns":6},{"damage":46,"enemies":"Slavers","floor":25,"turns":2}],"seed_played":"-8234344159207869269","potions_obtained":[{"floor":3,"key":"Fire Potion"},{"floor":11,"key":"Swift Potion"},{"floor":12,"key":"Strength Potion"},{"floor":14,"key":"PowerPotion"},{"floor":22,"key":"LiquidBronze"}],"is_trial":false,"path_per_floor":["M","?","M","M","?","R","$","?","T","R","M","M","R","M","R","B",null,"M","$","?","M","M","R","?","E"],"character_chosen":"THE_SILENT","items_purchased":["Infinite Blades","Footwork","Bandage Up"],"campfire_rested":3,"item_purchase_floors":[7,19,19],"current_hp_per_floor":[46,28,28,28,21,40,40,40,40,40,40,40,59,59,59,39,59,32,32,76,59,17,39,39,0],"gold":64,"neow_bonus":"BOSS_RELIC","is_prod":false,"is_daily":false,"chose_seed":false,"campfire_upgraded":2,"win_rate":0,"timestamp":1549774866,"path_taken":["M","?","M","M","?","R","$","?","T","R","M","?","R","M","R","BOSS","M","$","?","M","?","R","?","E"],"build_version":"2019-01-23","purchased_purges":1,"victory":false,"max_hp_per_floor":[66,66,66,66,66,66,66,66,66,66,66,66,66,66,66,66,66,66,66,76,76,76,76,76,76],"card_choices":[{"not_picked":["Sucker Punch","Acrobatics"],"picked":"Crippling Poison","floor":1},{"not_picked":["Poisoned Stab","Eviscerate","All Out Attack"],"picked":"SKIP","floor":3},{"not_picked":["Bane","Riddle With Holes"],"picked":"Infinite Blades","floor":4},{"not_picked":["Bouncing Flask","Flechettes"],"picked":"Glass Knife","floor":11},{"not_picked":["Bane","Setup","Flying Knee"],"picked":"SKIP","floor":12},{"not_picked":["Acrobatics","Setup"],"picked":"Infinite Blades","floor":14},{"not_picked":["Bullet Time","Grand Finale"],"picked":"Tools of the Trade","floor":16},{"not_picked":["Bane","Backflip"],"picked":"Cloak And Dagger","floor":18},{"not_picked":["Slice","Blade Dance"],"picked":"Footwork+1","floor":21},{"not_picked":["Finisher","Poisoned Stab","Concentrate"],"picked":"SKIP","floor":22}],"player_experience":720048,"relics_obtained":[{"floor":9,"key":"Tiny Chest"}],"event_choices":[{"damage_healed":0,"gold_gain":0,"player_choice":"Success","damage_taken":18,"relics_obtained":["Ninja Scroll"],"max_hp_gain":0,"max_hp_loss":0,"event_name":"Scrap Ooze","floor":2,"gold_loss":0},{"cards_removed":["Strike_G"],"damage_healed":0,"gold_gain":0,"player_choice":"Card Removal","damage_taken":7,"max_hp_gain":0,"max_hp_loss":0,"event_name":"Golden Wing","floor":5,"gold_loss":0},{"damage_healed":0,"gold_gain":100,"player_choice":"Gold","damage_taken":0,"max_hp_gain":0,"max_hp_loss":0,"event_name":"Wheel of Change","floor":8,"gold_loss":0},{"cards_removed":["Tools of the Trade"],"damage_healed":34,"gold_gain":0,"player_choice":"Offered Rare","damage_taken":0,"max_hp_gain":10,"max_hp_loss":0,"event_name":"Bonfire Elementals","floor":20,"gold_loss":0},{"damage_healed":0,"gold_gain":0,"player_choice":"Ignored","damage_taken":0,"max_hp_gain":0,"max_hp_loss":0,"event_name":"The Mausoleum","floor":24,"gold_loss":0}],"is_beta":false,"boss_relics":[{"not_picked":["Tiny House","Pandora\u0027s Box"],"picked":"WristBlade"}],"items_purged_floors":[19],"is_endless":false,"potions_floor_spawned":[3,11,12,14,22],"killed_by":"Slavers","ascension_level":20}