{"gold_per_floor":[140,151,151,167,242,242,270,270,293,293,312,327,327,327,327,406,406,426,478,492,492,506,506,486,486,486,506,506],"floor_reached":28,"playtime":1439,"items_purged":[],"score":436,"play_id":"9671d01f-bf73-4584-a8ec-7c2ec344aa3c","local_time":"20190122181053","is_ascension_mode":true,"campfire_choices":[{"data":"White Noise","floor":6,"key":"SMITH"},{"data":"Zap","floor":8,"key":"SMITH"},{"data":"Self Repair","floor":13,"key":"SMITH"},{"data":"Cold Snap","floor":15,"key":"SMITH"},{"data":"Go for the Eyes","floor":23,"key":"SMITH"},{"data":"Capacitor","floor":25,"key":"SMITH"}],"neow_cost":"NONE","seed_source_timestamp":1175810054912888,"circlet_count":0,"master_deck":["AscendersBane","Strike_B","Strike_B","Strike_B","Strike_B","Defend_B","Defend_B","Defend_B","Defend_B","Zap+1","Dualcast","Self Repair+1","White Noise+1","Cold Snap+1","Cold Snap","Creative AI+1","Capacitor+1","Conserve Battery","Go for the Eyes+1"],"relics":["Cracked Core","Tiny Chest","Vajra","Pen Nib","Question Card","Sozu","Oddly Smooth Stone","Mummified Hand"],"potions_floor_usage":[7,7,20,22],"damage_taken":[{"damage":3,"enemies":"2 Louse","floor":1,"turns":2},{"damage":4,"enemies":"Small Slimes","floor":2,"turns":3},{"damage":2,"enemies":"Cultist","floor":4,"turns":4},{"damage":20,"enemies":"Lagavulin","floor":7,"turns":7},{"damage":1,"enemies":"2 Fungi Beasts","floor":11,"turns":3},{"damage":18,"enemies":"Exordium Thugs","floor":12,"turns":4},{"damage":23,"enemies":"Slime Boss","floor":16,"turns":7},{"damage":11,"enemies":"Spheric Guardian","floor":18,"turns":4},{"damage":6,"enemies":"3 Byrds","floor":20,"turns":3},{"damage":9,"enemies":"Sentry and Sphere","floor":22,"turns":8},{"damage":24,"enemies":"Snake Plant","floor":27,"turns":5},{"damage":45,"enemies":"Book of Stabbing","floor":28,"turns":5}],"seed_played":"6896449854769423181","potions_obtained":[{"floor":2,"key":"AttackPotion"},{"floor":4,"key":"Poison Potion"},{"floor":7,"key":"EntropicBrew"},{"floor":12,"key":"Poison Potion"}],"is_trial":false,"path_per_floor":["?","?","?","T","T","?","M","?","M"],"character_chosen":"DEFECT","items_purchased":[],"campfire_rested":0,"item_purchase_floors":[],"current_hp_per_floor":[61,64,64,69,58,58,45,45,45,68,67,56,56,56,56,43,64,63,63,57,57,58,58,58,58,58,44,0],"gold":506,"neow_bonus":"RANDOM_COMMON_RELIC","is_prod":false,"is_daily":false,"chose_seed":false,"campfire_upgraded":6,"win_rate":0,"timestamp":1548198653,"path_taken":["M","M","?","M","?","R","E","R","T","?","M","M","R","?","R","BOSS","M","?","M","?","?","R","?","R","T","?","E"],"build_version":"2019-01-20","purchased_purges":0,"victory":false,"max_hp_per_floor":[71,71,71,71,71,71,71,71,71,71,71,71,71,71,71,71,71,71,71,71,71,71,71,71,71,71,71,71],"card_choices":[{"not_picked":["Sweeping Beam","Aggregate"],"picked":"Self Repair","floor":1},{"not_picked":["Consume","Ball Lightning"],"picked":"White Noise","floor":2},{"not_picked":["Streamline","Stack","Darkness"],"picked":"SKIP","floor":4},{"not_picked":["Auto Shields","Reinforced Body","Compile Driver"],"picked":"SKIP","floor":7},{"not_picked":["Scrape","Conserve Battery"],"picked":"Cold Snap","floor":11},{"not_picked":["Sweeping Beam","Doom and Gloom"],"picked":"Cold Snap","floor":12},{"not_picked":["Reboot","Hyperbeam","Thunder Strike"],"picked":"Creative AI","floor":16},{"not_picked":["Turbo","Aggregate","Scrape"],"picked":"Capacitor","floor":18},{"not_picked":["Beam Cell","Hologram","Ball Lightning"],"picked":"Conserve Battery","floor":20},{"not_picked":["Conserve Battery","Doom and Gloom+1","Lockon"],"picked":"Go for the Eyes","floor":22},{"not_picked":["Blizzard+1","Conserve Battery","Hello World","Multi-Cast"],"picked":"SKIP","floor":27}],"player_experience":488209,"relics_obtained":[{"floor":7,"key":"Vajra"},{"floor":9,"key":"Pen Nib"},{"floor":14,"key":"Question Card"},{"floor":19,"key":"Oddly Smooth Stone"},{"floor":26,"key":"Mummified Hand"}],"event_choices":[{"damage_healed":0,"gold_gain":0,"player_choice":"Ignored","damage_taken":0,"max_hp_gain":0,"max_hp_loss":0,"event_name":"Liars Game","floor":3,"gold_loss":0},{"damage_healed":0,"gold_gain":75,"player_choice":"Gather Gold","damage_taken":11,"max_hp_gain":0,"max_hp_loss":0,"event_name":"World of Goop","floor":5,"gold_loss":0},{"damage_healed":23,"gold_gain":0,"player_choice":"Banana","damage_taken":0,"max_hp_gain":0,"max_hp_loss":0,"event_name":"Big Fish","floor":10,"gold_loss":0},{"damage_healed":0,"gold_gain":0,"player_choice":"Forge","damage_taken":0,"max_hp_gain":0,"max_hp_loss":0,"event_name":"Accursed Blacksmith","floor":21,"gold_loss":0,"cards_upgraded":["Creative AI"]},{"damage_healed":0,"gold_gain":0,"player_choice":"Bought 1 Potion","damage_taken":0,"max_hp_gain":0,"max_hp_loss":0,"event_name":"The Woman in Blue","floor":24,"gold_loss":0}],"is_beta":true,"boss_relics":[{"not_picked":["Tiny House","Astrolabe"],"picked":"Sozu"}],"items_purged_floors":[],"is_endless":false,"potions_floor_spawned":[2,4,7,12,20],"killed_by":"Book of Stabbing","ascension_level":20}