{"gold_per_floor":[119,119,119,44,44,87,87,103,103,103,147,47,70,108,108,233,233,251,264,284,14,37,78,78,109,109,109,109,135,135,148,148,244,244,263,282,232,246,262,287,306,324,324,358,358,308,308,40,40,40,40,40,40,40],"floor_reached":54,"playtime":3166,"items_purged":["Defend_R","Strike_R","Strike_R","Strike_R","Defend_R","Defend_R"],"score":1121,"play_id":"2e7fbf0b-90cd-494c-875d-4d9681e16321","local_time":"20190223131753","is_ascension_mode":true,"campfire_choices":[{"floor":7.0,"key":"REST"},{"data":"Whirlwind","floor":10.0,"key":"SMITH"},{"data":"Bash","floor":15.0,"key":"SMITH"},{"data":"Barricade","floor":24.0,"key":"SMITH"},{"data":"Shockwave","floor":27.0,"key":"SMITH"},{"data":"Bloodletting","floor":32.0,"key":"SMITH"},{"data":"Limit Break","floor":47.0,"key":"SMITH"},{"floor":49.0,"key":"RECALL"},{"data":"Mayhem","floor":52,"key":"SMITH"}],"neow_cost":"NONE","seed_source_timestamp":0,"circlet_count":0,"master_deck":["Defend_R","Bash+1","Thunderclap","Whirlwind+1","Metallicize","Thunderclap","Clash","Dropkick","Barricade+1","Cleave","Shrug It Off","Headbutt","Shockwave+1","Twin Strike+1","Pommel Strike+1","Spot Weakness","Impervious","Spot Weakness+1","Clothesline+1","Bloodletting+1","RitualDagger","Metallicize","Limit Break+1","Armaments+1","Ghostly Armor+1","Spot Weakness+1","Seeing Red","Sword Boomerang","Shrug It Off+1","Demon Form","Battle Trance","Mayhem+1","Shrug It Off"],"special_seed":0,"relics":["Burning Blood","Ornamental Fan","Bloody Idol","Meat on the Bone","Ancient Tea Set","Smiling Mask","Orrery","Red Skull","Dodecahedron","Dream Catcher","Mercury Hourglass","Centennial Puzzle","Mark of Pain","Oddly Smooth Stone","Boot","Art of War"],"potions_floor_usage":[50,50],"damage_taken":[{"damage":0.0,"enemies":"Small Slimes","floor":1.0,"turns":4.0},{"damage":42.0,"enemies":"3 Sentries","floor":6.0,"turns":10.0},{"damage":8.0,"enemies":"Jaw Worm","floor":8.0,"turns":5.0},{"damage":46.0,"enemies":"Lagavulin","floor":11.0,"turns":9.0},{"damage":0.0,"enemies":"Cultist","floor":13.0,"turns":3.0},{"damage":21.0,"enemies":"Gremlin Nob","floor":14.0,"turns":4.0},{"damage":29.0,"enemies":"Slime Boss","floor":16.0,"turns":10.0},{"damage":25.0,"enemies":"2 Thieves","floor":18.0,"turns":3.0},{"damage":23.0,"enemies":"Spheric Guardian","floor":19.0,"turns":5.0},{"damage":35.0,"enemies":"Snake Plant","floor":20.0,"turns":5.0},{"damage":14.0,"enemies":"Snecko","floor":22.0,"turns":3.0},{"damage":16.0,"enemies":"Slavers","floor":23.0,"turns":4.0},{"damage":0.0,"enemies":"Gremlin Leader","floor":25.0,"turns":6.0},{"damage":24.0,"enemies":"Book of Stabbing","floor":29.0,"turns":7.0},{"damage":11.0,"enemies":"Sentry and Sphere","floor":31.0,"turns":5.0},{"damage":48.0,"enemies":"Collector","floor":33.0,"turns":10.0},{"damage":12.0,"enemies":"Orb Walker","floor":35.0,"turns":3.0},{"damage":30.0,"enemies":"3 Darklings","floor":36.0,"turns":5.0},{"damage":5.0,"enemies":"4 Shapes","floor":38.0,"turns":7.0},{"damage":9.0,"enemies":"Maw","floor":39.0,"turns":9.0},{"damage":46.0,"enemies":"Giant Head","floor":40.0,"turns":9.0},{"damage":15.0,"enemies":"Spire Growth","floor":41.0,"turns":5.0},{"damage":11.0,"enemies":"Transient","floor":42.0,"turns":5.0},{"damage":48.0,"enemies":"Nemesis","floor":44.0,"turns":7.0},{"damage":22,"enemies":"Awakened One","floor":50,"turns":7},{"damage":76,"enemies":"Shield and Spear","floor":54,"turns":6}],"seed_played":"-1699295412370138865","potions_obtained":[{"floor":6.0,"key":"Fruit Juice"},{"floor":13.0,"key":"Explosive Potion"},{"floor":14.0,"key":"Ancient Potion"},{"floor":16.0,"key":"Block Potion"},{"floor":19.0,"key":"Explosive Potion"},{"floor":22.0,"key":"SmokeBomb"},{"floor":23.0,"key":"Block Potion"},{"floor":25.0,"key":"GamblersBrew"},{"floor":31.0,"key":"BloodPotion"},{"floor":35.0,"key":"Dexterity Potion"},{"floor":39.0,"key":"Fire Potion"},{"floor":44.0,"key":"Regen Potion"}],"is_trial":false,"path_per_floor":["M","?","?","$","?","E","R","M","T","R","E","$","M","E","R","B",null,"M","M","M","$","M","E","R","E","T","R","?","E","?","M","R","B",null,"M","M","$","M","M","E","M","M","T","E","?","$","R","$","R","B",null,"R","$","E"],"character_chosen":"IRONCLAD","items_purchased":["Red Skull","Spot Weakness","Mayhem","Shrug It Off"],"campfire_rested":1,"item_purchase_floors":[21,21,48,48],"current_hp_per_floor":[78,71,51,51,44,13,38,48,48,48,20,20,38,35,35,24,70,51,46,29,29,33,35,35,53,53,53,53,52,46,58,58,33,72,71,64,64,70,72,49,57,57,57,32,32,32,32,32,32,43,75,75,75,0],"gold":40,"neow_bonus":"REMOVE_CARD","is_prod":false,"is_daily":false,"chose_seed":false,"campfire_upgraded":7,"win_rate":0,"timestamp":1550917073,"path_taken":["M","?","?","$","?","E","R","M","T","R","E","?","M","E","R","BOSS","M","?","?","$","M","E","R","E","T","R","?","E","?","M","R","BOSS","M","M","$","M","M","E","M","M","T","E","?","$","R","$","R","BOSS","R","$","E"],"build_version":"2019-01-23","purchased_purges":6,"victory":false,"max_hp_per_floor":[80,80,80,80,80,85,85,85,85,85,85,85,85,85,85,85,85,85,85,85,85,85,85,85,85,85,85,85,85,85,85,85,85,85,85,85,85,85,85,85,85,85,85,85,85,85,85,85,85,85,85,85,85,85],"card_choices":[{"not_picked":["Searing Blow","Pommel Strike"],"picked":"Thunderclap","floor":1.0},{"not_picked":["Warcry","Twin Strike"],"picked":"Whirlwind","floor":6.0},{"not_picked":["Pummel","Pommel Strike"],"picked":"Metallicize","floor":8.0},{"not_picked":["Second Wind","Heavy Blade"],"picked":"Thunderclap","floor":11.0},{"not_picked":["Disarm","Havoc"],"picked":"Clash","floor":13.0},{"not_picked":["Spot Weakness","Shockwave"],"picked":"Dropkick","floor":14.0},{"not_picked":["Juggernaut","Limit Break"],"picked":"Barricade","floor":16.0},{"not_picked":["Pommel Strike","Uppercut"],"picked":"Cleave","floor":17.0},{"not_picked":["Cleave","Barricade"],"picked":"Shrug It Off","floor":17.0},{"not_picked":["Thunderclap","Flex"],"picked":"Headbutt","floor":17.0},{"not_picked":["Flex","Corruption"],"picked":"Shockwave","floor":17.0},{"not_picked":["Dual Wield","Bloodletting"],"picked":"Twin Strike+1","floor":18.0},{"not_picked":["Clash","Twin Strike+1"],"picked":"Pommel Strike+1","floor":19.0},{"not_picked":["Twin Strike","Perfected Strike+1","Thunderclap"],"picked":"SKIP","floor":20.0},{"not_picked":["Sword Boomerang","Rampage"],"picked":"Impervious","floor":22.0},{"not_picked":["Perfected Strike","Twin Strike"],"picked":"Spot Weakness+1","floor":23.0},{"not_picked":["Reckless Charge","Pommel Strike"],"picked":"Clothesline+1","floor":25.0},{"not_picked":["Burning Pact","True Grit+1"],"picked":"Bloodletting","floor":29.0},{"not_picked":["Sword Boomerang","Sever Soul"],"picked":"Metallicize","floor":31.0},{"not_picked":["Double Tap","Berserk"],"picked":"Limit Break","floor":33.0},{"not_picked":["Corruption+1","Burning Pact+1"],"picked":"Armaments+1","floor":35.0},{"not_picked":["Anger","Second Wind+1"],"picked":"Ghostly Armor+1","floor":36.0},{"not_picked":["Thunderclap","Pommel Strike","Bloodletting+1"],"picked":"SKIP","floor":38.0},{"not_picked":["Seeing Red+1","True Grit"],"picked":"Spot Weakness+1","floor":39.0},{"not_picked":["Pommel Strike+1","Exhume","Clash"],"picked":"SKIP","floor":40.0},{"not_picked":["Carnage+1","Havoc+1"],"picked":"Seeing Red","floor":41.0},{"not_picked":["True Grit","Wild Strike+1"],"picked":"Sword Boomerang","floor":42.0},{"not_picked":["Carnage+1","Combust+1"],"picked":"Shrug It Off+1","floor":44.0}],"player_experience":336379,"relics_obtained":[{"floor":6.0,"key":"Meat on the Bone"},{"floor":11.0,"key":"Ancient Tea Set"},{"floor":14.0,"key":"Smiling Mask"},{"floor":23.0,"key":"Dodecahedron"},{"floor":25.0,"key":"Dream Catcher"},{"floor":26.0,"key":"Mercury Hourglass"},{"floor":29.0,"key":"Centennial Puzzle"},{"floor":40.0,"key":"Oddly Smooth Stone"},{"floor":43.0,"key":"Boot"},{"floor":44.0,"key":"Art of War"}],"event_choices":[{"damage_healed":0.0,"max_hp_gain":0.0,"max_hp_loss":0.0,"gold_gain":0.0,"event_name":"Scrap Ooze","player_choice":"Success","floor":2.0,"gold_loss":0.0,"damage_taken":7.0,"relics_obtained":["Ornamental Fan"]},{"damage_healed":0.0,"max_hp_gain":0.0,"max_hp_loss":0.0,"gold_gain":0.0,"event_name":"Golden Idol","player_choice":"Take Damage","floor":3.0,"gold_loss":0.0,"damage_taken":20.0,"relics_obtained":["Golden Idol"]},{"cards_removed":["Strike_R"],"damage_healed":0.0,"max_hp_gain":0.0,"max_hp_loss":0.0,"gold_gain":0.0,"event_name":"Golden Wing","player_choice":"Card Removal","floor":5.0,"gold_loss":0.0,"damage_taken":7.0},{"damage_healed":0.0,"max_hp_gain":0.0,"max_hp_loss":0.0,"gold_gain":0.0,"event_name":"Forgotten Altar","player_choice":"Gave Idol","floor":28.0,"relics_lost":["Golden Idol"],"gold_loss":0.0,"damage_taken":0.0,"relics_obtained":["Bloody Idol"]},{"damage_healed":0.0,"max_hp_gain":0.0,"max_hp_loss":0.0,"gold_gain":0.0,"event_name":"Nest","player_choice":"Joined the Cult","floor":30.0,"gold_loss":0.0,"damage_taken":6.0,"cards_obtained":["RitualDagger"]},{"damage_healed":0.0,"max_hp_gain":0.0,"max_hp_loss":0.0,"gold_gain":0.0,"event_name":"Match and Keep!","player_choice":"2 cards matched","floor":45.0,"gold_loss":0.0,"damage_taken":0.0,"cards_obtained":["Demon Form","Battle Trance"]}],"is_beta":false,"boss_relics":[{"not_picked":["Runic Dome","Eternal Feather"],"picked":"Orrery"},{"not_picked":["Black Star","Snecko Eye"],"picked":"Mark of Pain"}],"items_purged_floors":[4,12,21,37,46,48],"is_endless":false,"potions_floor_spawned":[6,13,14,16,19,22,23,25,29,31,35,39,41,44],"killed_by":"Shield and Spear","ascension_level":9}