{"gold_per_floor":[117,117,131,151,167,197,217,217,267,267,95,109,109,125,125,226,276,287,147,147,117,132,167,180,180],"floor_reached":25,"playtime":2134,"items_purged":["Strike_G","Defend_G"],"score":273,"play_id":"dd67679f-7bbb-457f-9a42-d19ce9d4b470","local_time":"20190301131208","is_ascension_mode":true,"campfire_choices":[{"floor":8,"key":"RECALL"},{"floor":10,"key":"REST"},{"data":"Noxious Fumes","floor":15,"key":"SMITH"}],"neow_cost":"PERCENT_DAMAGE","seed_source_timestamp":306789861004389,"circlet_count":0,"master_deck":["Defend_G","Defend_G","Defend_G","Defend_G+1","Strike_G","Strike_G","Strike_G","Survivor","Neutralize","Flying Knee","Dodge and Roll","Flying Knee","Cloak And Dagger","Tools of the Trade","Footwork","Cloak And Dagger","Noxious Fumes+1","A Thousand Cuts","Finisher","Leg Sweep","Footwork","Caltrops","Accuracy","Cloak And Dagger"],"relics":["Ring of the Snake","Omamori","Regal Pillow","Tiny House","Ornamental Fan"],"potions_floor_usage":[12,14,16,16,22,23,24,25],"damage_taken":[{"damage":0,"enemies":"Small Slimes","floor":1,"turns":3},{"damage":0,"enemies":"Cultist","floor":3,"turns":3},{"damage":0,"enemies":"2 Louse","floor":4,"turns":4},{"damage":9,"enemies":"2 Fungi Beasts","floor":5,"turns":4},{"damage":25,"enemies":"3 Sentries","floor":6,"turns":13},{"damage":6,"enemies":"Lots of Slimes","floor":7,"turns":4},{"damage":2,"enemies":"Looter","floor":12,"turns":4},{"damage":3,"enemies":"Blue Slaver","floor":14,"turns":4},{"damage":22,"enemies":"The Guardian","floor":16,"turns":11},{"damage":8,"enemies":"Shell Parasite","floor":18,"turns":8},{"damage":21,"enemies":"Chosen","floor":22,"turns":7},{"damage":57,"enemies":"Gremlin Leader","floor":23,"turns":8},{"damage":2,"enemies":"Centurion and Healer","floor":24,"turns":9},{"damage":11,"enemies":"Book of Stabbing","floor":25,"turns":3}],"seed_played":"-4229038441806395625","potions_obtained":[{"floor":3,"key":"GamblersBrew"},{"floor":4,"key":"Ancient Potion"},{"floor":7,"key":"Swift Potion"},{"floor":12,"key":"Fire Potion"},{"floor":17,"key":"Block Potion"},{"floor":21,"key":"Poison Potion"},{"floor":21,"key":"SteroidPotion"},{"floor":24,"key":"Fruit Juice"}],"is_trial":false,"path_per_floor":["M","?","M","M","M","E","M","R","T","R","$","M","T","M","R","B",null,"M","$","?","?","M","E","M","E"],"character_chosen":"THE_SILENT","items_purchased":["Footwork","Cloak And Dagger","Footwork"],"campfire_rested":1,"item_purchase_floors":[11,11,19],"current_hp_per_floor":[63,63,63,63,54,29,23,23,23,63,63,61,61,58,58,36,89,81,81,81,81,60,3,1,0],"gold":180,"neow_bonus":"TWENTY_PERCENT_HP_BONUS","is_prod":false,"is_daily":false,"chose_seed":false,"campfire_upgraded":1,"win_rate":0,"timestamp":1551456728,"path_taken":["M","?","M","?","M","E","M","R","T","R","$","?","?","M","R","BOSS","M","$","?","?","M","E","?","E"],"build_version":"2019-01-23","purchased_purges":2,"victory":false,"max_hp_per_floor":[84,84,84,84,84,84,84,84,84,84,84,84,84,84,84,84,89,89,89,89,89,89,89,89,94],"card_choices":[{"not_picked":["Prepared","Eviscerate"],"picked":"Flying Knee","floor":1},{"not_picked":["Finisher","Masterful Stab"],"picked":"Dodge and Roll","floor":3},{"not_picked":["Acrobatics","Slice"],"picked":"Flying Knee","floor":4},{"not_picked":["Dash","Flying Knee"],"picked":"Cloak And Dagger","floor":5},{"not_picked":["Predator","Eviscerate","Concentrate"],"picked":"SKIP","floor":6},{"not_picked":["Bane","Underhanded Strike"],"picked":"Tools of the Trade","floor":7},{"not_picked":["Acrobatics","Backstab","Deadly Poison"],"picked":"SKIP","floor":12},{"not_picked":["Prepared","Reflex"],"picked":"Noxious Fumes","floor":14},{"not_picked":["Bullet Time","Wraith Form v2"],"picked":"A Thousand Cuts","floor":16},{"not_picked":["PiercingWail","Dagger Throw"],"picked":"Finisher","floor":17},{"not_picked":["Sucker Punch","PiercingWail"],"picked":"Leg Sweep","floor":18},{"not_picked":["Deadly Poison","Quick Slash","Flying Knee+1"],"picked":"SKIP","floor":22},{"not_picked":["Bane","Glass Knife"],"picked":"Accuracy","floor":23},{"not_picked":["Eviscerate","Tactician"],"picked":"Cloak And Dagger","floor":24}],"player_experience":152012,"relics_obtained":[{"floor":6,"key":"Omamori"},{"floor":9,"key":"Regal Pillow"},{"floor":23,"key":"Ornamental Fan"}],"event_choices":[{"cards_removed":["Strike_G"],"damage_healed":0,"gold_gain":0,"player_choice":"Purged","damage_taken":0,"max_hp_gain":0,"max_hp_loss":0,"event_name":"Purifier","floor":2,"gold_loss":0},{"damage_healed":0,"gold_gain":0,"player_choice":"Read","damage_taken":0,"max_hp_gain":0,"max_hp_loss":0,"event_name":"The Library","floor":20,"gold_loss":0,"cards_obtained":["Caltrops"]},{"damage_healed":0,"gold_gain":0,"player_choice":"Bought 2 Potions","damage_taken":0,"max_hp_gain":0,"max_hp_loss":0,"event_name":"The Woman in Blue","floor":21,"gold_loss":0}],"is_beta":false,"boss_relics":[{"not_picked":["White Beast Statue","Busted Crown"],"picked":"Tiny House"}],"items_purged_floors":[11,19],"is_endless":false,"potions_floor_spawned":[3,4,7,12,24],"killed_by":"Book of Stabbing","ascension_level":2}