{"gold_per_floor":[119,132,145,163,182,212,212,246,270,270,270,284,284,86,86,185,185,205,281,296,116,0,0,0],"floor_reached":24,"playtime":836,"items_purged":["Defend_B","Strike_B"],"score":258,"play_id":"3c465f22-08b3-4ccc-a11c-b91cc286ec6d","local_time":"20180916135417","is_ascension_mode":true,"campfire_choices":[{"data":"Cold Snap","floor":7,"key":"SMITH"},{"data":"Hologram","floor":10,"key":"SMITH"},{"data":"Ball Lightning","floor":13,"key":"SMITH"},{"floor":15,"key":"REST"},{"data":"Creative AI","floor":23,"key":"SMITH"}],"neow_cost":"","seed_source_timestamp":157021828458666,"circlet_count":0,"master_deck":["Strike_B","Strike_B","Defend_B","Defend_B","Defend_B","Zap","Dualcast","Sunder","Conserve Battery","Beam Cell","Core Surge","Cold Snap+1","Beam Cell","Hologram+1","Ball Lightning+1","Capacitor","Cold Snap","Creative AI+1","Cold Snap","Tempest+1","Loop"],"relics":["Cracked Core","Mercury Hourglass","Ancient Tea Set","Bag of Preparation","Inserter","Dodecahedron"],"potions_floor_usage":[],"damage_taken":[{"damage":0,"enemies":"Cultist","floor":1,"turns":3},{"damage":0,"enemies":"2 Louse","floor":2,"turns":2},{"damage":0,"enemies":"Small Slimes","floor":3,"turns":2},{"damage":7,"enemies":"3 Louse","floor":4,"turns":2},{"damage":11,"enemies":"Exordium Thugs","floor":5,"turns":3},{"damage":16,"enemies":"Gremlin Nob","floor":6,"turns":4},{"damage":16,"enemies":"Lagavulin","floor":8,"turns":5},{"damage":5,"enemies":"Exordium Wildlife","floor":12,"turns":2},{"damage":27,"enemies":"The Guardian","floor":16,"turns":10},{"damage":9,"enemies":"3 Byrds","floor":18,"turns":3},{"damage":10,"enemies":"Chosen","floor":20,"turns":4},{"damage":46,"enemies":"Gremlin Leader","floor":24,"turns":5}],"seed_played":"-8663182399445981584","potions_obtained":[{"floor":1,"key":"SpeedPotion"},{"floor":3,"key":"Poison Potion"},{"floor":12,"key":"EssenceOfSteel"},{"floor":16,"key":"Regen Potion"}],"is_trial":false,"path_per_floor":["M","M","M","M","M","E","R","E","T","R","?","M","R","$","R","B",null,"M","T","M","$","?","R"],"character_chosen":"DEFECT","items_purchased":["Capacitor","Cold Snap","Loop"],"campfire_rested":1,"item_purchase_floors":[14,14,21],"current_hp_per_floor":[75,75,75,68,57,41,41,25,25,25,25,20,20,20,42,15,60,51,51,41,41,41,41,0],"gold":0,"neow_bonus":"","is_prod":false,"is_daily":false,"chose_seed":false,"campfire_upgraded":4,"win_rate":0,"timestamp":1537120457,"path_taken":["M","?","?","M","M","E","R","E","T","R","?","M","R","$","R","BOSS","M","?","M","$","?","R","E"],"build_version":"2018-09-06","purchased_purges":2,"victory":false,"max_hp_per_floor":[75,75,75,75,75,75,75,75,75,75,75,75,75,75,75,75,75,75,75,75,75,75,75,75],"card_choices":[{"not_picked":["Stack","Reprogram"],"picked":"Sunder","floor":1},{"not_picked":["Sweeping Beam","Hello World"],"picked":"Conserve Battery","floor":2},{"not_picked":["FTL","Undo"],"picked":"Beam Cell","floor":3},{"not_picked":["Leap","Beam Cell"],"picked":"Core Surge","floor":4},{"not_picked":["Static Discharge","Steam Power"],"picked":"Cold Snap","floor":5},{"not_picked":["Streamline","Compile Driver"],"picked":"Beam Cell","floor":6},{"not_picked":["Amplify","Stack"],"picked":"Hologram","floor":8},{"not_picked":["Gash","Barrage"],"picked":"Ball Lightning","floor":12},{"not_picked":["Reboot","Electrodynamics"],"picked":"Creative AI","floor":16},{"not_picked":["Scrape+1","Ball Lightning"],"picked":"Cold Snap","floor":18},{"not_picked":["Aggregate","Redo+1"],"picked":"Tempest+1","floor":20}],"player_experience":193806,"relics_obtained":[{"floor":6,"key":"Mercury Hourglass"},{"floor":8,"key":"Ancient Tea Set"},{"floor":9,"key":"Bag of Preparation"},{"floor":19,"key":"Dodecahedron"}],"event_choices":[{"event_name":"Purifier","player_choice":"One Purge","floor":11,"damage_taken":0},{"event_name":"Masked Bandits","player_choice":"Paid Fearfully","floor":22,"damage_taken":0}],"is_beta":false,"boss_relics":[{"not_picked":["Philosopher\u0027s Stone","Snecko Eye"],"picked":"Inserter"}],"items_purged_floors":[14,21],"is_endless":false,"potions_floor_spawned":[1,3,12,16,18],"killed_by":"Gremlin Leader","ascension_level":5}