{"gold_per_floor":[131,143,172,184,196,208,235,247,259,271,283],"floor_reached":11,"playtime":232,"items_purged":[],"score":122,"play_id":"cc6a3637-5cdf-4c9f-81df-380a4f29d860","local_time":"20181121165753","is_ascension_mode":true,"campfire_choices":[{"data":"Bash","floor":6,"key":"SMITH"},{"data":"True Grit","floor":8,"key":"SMITH"}],"neow_cost":"NONE","seed_source_timestamp":195728473075184,"circlet_count":0,"master_deck":["AscendersBane","Strike_R","Strike_R","Strike_R","Strike_R","Defend_R","Defend_R","Defend_R+1","Defend_R+1","Bash+1","True Grit+1"],"relics":["Burning Blood","MawBank","Shuriken"],"potions_floor_usage":[11],"damage_taken":[{"damage":4,"enemies":"2 Louse","floor":1,"turns":4},{"damage":7,"enemies":"Small Slimes","floor":3,"turns":4},{"damage":6,"enemies":"Cultist","floor":7,"turns":3},{"damage":43,"enemies":"3 Sentries","floor":11,"turns":9}],"seed_played":"1405763456961002677","potions_obtained":[{"floor":7,"key":"Dexterity Potion"}],"is_trial":false,"path_per_floor":["M","?","M","?","?","R","M","R","T","?","E"],"character_chosen":"IRONCLAD","items_purchased":[],"campfire_rested":0,"item_purchase_floors":[],"current_hp_per_floor":[70,63,62,67,67,67,67,67,67,43,0],"gold":283,"neow_bonus":"RANDOM_COMMON_RELIC","is_prod":false,"is_daily":false,"chose_seed":false,"campfire_upgraded":2,"win_rate":0,"timestamp":1542848273,"path_taken":["M","?","M","?","?","R","M","R","T","?","E"],"build_version":"2018-11-15","purchased_purges":0,"victory":false,"max_hp_per_floor":[75,75,75,80,80,80,80,80,80,80,80],"card_choices":[{"not_picked":["Wild Strike","Sentinel","Sword Boomerang"],"picked":"SKIP","floor":1},{"not_picked":["Perfected Strike","Evolve","Fire Breathing"],"picked":"SKIP","floor":3},{"not_picked":["Perfected Strike","Entrench"],"picked":"True Grit","floor":7}],"player_experience":666535,"relics_obtained":[{"floor":9,"key":"Shuriken"}],"event_choices":[{"cards_removed":["Strike_R"],"damage_healed":0,"gold_gain":0,"player_choice":"Card Removal","damage_taken":7,"max_hp_gain":0,"max_hp_loss":0,"event_name":"Golden Wing","floor":2,"gold_loss":0},{"damage_healed":0,"gold_gain":0,"player_choice":"Donut","damage_taken":0,"max_hp_gain":5,"max_hp_loss":0,"event_name":"Big Fish","floor":4,"gold_loss":0},{"damage_healed":0,"gold_gain":0,"player_choice":"Ignored","damage_taken":0,"max_hp_gain":0,"max_hp_loss":0,"event_name":"Liars Game","floor":5,"gold_loss":0},{"damage_healed":0,"gold_gain":0,"player_choice":"Entered Light","damage_taken":24,"max_hp_gain":0,"max_hp_loss":0,"event_name":"Shining Light","floor":10,"gold_loss":0,"cards_upgraded":["Defend_R","Defend_R"]}],"is_beta":false,"boss_relics":[],"items_purged_floors":[],"is_endless":false,"potions_floor_spawned":[7],"killed_by":"3 Sentries","ascension_level":20}