{"gold_per_floor":[119,119,142,161,181,181,216,228,264,320,332,387,418,473,485,588,600,627,609,640,207,220,244,279,279,303,342,357,395,395,203,203,203],"floor_reached":33,"playtime":2452,"items_purged":["Strike_G","Blade Dance"],"score":699,"play_id":"3bd2559e-a01d-4acd-b36e-2f8b01e8f98d","local_time":"20190219020418","is_ascension_mode":true,"campfire_choices":[{"data":"Backstab","floor":6.0,"key":"SMITH"},{"floor":11.0,"key":"REST"},{"data":"Cloak And Dagger","floor":15.0,"key":"SMITH"},{"data":"After Image","floor":30.0,"key":"SMITH"},{"data":"Footwork","floor":32.0,"key":"SMITH"}],"neow_cost":"NONE","seed_source_timestamp":95702277472231,"circlet_count":0,"master_deck":["AscendersBane","Defend_G","Defend_G","Defend_G","Defend_G","Defend_G","Survivor","Neutralize","Slice+1","Quick Slash","Leg Sweep","Backstab+1","Cloak And Dagger+1","Well Laid Plans","Backstab","Flying Knee","Grand Finale","Sucker Punch","Noxious Fumes+1","After Image+1","Backflip","Cloak And Dagger","Deflect","Bite","Bite","Bite","Bite","Bite","Concentrate+1","Footwork+1","Doppelganger","Finesse"],"special_seed":0,"relics":["Ring of the Snake","Golden Idol","MawBank","Bag of Marbles","Whetstone","Omamori","Centennial Puzzle","Black Star","Art of War","Happy Flower","Smiling Mask","Anchor","Tingsha","PreservedInsect","Lantern","Vajra"],"potions_floor_usage":[33,33],"damage_taken":[{"damage":6.0,"enemies":"Small Slimes","floor":1.0,"turns":6.0},{"damage":3.0,"enemies":"Jaw Worm","floor":3.0,"turns":6.0},{"damage":0.0,"enemies":"Cultist","floor":4.0,"turns":4.0},{"damage":1.0,"enemies":"Looter","floor":5.0,"turns":3.0},{"damage":0.0,"enemies":"Gremlin Nob","floor":7.0,"turns":4.0},{"damage":32.0,"enemies":"3 Sentries","floor":10.0,"turns":12.0},{"damage":1.0,"enemies":"Lagavulin","floor":12.0,"turns":7.0},{"damage":0.0,"enemies":"Lots of Slimes","floor":13.0,"turns":2.0},{"damage":0.0,"enemies":"Gremlin Nob","floor":14.0,"turns":2.0},{"damage":16.0,"enemies":"Slime Boss","floor":16.0,"turns":13.0},{"damage":10.0,"enemies":"3 Byrds","floor":18.0,"turns":5.0},{"damage":0.0,"enemies":"Spheric Guardian","floor":20.0,"turns":4.0},{"damage":0.0,"enemies":"Centurion and Healer","floor":22.0,"turns":8.0},{"damage":8.0,"enemies":"Snake Plant","floor":23.0,"turns":5.0},{"damage":27.0,"enemies":"Book of Stabbing","floor":24.0,"turns":7.0},{"damage":5.0,"enemies":"Slavers","floor":27.0,"turns":4.0},{"damage":2.0,"enemies":"Cultist and Chosen","floor":28.0,"turns":7.0},{"damage":9.0,"enemies":"Book of Stabbing","floor":29.0,"turns":5.0},{"damage":37,"enemies":"Collector","floor":33,"turns":7}],"seed_played":"-4991810698448237544","potions_obtained":[{"floor":3.0,"key":"Block Potion"},{"floor":5.0,"key":"SteroidPotion"},{"floor":7.0,"key":"GamblersBrew"},{"floor":12.0,"key":"Poison Potion"},{"floor":14.0,"key":"Poison Potion"},{"floor":19.0,"key":"PowerPotion"},{"floor":19.0,"key":"Fruit Juice"},{"floor":20.0,"key":"SpeedPotion"},{"floor":24.0,"key":"Explosive Potion"},{"floor":28.0,"key":"Ancient Potion"}],"is_trial":false,"path_per_floor":["M","?","M","M","M","R","E","?","T","E","R","E","M","E","R","B",null,"M","?","M","$","M","M","E","?","T","E","M","E","R","$","R","B"],"character_chosen":"THE_SILENT","items_purchased":["After Image","Backflip","Explosive Potion","Art of War","Finesse","Strength Potion"],"campfire_rested":1,"item_purchase_floors":[21,21,21,21,31,31],"current_hp_per_floor":[59,59,56,56,55,55,55,55,55,23,42,41,41,41,41,25,55,45,50,50,50,50,42,15,15,15,20,28,25,25,25,25,0],"gold":203,"neow_bonus":"TEN_PERCENT_HP_BONUS","is_prod":false,"is_daily":false,"chose_seed":false,"campfire_upgraded":4,"win_rate":0,"timestamp":1550559858,"path_taken":["M","?","M","M","M","R","E","?","T","E","R","E","?","E","R","BOSS","M","?","M","$","?","M","E","?","T","E","M","E","R","$","R","BOSS"],"build_version":"2019-01-23","purchased_purges":2,"victory":false,"max_hp_per_floor":[72,65,65,65,65,65,65,65,65,65,65,65,65,65,65,65,65,65,70,70,70,70,70,70,49,49,49,49,49,49,49,49,49],"card_choices":[{"not_picked":["Deflect","Underhanded Strike"],"picked":"Slice","floor":1.0},{"not_picked":["Masterful Stab","Skewer"],"picked":"Quick Slash","floor":3.0},{"not_picked":["Escape Plan","Wraith Form v2"],"picked":"Leg Sweep","floor":4.0},{"not_picked":["Heel Hook","Bane"],"picked":"Backstab","floor":5.0},{"not_picked":["Bouncing Flask","Leg Sweep"],"picked":"Cloak And Dagger","floor":7.0},{"not_picked":["Eviscerate","Night Terror"],"picked":"Well Laid Plans","floor":10.0},{"not_picked":["Concentrate","Underhanded Strike"],"picked":"Blade Dance","floor":12.0},{"not_picked":["Acrobatics","Blur"],"picked":"Backstab","floor":13.0},{"not_picked":["Dodge and Roll","Blade Dance"],"picked":"Flying Knee","floor":14.0},{"not_picked":["Envenom","Storm of Steel"],"picked":"Grand Finale","floor":16.0},{"not_picked":["Outmaneuver","Accuracy"],"picked":"Sucker Punch","floor":18.0},{"not_picked":["Underhanded Strike","Backflip"],"picked":"Noxious Fumes+1","floor":20.0},{"not_picked":["Endless Agony","Flying Knee"],"picked":"Cloak And Dagger","floor":22.0},{"not_picked":["Concentrate","Setup"],"picked":"Deflect","floor":23.0},{"not_picked":["Riddle With Holes","Dodge and Roll","Flechettes"],"picked":"SKIP","floor":24.0},{"not_picked":["Endless Agony","Quick Slash"],"picked":"Concentrate+1","floor":27.0},{"not_picked":["Eviscerate","Noxious Fumes"],"picked":"Footwork","floor":28.0},{"not_picked":["Blur","Predator"],"picked":"Doppelganger","floor":29.0}],"player_experience":478056,"relics_obtained":[{"floor":7.0,"key":"MawBank"},{"floor":9.0,"key":"Bag of Marbles"},{"floor":10.0,"key":"Whetstone"},{"floor":12.0,"key":"Omamori"},{"floor":14.0,"key":"Centennial Puzzle"},{"floor":24.0,"key":"Happy Flower"},{"floor":24.0,"key":"Smiling Mask"},{"floor":26.0,"key":"Anchor"},{"floor":27.0,"key":"Tingsha"},{"floor":27.0,"key":"PreservedInsect"},{"floor":29.0,"key":"Lantern"},{"floor":29.0,"key":"Vajra"}],"event_choices":[{"damage_healed":0.0,"max_hp_gain":0.0,"max_hp_loss":7.0,"gold_gain":0.0,"event_name":"Golden Idol","player_choice":"Lose Max HP","floor":2.0,"gold_loss":0.0,"damage_taken":0.0,"relics_obtained":["Golden Idol"]},{"cards_removed":["Strike_G"],"damage_healed":0.0,"max_hp_gain":0.0,"max_hp_loss":0.0,"gold_gain":0.0,"event_name":"Purifier","player_choice":"Purged","floor":8.0,"gold_loss":0.0,"damage_taken":0.0},{"damage_healed":0.0,"max_hp_gain":0.0,"max_hp_loss":0.0,"gold_gain":0.0,"event_name":"The Woman in Blue","player_choice":"Bought 2 Potions","floor":19.0,"gold_loss":0.0,"damage_taken":0.0},{"damage_healed":0.0,"max_hp_gain":0.0,"max_hp_loss":21.0,"gold_gain":0.0,"event_name":"Vampires","player_choice":"Became a vampire","floor":25.0,"gold_loss":0.0,"damage_taken":0.0,"cards_obtained":["Bite","Bite","Bite","Bite","Bite"]}],"is_beta":false,"boss_relics":[{"not_picked":["Velvet Choker","Ectoplasm"],"picked":"Black Star"}],"items_purged_floors":[21,31],"is_endless":false,"potions_floor_spawned":[3,5,7,12,14,20,24,28],"killed_by":"Collector","ascension_level":15}