{"gold_per_floor":[112,112,112,112,112,142,142,153,153,166,130,144,144,158,158,253,253,253,253,253,253,178,178,118,118,118,118,118,118,29,29,29,29,29,29,29,29,29,29,29,29,29,29,29,29,29,29,29,29,29],"floor_reached":50,"playtime":1841,"items_purged":["Strike_R"],"score":440,"play_id":"8d531014-40cb-4e30-95cc-c0e638e8d886","local_time":"20190207142347","is_ascension_mode":false,"campfire_choices":[{"floor":7,"key":"REST"},{"floor":13,"key":"REST"},{"data":"Metallicize","floor":15,"key":"SMITH"},{"data":"Demon Form","floor":23,"key":"SMITH"},{"data":"Sword Boomerang","floor":25,"key":"SMITH"},{"floor":28,"key":"REST"},{"data":"Rampage","floor":32,"key":"SMITH"},{"floor":40,"key":"REST"},{"floor":42,"key":"REST"},{"floor":47,"key":"REST"},{"floor":49,"key":"RECALL"}],"neow_cost":"TEN_PERCENT_HP_LOSS","seed_source_timestamp":4581224895476185,"circlet_count":0,"master_deck":["Strike_R","Defend_R","Defend_R","Defend_R","Bash","Pommel Strike","Bludgeon","Metallicize+1","Sword Boomerang+1","Rampage+1","Demon Form+1","Shrug It Off","Uppercut","Inflame","Barricade","Sword Boomerang+1","Armaments+1","Dual Wield+1","Parasite"],"relics":["Burning Blood","The Courier","Letter Opener","Ectoplasm","Happy Flower","Blue Candle","Shuriken","Runic Pyramid","Bottled Flame"],"potions_floor_usage":[16,16,33,33,37,50,50],"damage_taken":[{"damage":5,"enemies":"2 Louse","floor":1,"turns":3},{"damage":49,"enemies":"Lagavulin","floor":6,"turns":8},{"damage":1,"enemies":"Jaw Worm","floor":8,"turns":3},{"damage":3,"enemies":"Small Slimes","floor":10,"turns":2},{"damage":11,"enemies":"Exordium Wildlife","floor":12,"turns":4},{"damage":10,"enemies":"3 Louse","floor":14,"turns":4},{"damage":51,"enemies":"The Guardian","floor":16,"turns":13},{"damage":10,"enemies":"3 Byrds","floor":18,"turns":5},{"damage":19,"enemies":"2 Thieves","floor":24,"turns":4},{"damage":12,"enemies":"Snake Plant","floor":27,"turns":4},{"damage":54,"enemies":"Automaton","floor":33,"turns":8},{"damage":19,"enemies":"3 Darklings","floor":35,"turns":5},{"damage":8,"enemies":"3 Shapes","floor":36,"turns":6},{"damage":12,"enemies":"Transient","floor":37,"turns":5},{"damage":50,"enemies":"3 Darklings","floor":39,"turns":5},{"damage":12,"enemies":"Maw","floor":45,"turns":6},{"damage":34,"enemies":"Spire Growth","floor":46,"turns":7},{"damage":10,"enemies":"Writhing Mass","floor":48,"turns":5},{"damage":48,"enemies":"Donu and Deca","floor":50,"turns":4}],"seed_played":"-1410470893074845898","potions_obtained":[{"floor":6,"key":"Explosive Potion"},{"floor":14,"key":"Dexterity Potion"},{"floor":16,"key":"BloodPotion"},{"floor":27,"key":"GamblersBrew"},{"floor":33,"key":"Dexterity Potion"},{"floor":39,"key":"FearPotion"},{"floor":46,"key":"Explosive Potion"}],"is_trial":false,"path_per_floor":["M","?","?","?","?","E","R","M","T","M","?","M","R","M","R","B",null,"M","?","?","?","?","R","M","R","T","M","R","?","$","T","R","B",null,"M","M","M","$","M","R","?","R","T","$","M","M","R","M","R","B"],"character_chosen":"IRONCLAD","items_purchased":["Inflame"],"campfire_rested":6,"item_purchase_floors":[30],"current_hp_per_floor":[72,65,65,58,58,15,36,41,41,44,44,39,60,56,56,11,72,68,68,68,68,68,68,55,55,55,49,70,57,57,57,57,16,77,64,62,56,56,12,35,35,58,58,58,52,24,47,43,43,0],"gold":29,"neow_bonus":"THREE_RARE_CARDS","is_prod":false,"is_daily":false,"chose_seed":false,"campfire_upgraded":4,"win_rate":0,"timestamp":1549567427,"path_taken":["M","?","?","?","?","E","R","?","T","M","?","M","R","M","R","BOSS","M","?","?","?","?","R","M","R","T","M","R","?","$","?","R","BOSS","M","?","M","$","M","R","?","R","T","$","M","M","R","M","R","BOSS"],"build_version":"2019-01-23","purchased_purges":1,"victory":false,"max_hp_per_floor":[72,72,72,72,72,72,72,72,72,72,72,72,72,72,72,72,72,72,72,72,72,72,72,72,72,72,72,72,77,77,77,77,77,77,77,77,77,77,77,77,77,77,77,77,77,77,77,77,77,77],"card_choices":[{"not_picked":["Offering","Berserk"],"picked":"Dark Embrace","floor":0},{"not_picked":["Power Through","Perfected Strike"],"picked":"Pommel Strike","floor":1},{"not_picked":["Dark Embrace","Searing Blow"],"picked":"Metallicize","floor":6},{"not_picked":["Hemokinesis","Clash","Twin Strike"],"picked":"SKIP","floor":8},{"not_picked":["Thunderclap","Heavy Blade"],"picked":"Sword Boomerang","floor":10},{"not_picked":["Body Slam","Battle Trance","Pommel Strike"],"picked":"SKIP","floor":12},{"not_picked":["Clothesline","Whirlwind"],"picked":"Rampage","floor":14},{"not_picked":["Feed","Fiend Fire"],"picked":"Demon Form","floor":16},{"not_picked":["Evolve","Clothesline"],"picked":"Shrug It Off","floor":18},{"not_picked":["Rupture","Combust"],"picked":"Uppercut","floor":24},{"not_picked":["Rupture","Feel No Pain+1","Corruption+1"],"picked":"SKIP","floor":27},{"not_picked":["Double Tap","Juggernaut"],"picked":"Barricade","floor":33},{"not_picked":["Heavy Blade","Perfected Strike"],"picked":"Sword Boomerang+1","floor":35},{"not_picked":["Shrug It Off+1","Wild Strike+1"],"picked":"Armaments+1","floor":36},{"not_picked":["Armaments","Thunderclap+1","Wild Strike"],"picked":"SKIP","floor":37},{"not_picked":["Combust","Clash"],"picked":"Dual Wield+1","floor":39},{"not_picked":["Cleave","Headbutt","Pommel Strike+1"],"picked":"SKIP","floor":45},{"not_picked":["Demon Form","Sentinel+1","Flex"],"picked":"SKIP","floor":46},{"not_picked":["Anger","Seeing Red","Havoc"],"picked":"SKIP","floor":48}],"player_experience":71507,"relics_obtained":[{"floor":6,"key":"Letter Opener"},{"floor":26,"key":"Blue Candle"},{"floor":31,"key":"Shuriken"},{"floor":43,"key":"Bottled Flame"}],"event_choices":[{"cards_removed":["Strike_R"],"damage_healed":0,"gold_gain":0,"player_choice":"Card Removal","damage_taken":7,"max_hp_gain":0,"max_hp_loss":0,"event_name":"Golden Wing","floor":2,"gold_loss":0},{"damage_healed":0,"gold_gain":0,"player_choice":"Ignored","damage_taken":0,"max_hp_gain":0,"max_hp_loss":0,"event_name":"Golden Idol","floor":3,"gold_loss":0},{"damage_healed":0,"gold_gain":0,"player_choice":"Success","damage_taken":7,"relics_obtained":["The Courier"],"max_hp_gain":0,"max_hp_loss":0,"event_name":"Scrap Ooze","floor":4,"gold_loss":0},{"damage_healed":0,"gold_gain":0,"cards_transformed":["Strike_R"],"player_choice":"Change","damage_taken":0,"max_hp_gain":0,"max_hp_loss":0,"event_name":"Living Wall","floor":5,"gold_loss":0,"cards_obtained":["Bludgeon"]},{"damage_healed":0,"gold_gain":0,"player_choice":"Left Gold","damage_taken":0,"max_hp_gain":0,"max_hp_loss":0,"event_name":"World of Goop","floor":11,"gold_loss":36},{"damage_healed":0,"gold_gain":0,"player_choice":"Opened","damage_taken":0,"relics_obtained":["Happy Flower"],"max_hp_gain":0,"max_hp_loss":0,"event_name":"The Mausoleum","floor":19,"gold_loss":0},{"damage_healed":0,"gold_gain":0,"player_choice":"Ignored","damage_taken":0,"max_hp_gain":0,"max_hp_loss":0,"event_name":"Cursed Tome","floor":20,"gold_loss":0},{"cards_removed":["Defend_R"],"damage_healed":0,"gold_gain":0,"player_choice":"Elegance","damage_taken":0,"max_hp_gain":0,"max_hp_loss":0,"event_name":"Back to Basics","floor":21,"gold_loss":0},{"cards_removed":["Strike_R"],"damage_healed":0,"gold_gain":0,"player_choice":"Gave Gold","damage_taken":0,"max_hp_gain":0,"max_hp_loss":0,"event_name":"Beggar","floor":22,"gold_loss":75},{"damage_healed":0,"gold_gain":0,"player_choice":"Shed Blood","damage_taken":18,"max_hp_gain":5,"max_hp_loss":0,"event_name":"Forgotten Altar","floor":29,"gold_loss":0},{"cards_removed":["Dark Embrace"],"damage_healed":0,"gold_gain":0,"player_choice":"Removed Power","damage_taken":0,"max_hp_gain":0,"max_hp_loss":0,"event_name":"Falling","floor":41,"gold_loss":0}],"is_beta":false,"boss_relics":[{"not_picked":["Coffee Dripper","Runic Cube"],"picked":"Ectoplasm"},{"not_picked":["Tiny House","Velvet Choker"],"picked":"Runic Pyramid"}],"items_purged_floors":[30],"is_endless":false,"potions_floor_spawned":[6,14,16,27,33,39,46],"killed_by":"Donu and Deca","ascension_level":0}