{"gold_per_floor":[111,127,144,144,157,192,210,224,248,261,231,231,148,181,181,279,279,294,308,308,308,327,327,354,354],"floor_reached":25,"playtime":1103,"items_purged":["Defend_R"],"score":356,"play_id":"06f2b434-d633-40f6-a3a4-8240649424e1","local_time":"20190304222938","is_ascension_mode":true,"campfire_choices":[{"floor":12,"key":"REST"},{"floor":15,"key":"REST"},{"floor":23,"key":"REST"}],"neow_cost":"NONE","seed_source_timestamp":334681194428839,"circlet_count":0,"master_deck":["AscendersBane","Strike_R+1","Strike_R+1","Strike_R+1","Strike_R+1","Strike_R+1","Defend_R+1","Defend_R+1","Defend_R+1","Bash","Brutality","Whirlwind+1","True Grit+1","Sever Soul","Inflame","Ghostly Armor","Flame Barrier","Rupture","Flex","Evolve","Thunderclap","Brutality","Bloodletting+1","Clothesline+1","Writhe","True Grit+1"],"special_seed":0,"relics":["Burning Blood","Smiling Mask","Regal Pillow","Champion Belt","Sozu","Ancient Tea Set","War Paint"],"potions_floor_usage":[6,10,25,25,25],"damage_taken":[{"damage":10.0,"enemies":"Small Slimes","floor":1.0,"turns":4.0},{"damage":0.0,"enemies":"2 Louse","floor":2.0,"turns":3.0},{"damage":5.0,"enemies":"Cultist","floor":3.0,"turns":5.0},{"damage":10.0,"enemies":"Looter","floor":5.0,"turns":3.0},{"damage":44,"enemies":"Lagavulin","floor":6,"turns":5},{"damage":18,"enemies":"Red Slaver","floor":7,"turns":5},{"damage":17,"enemies":"Blue Slaver","floor":8,"turns":6},{"damage":10,"enemies":"3 Louse","floor":10,"turns":3},{"damage":13,"enemies":"Exordium Thugs","floor":11,"turns":5},{"damage":33,"enemies":"3 Sentries","floor":14,"turns":6},{"damage":28,"enemies":"Slime Boss","floor":16,"turns":9},{"damage":16,"enemies":"Chosen","floor":18,"turns":5},{"damage":17,"enemies":"Spheric Guardian","floor":19,"turns":4},{"damage":35,"enemies":"Snake Plant","floor":22,"turns":5},{"damage":34,"enemies":"Gremlin Leader","floor":24,"turns":7},{"damage":31,"enemies":"Sentry and Sphere","floor":25,"turns":6}],"seed_played":"1498522016391801867","potions_obtained":[{"floor":1.0,"key":"PowerPotion"},{"floor":5.0,"key":"Regen Potion"},{"floor":6,"key":"SteroidPotion"},{"floor":11,"key":"PowerPotion"},{"floor":14,"key":"SpeedPotion"},{"floor":16,"key":"SkillPotion"}],"is_trial":false,"path_per_floor":["M","M","M","?","M","E","M","M","T","M","M","R","$","E","R","B",null,"M","M","?","?","M","R","E","M"],"character_chosen":"IRONCLAD","items_purchased":["Evolve"],"campfire_rested":3,"item_purchase_floors":[13],"current_hp_per_floor":[68,74,75,75,71,45,33,22,22,18,11,50,50,23,62,40,70,60,49,49,49,20,59,31,0],"gold":354,"neow_bonus":"ONE_RANDOM_RARE_CARD","is_prod":false,"is_daily":false,"chose_seed":false,"campfire_upgraded":0,"win_rate":0,"timestamp":1551756578,"path_taken":["M","M","M","?","M","E","M","M","T","M","M","R","$","E","R","BOSS","M","M","?","?","M","R","E","M"],"build_version":"2019-01-23","purchased_purges":1,"victory":false,"max_hp_per_floor":[80,80,80,80,80,80,80,80,80,80,80,80,80,80,80,80,80,80,80,80,80,80,80,80,80],"card_choices":[{"not_picked":["Metallicize","Clash"],"picked":"Whirlwind","floor":1.0},{"not_picked":["Havoc","Clash"],"picked":"True Grit","floor":2.0},{"not_picked":["Dual Wield","Corruption"],"picked":"Sever Soul","floor":3.0},{"not_picked":["Shrug It Off","Havoc"],"picked":"Inflame","floor":5.0},{"not_picked":["Armaments","Perfected Strike"],"picked":"Ghostly Armor","floor":6},{"not_picked":["Uppercut","Whirlwind"],"picked":"Flame Barrier","floor":7},{"not_picked":["Burning Pact","Anger"],"picked":"Rupture","floor":8},{"not_picked":["Pommel Strike","Havoc","Heavy Blade"],"picked":"SKIP","floor":10},{"not_picked":["Reaper","Thunderclap"],"picked":"Flex","floor":11},{"not_picked":["Cleave","Armaments"],"picked":"Thunderclap","floor":14},{"not_picked":["Double Tap","Exhume"],"picked":"Brutality","floor":16},{"not_picked":["Twin Strike","Rage"],"picked":"Bloodletting","floor":18},{"not_picked":["Havoc","Twin Strike"],"picked":"Clothesline+1","floor":19},{"not_picked":["Twin Strike","Pommel Strike","Shockwave"],"picked":"SKIP","floor":22},{"not_picked":["Iron Wave","Heavy Blade"],"picked":"True Grit+1","floor":24}],"player_experience":274284,"relics_obtained":[{"floor":6,"key":"Smiling Mask"},{"floor":9,"key":"Regal Pillow"},{"floor":14,"key":"Champion Belt"},{"floor":24,"key":"War Paint"}],"event_choices":[{"damage_healed":0.0,"max_hp_gain":0.0,"max_hp_loss":0.0,"gold_gain":0.0,"event_name":"Living Wall","player_choice":"Grow","floor":4.0,"gold_loss":0.0,"damage_taken":0.0,"cards_upgraded":["Whirlwind"]},{"damage_healed":0,"gold_gain":0,"player_choice":"Simplicity","damage_taken":0,"max_hp_gain":0,"max_hp_loss":0,"event_name":"Back to Basics","floor":20,"gold_loss":0,"cards_upgraded":["Strike_R","Strike_R","Strike_R","Strike_R","Strike_R","Defend_R","Defend_R","Defend_R"]},{"damage_healed":0,"gold_gain":0,"player_choice":"Opened","damage_taken":0,"relics_obtained":["Ancient Tea Set"],"max_hp_gain":0,"max_hp_loss":0,"event_name":"The Mausoleum","floor":21,"gold_loss":0,"cards_obtained":["Writhe"]}],"is_beta":false,"boss_relics":[{"not_picked":["Busted Crown","Ectoplasm"],"picked":"Sozu"}],"items_purged_floors":[13],"is_endless":false,"potions_floor_spawned":[1,5,6,11,14,16,22],"killed_by":"Sentry and Sphere","ascension_level":10}