{"path_per_floor":["M","T","M","M","$","R","?","E","T","M","?","E","R","E","R","B",null,"M","?","$","?","M","E","R","E","T","M","R","E","?","?","R","B",null,"M","M","M","$","M","R","E","M","T","R","?","M","E","?","R","B"],"character_chosen":"DEFECT","items_purchased":["Shuriken","All For One","Hologram","Regal Pillow","Flash of Steel","Anchor","Toxic Egg 2","Stack","Leap","Hologram+1","Redo+1","Hologram+1"],"gold_per_floor":[365,365,383,395,15,15,15,42,123,143,318,345,345,375,375,452,452,471,386,180,180,198,525,525,554,578,589,589,618,618,618,618,692,692,708,727,744,62,75,75,107,118,118,118,118,136,163,163,163,163],"floor_reached":51,"campfire_rested":6,"playtime":3514,"item_purchase_floors":[5,5,20,20,38,38,38,38,38,38,38,38],"current_hp_per_floor":[58,58,51,55,55,55,55,41,41,41,41,9,30,30,51,31,61,59,59,59,59,44,35,71,43,43,42,71,65,65,49,49,47,65,69,47,33,33,18,54,54,54,54,54,54,54,54,54,71,71],"items_purged":["Doubt","Strike_B"],"gold":163,"score":1979,"play_id":"c54efd08-85a4-4bf8-8f3f-6fcaf645d5b4","local_time":"20180619235129","is_prod":false,"is_daily":false,"chose_seed":false,"is_ascension_mode":true,"campfire_upgraded":3,"win_rate":0,"timestamp":1529445089,"campfire_choices":[{"data":"Zap","floor":6,"key":"SMITH"},{"floor":13,"key":"REST"},{"floor":15,"key":"REST"},{"floor":24,"key":"REST"},{"floor":28,"key":"REST"},{"data":"Buffer","floor":32,"key":"SMITH"},{"floor":40,"key":"REST"},{"data":"Capacitor","floor":44,"key":"SMITH"},{"floor":49,"key":"REST"}],"path_taken":["M","?","M","M","$","R","?","E","T","M","?","E","R","E","R","BOSS","M","?","$","?","?","E","R","E","T","M","R","E","?","?","R","BOSS","M","M","M","$","M","R","E","M","T","R","?","M","E","?","R","BOSS"],"build_version":"2018-06-14v2","seed_source_timestamp":178392137860401,"purchased_purges":2,"victory":true,"master_deck":["Strike_B","Strike_B","Defend_B","Defend_B","Defend_B","Defend_B","Zap+1","Dualcast","AscendersBane","Beam Cell","Genetic Algorithm","Coolheaded","All For One","Conserve Battery","Turbo","Gash","Stack","Cold Snap","Core Surge","White Noise","Hologram","Gash+1","Barrage","FTL+1","Doom and Gloom+1","Machine Learning","Necronomicurse","All For One","Leap+1","All For One","BootSequence","Redo","Defragment","Go for the Eyes","Flash of Steel","Stack+1","Leap+1","Hologram+1","Redo+1","Hologram+1","Hologram+1","Hologram+1","Capacitor+1","Gash+1","Barrage+1"],"max_hp_per_floor":[71,71,71,71,71,71,71,71,71,71,71,71,71,71,71,71,71,71,71,71,71,71,71,71,71,71,71,71,71,71,71,71,71,71,71,71,71,71,71,71,71,71,71,71,71,71,71,71,71,71],"relics":["Cracked Core","Toolbox","Shuriken","Spirit Poop","Bag of Marbles","The Courier","Calipers","Dream Catcher","Nuclear Battery","Smiling Mask","Regal Pillow","Old Coin","Blue Candle","Bag of Preparation","Boot","Necronomicon","Orrery","Anchor","Toxic Egg 2","Ancient Tea Set","Molten Egg 2","Gambling Chip","Darkstone Periapt"],"card_choices":[{"not_picked":["Steam","Stack"],"picked":"Beam Cell","floor":1},{"not_picked":["Rebound","Steam"],"picked":"Genetic Algorithm","floor":3},{"not_picked":["Force Field","Barrage"],"picked":"Coolheaded","floor":4},{"not_picked":["Static Discharge","Turbo"],"picked":"Conserve Battery","floor":8},{"not_picked":["Coolheaded","Scrape"],"picked":"Turbo","floor":10},{"not_picked":["Leap","Hyperbeam"],"picked":"Gash","floor":12},{"not_picked":["Lockon","Force Field"],"picked":"Stack","floor":14},{"not_picked":["Conserve Battery","Lockon"],"picked":"Cold Snap","floor":15},{"not_picked":["Multi-Cast","Seek"],"picked":"Core Surge","floor":16},{"not_picked":["Sweeping Beam","Steam"],"picked":"White Noise","floor":18},{"not_picked":["Ball Lightning","Leap"],"picked":"Gash+1","floor":22},{"not_picked":["Steam+1","Tempest"],"picked":"Buffer","floor":23},{"not_picked":["Chaos","Streamline"],"picked":"Barrage","floor":24},{"not_picked":["Beam Cell","Leap"],"picked":"FTL+1","floor":25},{"not_picked":["Barrage","Ball Lightning","Double Energy"],"picked":"SKIP","floor":27},{"not_picked":["Coolheaded","FTL+1"],"picked":"Doom and Gloom+1","floor":28},{"not_picked":["Melter","Stack","Streamline"],"picked":"SKIP","floor":29},{"not_picked":["Reboot","Echo Form"],"picked":"All For One","floor":33},{"not_picked":["Skim","Chaos"],"picked":"Leap+1","floor":34},{"not_picked":["Stack","Force Field+1"],"picked":"All For One","floor":34},{"not_picked":["Sweeping Beam","Ball Lightning"],"picked":"BootSequence","floor":34},{"not_picked":["Coolheaded","Consume"],"picked":"Redo","floor":34},{"not_picked":["Steam","Cold Snap"],"picked":"Defragment","floor":35},{"not_picked":["Tempest","Streamline+1","Beam Cell+1"],"picked":"SKIP","floor":36},{"not_picked":["Fusion","Cold Snap"],"picked":"Go for the Eyes","floor":37},{"not_picked":["Rebound","Streamline"],"picked":"Hologram+1","floor":39},{"not_picked":["Go for the Eyes","Rebound"],"picked":"Hologram+1","floor":40},{"not_picked":["Hello World","Go for the Eyes","Double Energy+1"],"picked":"SKIP","floor":41},{"not_picked":["Turbo+1","Static Discharge"],"picked":"Capacitor","floor":42},{"not_picked":["Doom and Gloom+1","Hello World"],"picked":"Gash+1","floor":45},{"not_picked":["Leap+1","Buffer","Hologram+1"],"picked":"SKIP","floor":46},{"not_picked":["Ball Lightning+1","Rebound+1"],"picked":"Barrage+1","floor":47}],"player_experience":634589,"potions_floor_usage":[8,14,16,23,25,33],"damage_taken":[{"damage":6,"enemies":"Cultist","floor":1,"turns":3},{"damage":7,"enemies":"Jaw Worm","floor":3,"turns":3},{"damage":0,"enemies":"Small Slimes","floor":4,"turns":3},{"damage":14,"enemies":"Lagavulin","floor":8,"turns":6},{"damage":0,"enemies":"2 Fungi Beasts","floor":10,"turns":2},{"damage":32,"enemies":"Gremlin Nob","floor":12,"turns":5},{"damage":4,"enemies":"3 Sentries","floor":14,"turns":6},{"damage":20,"enemies":"Slime Boss","floor":16,"turns":9},{"damage":2,"enemies":"3 Byrds","floor":18,"turns":5},{"damage":15,"enemies":"Shell Parasite","floor":22,"turns":7},{"damage":23,"enemies":"Gremlin Leader","floor":23,"turns":6},{"damage":28,"enemies":"Book of Stabbing","floor":25,"turns":5},{"damage":1,"enemies":"3 Cultists","floor":27,"turns":5},{"damage":6,"enemies":"Gremlin Leader","floor":29,"turns":5},{"damage":2,"enemies":"Automaton","floor":33,"turns":10},{"damage":0,"enemies":"3 Shapes","floor":35,"turns":1},{"damage":22,"enemies":"3 Darklings","floor":36,"turns":3},{"damage":14,"enemies":"4 Shapes","floor":37,"turns":1},{"damage":15,"enemies":"Sphere and 2 Shapes","floor":39,"turns":6},{"damage":0,"enemies":"Nemesis","floor":41,"turns":5},{"damage":0,"enemies":"Maw","floor":42,"turns":5},{"damage":0,"floor":45,"turns":5},{"damage":0,"enemies":"3 Darklings","floor":46,"turns":2},{"damage":0,"enemies":"Giant Head","floor":47,"turns":5},{"damage":0,"enemies":"Donu and Deca","floor":50,"turns":2}],"relics_obtained":[{"floor":2,"key":"Toolbox"},{"floor":8,"key":"Bag of Marbles"},{"floor":9,"key":"The Courier"},{"floor":12,"key":"Calipers"},{"floor":14,"key":"Dream Catcher"},{"floor":23,"key":"Old Coin"},{"floor":25,"key":"Blue Candle"},{"floor":26,"key":"Bag of Preparation"},{"floor":29,"key":"Boot"},{"floor":31,"key":"Necronomicon"},{"floor":41,"key":"Ancient Tea Set"},{"floor":43,"key":"Molten Egg 2"},{"floor":45,"key":"Gambling Chip"},{"floor":47,"key":"Darkstone Periapt"}],"event_choices":[{"event_name":"Bonfire Elementals","player_choice":"CURSE","floor":7,"damage_taken":0},{"event_name":"Liars Game","player_choice":"agreed","floor":11,"damage_taken":0},{"event_name":"Addict","player_choice":"Obtained Relic","floor":19,"damage_taken":0},{"event_name":"The Mausoleum","player_choice":"No","floor":21,"damage_taken":0},{"event_name":"Transmorgrifier","player_choice":"Transform","floor":30,"damage_taken":0},{"event_name":"Cursed Tome","player_choice":"Obtained Book","floor":31,"damage_taken":0},{"event_name":"MindBloom","player_choice":"Fight","floor":45,"damage_taken":0},{"event_name":"Falling","player_choice":"Removed Power","floor":48,"damage_taken":0}],"boss_relics":[{"not_picked":["Runic Pyramid","Runic Dome"],"picked":"Nuclear Battery"},{"not_picked":["White Beast Statue","Empty Cage"],"picked":"Orrery"}],"items_purged_floors":[20,38],"is_endless":false,"potions_floor_spawned":[3,8,12,14,23,29,33,36,37,45,46,47],"seed_played":"4689062801930202169","ascension_level":14,"potions_obtained":[{"floor":3,"key":"EssenceOfSteel"},{"floor":8,"key":"Explosive Potion"},{"floor":12,"key":"Block Potion"},{"floor":14,"key":"Regen Potion"},{"floor":23,"key":"Weak Potion"},{"floor":29,"key":"GamblersBrew"},{"floor":33,"key":"Dexterity Potion"},{"floor":36,"key":"EssenceOfSteel"}],"is_trial":false}