{"gold_per_floor":[110,33,33,44,44,74,74,3,3,35,51,51,51,72,72,145,145,162,174,174,33,48,48,74,74,74,37,51,51,51,64,64,143,143,153,173,173,173,173,173,173],"floor_reached":41,"playtime":5097,"items_purged":[],"score":726,"play_id":"55ced90d-cd03-494b-b2ce-6abf0f262202","local_time":"20180728190937","is_ascension_mode":true,"campfire_choices":[{"floor":7.0,"key":"REST"},{"data":"Capacitor","floor":12.0,"key":"SMITH"},{"data":"Steam","floor":15.0,"key":"SMITH"},{"floor":23.0,"key":"REST"},{"floor":29.0,"key":"REST"},{"data":"Blizzard","floor":32.0,"key":"SMITH"},{"data":"RitualDagger","floor":40.0,"key":"SMITH"}],"neow_cost":"NONE","seed_source_timestamp":363871415939753,"circlet_count":0,"master_deck":["Strike_B","Strike_B","Strike_B","Defend_B","Defend_B","Defend_B","Defend_B","Zap","Dualcast","AscendersBane","Glacier","Defragment+1","Steam+1","Capacitor+1","Self Repair","Redo+1","Redo+1","Echo Form","Go for the Eyes+1","RitualDagger+1","Capacitor","Blizzard+1","Madness","Madness"],"special_seed":0,"relics":["Cracked Core","Centennial Puzzle","Symbiotic Virus","Ice Cream","Odd Mushroom","Cursed Key","Pear","Sozu","Gremlin Horn"],"potions_floor_usage":[],"damage_taken":[{"damage":7.0,"enemies":"Jaw Worm","floor":1.0,"turns":3.0},{"damage":0.0,"enemies":"Small Slimes","floor":4.0,"turns":4.0},{"damage":45.0,"enemies":"Gremlin Nob","floor":6.0,"turns":7.0},{"damage":1.0,"enemies":"3 Sentries","floor":10.0,"turns":7.0},{"damage":0.0,"enemies":"Cultist","floor":11.0,"turns":4.0},{"damage":21.0,"floor":14.0,"turns":5.0},{"damage":30.0,"enemies":"Hexaghost","floor":16.0,"turns":17.0},{"damage":32.0,"enemies":"2 Thieves","floor":18.0,"turns":5.0},{"damage":9.0,"enemies":"Shell Parasite","floor":19.0,"turns":6.0},{"damage":36.0,"enemies":"3 Cultists","floor":22.0,"turns":6.0},{"damage":9.0,"enemies":"Book of Stabbing","floor":24.0,"turns":7.0},{"damage":23.0,"enemies":"Snake Plant","floor":28.0,"turns":5.0},{"damage":5.0,"enemies":"Snecko","floor":31.0,"turns":10.0},{"damage":35.0,"enemies":"Collector","floor":33.0,"turns":11.0},{"damage":3.0,"enemies":"3 Shapes","floor":35.0,"turns":4.0},{"damage":4.0,"enemies":"Flame Bruiser 1 Orb","floor":36.0,"turns":9.0},{"damage":66,"enemies":"2 Orb Walkers","floor":41,"turns":4}],"seed_played":"2027879726923011238","potions_obtained":[{"floor":1.0,"key":"FearPotion"},{"floor":6.0,"key":"Regen Potion"},{"floor":19.0,"key":"Energy Potion"},{"floor":28.0,"key":"Fire Potion"},{"floor":31.0,"key":"FearPotion"}],"is_trial":false,"path_per_floor":["M","$","?","M","?","E","R","$","T","E","M","R","$","?","R","B",null,"M","M","?","$","M","R","E","?","T","$","M","R","$","M","R","B",null,"M","M","?","?","?","R"],"character_chosen":"DEFECT","items_purchased":["Defragment","Capacitor","Echo Form","Capacitor"],"campfire_rested":3,"item_purchase_floors":[2,8,21,27],"current_hp_per_floor":[57,57,50,50,50,5,26,26,26,25,32,32,32,18,18,10,56,31,29,43,43,14,35,50,44,44,44,28,52,52,54,54,26,67,71,81,81,66,66,66,0],"gold":173,"neow_bonus":"RANDOM_COMMON_RELIC","is_prod":false,"is_daily":false,"chose_seed":false,"campfire_upgraded":4,"win_rate":0,"timestamp":1532772577,"path_taken":["M","$","?","M","?","E","R","$","T","E","M","R","$","?","R","BOSS","M","?","?","?","?","R","E","?","T","$","?","R","$","M","R","BOSS","M","M","?","?","?","R","E"],"build_version":"2018-07-26","purchased_purges":0,"victory":false,"max_hp_per_floor":[71,71,71,71,71,71,71,71,71,71,71,71,71,71,71,71,71,71,71,71,71,71,71,81,81,81,81,81,81,81,81,81,81,81,81,81,81,81,81,81,81],"card_choices":[{"not_picked":["Hologram","Cold Snap"],"picked":"Glacier","floor":1.0},{"not_picked":["White Noise","Melter"],"picked":"Steam","floor":4.0},{"not_picked":["Thunder Strike","Scrape","Leap"],"picked":"SKIP","floor":6.0},{"not_picked":["Compile Driver","Consume"],"picked":"Self Repair","floor":10.0},{"not_picked":["Steam Power","Heatsinks","Hologram"],"picked":"SKIP","floor":11.0},{"not_picked":["Turbo","Gash"],"picked":"Redo+1","floor":18.0},{"not_picked":["Self Repair+1","Sunder+1"],"picked":"Redo+1","floor":19.0},{"not_picked":["Turbo","Sweeping Beam"],"picked":"Go for the Eyes+1","floor":22.0},{"not_picked":["Genetic Algorithm","Double Energy","Steam"],"picked":"SKIP","floor":24.0},{"not_picked":["FTL","Doom and Gloom","Compile Driver"],"picked":"SKIP","floor":28.0},{"not_picked":["Sweeping Beam","Rip and Tear"],"picked":"Blizzard","floor":31.0},{"not_picked":["Static Discharge","Barrage","Cold Snap"],"picked":"SKIP","floor":35.0},{"not_picked":["Redo+1","Streamline+1","Barrage"],"picked":"SKIP","floor":36.0}],"player_experience":565814,"relics_obtained":[{"floor":9.0,"key":"Symbiotic Virus"},{"floor":10.0,"key":"Ice Cream"},{"floor":14.0,"key":"Odd Mushroom"},{"floor":24.0,"key":"Pear"}],"event_choices":[{"event_name":"Golden Wing","player_choice":"Card Removal","floor":3.0,"damage_taken":0.0},{"event_name":"Accursed Blacksmith","player_choice":"Forge","floor":5.0,"damage_taken":0.0},{"event_name":"Mushrooms","player_choice":"Fought Mushrooms","floor":14.0,"damage_taken":0.0},{"event_name":"The Library","player_choice":"Heal","floor":20.0,"damage_taken":0.0},{"event_name":"Nest","player_choice":"Joined the Cult","floor":25.0,"damage_taken":0.0},{"event_name":"Wheel of Change","player_choice":"Relic","floor":37.0,"damage_taken":0.0},{"event_name":"Winding Halls","player_choice":"Embrace Madness","floor":38.0,"damage_taken":0.0},{"event_name":"Mysterious Sphere","player_choice":"Ignore","floor":39.0,"damage_taken":0.0}],"is_beta":false,"boss_relics":[{"not_picked":["Snecko Eye","Philosopher\u0027s Stone"],"picked":"Cursed Key"},{"not_picked":["Lizard Tail","Fusion Hammer"],"picked":"Sozu"}],"items_purged_floors":[],"is_endless":false,"potions_floor_spawned":[1,6,14,19,28,31,33,35],"killed_by":"2 Orb Walkers","ascension_level":15}