{"gold_per_floor":[118,130,55,55,72,72,103,103,103,103,116,56],"floor_reached":12,"playtime":366,"items_purged":[],"score":144,"play_id":"82ff8a50-35d9-40bf-8a04-0c26a527c3fb","local_time":"20180927180832","is_ascension_mode":true,"campfire_choices":[{"data":"Bouncing Flask","floor":6.0,"key":"SMITH"},{"data":"Neutralize","floor":8,"key":"SMITH"},{"data":"Leg Sweep","floor":10,"key":"SMITH"}],"neow_cost":"PERCENT_DAMAGE","seed_source_timestamp":5911755039311,"circlet_count":0,"master_deck":["Defend_G","Defend_G","Defend_G","Defend_G","Strike_G","Strike_G","Strike_G","Survivor","Neutralize+1","AscendersBane","Burst","Slice","Bouncing Flask+1","Leg Sweep+1","Backflip"],"special_seed":0,"relics":["Ring of the Snake","Singing Bowl","Kunai"],"potions_floor_usage":[12],"damage_taken":[{"damage":0.0,"enemies":"Cultist","floor":1.0,"turns":4.0},{"damage":0.0,"enemies":"Small Slimes","floor":2.0,"turns":2.0},{"damage":0.0,"enemies":"Jaw Worm","floor":5.0,"turns":3.0},{"damage":7,"enemies":"Lagavulin","floor":7,"turns":7},{"damage":17,"enemies":"Large Slime","floor":11,"turns":7},{"damage":22,"enemies":"Exordium Thugs","floor":12,"turns":3}],"seed_played":"1003208179068731541","potions_obtained":[{"floor":1.0,"key":"SkillPotion"},{"floor":2.0,"key":"Weak Potion"}],"is_trial":false,"path_per_floor":["M","M","?","$","M","R","E","R","T","R","M"],"character_chosen":"THE_SILENT","items_purchased":[],"campfire_rested":0,"item_purchase_floors":[],"current_hp_per_floor":[44,44,44,44,44,44,39,39,39,39,22,0],"gold":56,"neow_bonus":"TRANSFORM_TWO_CARDS","is_prod":false,"is_daily":false,"chose_seed":false,"campfire_upgraded":3,"win_rate":0,"timestamp":1538039312,"path_taken":["M","?","?","?","M","R","E","R","T","R","?","M"],"build_version":"2018-09-20","purchased_purges":0,"victory":false,"max_hp_per_floor":[66,66,66,66,66,66,68,68,68,68,68,68],"card_choices":[{"not_picked":["Slice","Poisoned Stab"],"picked":"Bouncing Flask","floor":1.0},{"not_picked":["Slice","Underhanded Strike","Infinite Blades"],"picked":"SKIP","floor":2.0},{"not_picked":["Flying Knee","Caltrops"],"picked":"Leg Sweep","floor":5.0},{"not_picked":["Terror","Eviscerate","Distraction"],"picked":"Singing Bowl","floor":7},{"not_picked":["Reflex","Deflect"],"picked":"Backflip","floor":11}],"player_experience":669488,"relics_obtained":[{"floor":7,"key":"Singing Bowl"},{"floor":9,"key":"Kunai"}],"event_choices":[{"event_name":"The Cleric","player_choice":"Card Removal","floor":3.0,"damage_taken":0.0}],"is_beta":false,"boss_relics":[],"items_purged_floors":[],"is_endless":false,"potions_floor_spawned":[1,2],"killed_by":"Exordium Thugs","ascension_level":17}