{"gold_per_floor":[119,137,28,48,13,48,48,59,59,90,103,103,182,192,192,287,287,299,299,299,313,328,137,137,154,154,170,14,14,14,14,14,14],"floor_reached":33,"playtime":1244,"items_purged":["Defend_B"],"score":296,"play_id":"b7ab8bc1-0723-45c3-a76f-762b7df8cb62","local_time":"20190210140347","is_ascension_mode":true,"campfire_choices":[{"data":"Rip and Tear","floor":7,"key":"SMITH"},{"data":"1","floor":12,"key":"LIFT"},{"floor":15,"key":"REST"},{"data":"Hologram","floor":24,"key":"SMITH"},{"floor":29,"key":"REST"},{"floor":32,"key":"REST"}],"neow_cost":"NONE","seed_source_timestamp":317960721330567,"circlet_count":0,"master_deck":["Strike_B","Strike_B","Strike_B","Strike_B","Defend_B","Defend_B","Defend_B","Zap","Dualcast","Gash","Rip and Tear+1","Undo","Streamline","Self Repair","FTL","Gash","Sweeping Beam","Self Repair","Hologram+1","Hyperbeam+1","Rebound+1","Scrape+1","Necronomicurse","Beam Cell+1","Go for the Eyes+1","Regret","Go for the Eyes+1","Reboot"],"relics":["Cracked Core","NeowsBlessing","Meat on the Bone","Girya","Torii","Molten Egg 2","Cursed Key","Necronomicon","Frozen Eye","Kunai","The Courier"],"potions_floor_usage":[27,33],"damage_taken":[{"damage":0,"enemies":"Cultist","floor":1,"turns":1},{"damage":0,"enemies":"Jaw Worm","floor":2,"turns":1},{"damage":0,"enemies":"Small Slimes","floor":4,"turns":1},{"damage":21,"enemies":"Lagavulin","floor":6,"turns":7},{"damage":40,"enemies":"Exordium Wildlife","floor":8,"turns":4},{"damage":25,"enemies":"3 Sentries","floor":10,"turns":5},{"damage":0,"enemies":"3 Louse","floor":11,"turns":2},{"damage":7,"enemies":"Large Slime","floor":14,"turns":3},{"damage":23,"enemies":"The Guardian","floor":16,"turns":10},{"damage":12,"enemies":"3 Byrds","floor":18,"turns":3},{"damage":7,"enemies":"Chosen","floor":21,"turns":2},{"damage":0,"enemies":"3 Cultists","floor":22,"turns":1},{"damage":30,"enemies":"Sentry and Sphere","floor":25,"turns":4},{"damage":23,"enemies":"Shelled Parasite and Fungi","floor":27,"turns":4},{"damage":15,"enemies":"Colosseum Slavers","floor":30,"turns":2},{"damage":78,"enemies":"Automaton","floor":33,"turns":8}],"seed_played":"-929714214950345140","potions_obtained":[{"floor":1,"key":"EssenceOfSteel"},{"floor":2,"key":"GamblersBrew"},{"floor":4,"key":"Poison Potion"},{"floor":18,"key":"SkillPotion"},{"floor":21,"key":"Block Potion"}],"is_trial":false,"path_per_floor":["M","M","$","M","$","E","R","M","T","E","M","R","T","M","R","B",null,"M","?","?","M","M","$","R","M","T","M","$","R","?","?","R","B"],"character_chosen":"DEFECT","items_purchased":["Undo","Self Repair","Frozen Eye","Reboot"],"campfire_rested":3,"item_purchase_floors":[3,5,23,28],"current_hp_per_floor":[75,75,75,75,75,61,61,40,40,34,46,46,46,46,68,59,75,70,70,54,47,47,47,47,43,43,39,39,61,46,46,68,0],"gold":14,"neow_bonus":"THREE_ENEMY_KILL","is_prod":false,"is_daily":false,"chose_seed":false,"campfire_upgraded":2,"win_rate":0,"timestamp":1549825427,"path_taken":["M","M","$","?","$","E","R","M","T","E","M","R","?","?","R","BOSS","M","?","?","M","M","$","R","M","T","?","$","R","?","?","R","BOSS"],"build_version":"2019-01-23","purchased_purges":1,"victory":false,"max_hp_per_floor":[75,75,75,75,75,75,75,75,75,75,75,75,75,75,75,75,75,75,75,75,75,75,75,75,75,75,75,75,75,75,75,75,75],"card_choices":[{"not_picked":["Capacitor","Beam Cell"],"picked":"Gash","floor":1},{"not_picked":["Compile Driver","Barrage"],"picked":"Rip and Tear","floor":2},{"not_picked":["BootSequence","Stack"],"picked":"Streamline","floor":4},{"not_picked":["Coolheaded","Steam Power"],"picked":"FTL","floor":6},{"not_picked":["FTL","Lockon"],"picked":"Gash","floor":8},{"not_picked":["Skim","Rip and Tear"],"picked":"Sweeping Beam","floor":10},{"not_picked":["Darkness","Cold Snap"],"picked":"Self Repair","floor":11},{"not_picked":["Skim","Go for the Eyes+1"],"picked":"Hologram","floor":14},{"not_picked":["Electrodynamics","Machine Learning"],"picked":"Hyperbeam+1","floor":16},{"not_picked":["Reinforced Body","Steam Power+1"],"picked":"Rebound+1","floor":18},{"not_picked":["Barrage+1","Force Field","Reinforced Body"],"picked":"SKIP","floor":21},{"not_picked":["Stack","Lockon+1"],"picked":"Beam Cell+1","floor":22},{"not_picked":["Stack","Turbo"],"picked":"Go for the Eyes+1","floor":25},{"not_picked":["Lockon+1","Redo"],"picked":"Go for the Eyes+1","floor":27}],"player_experience":176661,"relics_obtained":[{"floor":6,"key":"Meat on the Bone"},{"floor":9,"key":"Girya"},{"floor":10,"key":"Torii"},{"floor":13,"key":"Molten Egg 2"},{"floor":20,"key":"Necronomicon"},{"floor":26,"key":"Kunai"}],"event_choices":[{"damage_healed":0,"gold_gain":0,"player_choice":"Read","damage_taken":0,"max_hp_gain":0,"max_hp_loss":0,"event_name":"The Library","floor":19,"gold_loss":0,"cards_obtained":["Scrape"]},{"damage_healed":0,"gold_gain":0,"player_choice":"Obtained Book","damage_taken":16,"max_hp_gain":0,"max_hp_loss":0,"event_name":"Cursed Tome","floor":20,"gold_loss":0},{"damage_healed":0,"gold_gain":0,"player_choice":"Fight","damage_taken":0,"max_hp_gain":0,"max_hp_loss":0,"event_name":"Colosseum","floor":30,"gold_loss":0},{"damage_healed":0,"gold_gain":0,"player_choice":"Fled From Nobs","damage_taken":0,"max_hp_gain":0,"max_hp_loss":0,"event_name":"Colosseum","floor":30,"gold_loss":0},{"damage_healed":0,"gold_gain":0,"player_choice":"Gave Potion","damage_taken":0,"relics_obtained":["The Courier"],"max_hp_gain":0,"max_hp_loss":0,"event_name":"WeMeetAgain","floor":31,"gold_loss":0}],"is_beta":false,"boss_relics":[{"not_picked":["Inserter","Pandora\u0027s Box"],"picked":"Cursed Key"}],"items_purged_floors":[3],"is_endless":false,"potions_floor_spawned":[1,2,4,10,18,21,30],"killed_by":"Automaton","ascension_level":3}