{"path_per_floor":["M","?","M","M","?","R","M","E","T","M","?","M","M","$","R","B",null,"M","?","?","M","?","R","M","M","T","$"],"character_chosen":"DEFECT","items_purchased":["Art of War"],"gold_per_floor":[112,112,126,144,144,144,158,192,264,277,277,290,303,71,71,197,197,216,216,216,229,229,229,248,272,272,172,172],"floor_reached":28,"campfire_rested":1,"playtime":1263,"item_purchase_floors":[14],"current_hp_per_floor":[75,68,67,64,46,46,39,20,20,16,16,10,10,10,32,8,75,64,64,64,59,59,59,30,9,9,9,0],"items_purged":["Strike_B","Strike_B"],"gold":172,"score":222,"play_id":"fe595604-eb94-48fa-b77d-71d598193348","local_time":"20180607215442","is_prod":false,"is_daily":false,"chose_seed":false,"is_ascension_mode":false,"campfire_upgraded":2,"win_rate":0,"timestamp":1528401282,"campfire_choices":[{"data":"Zap","floor":6,"key":"SMITH"},{"floor":15,"key":"REST"},{"data":"Creative AI","floor":23,"key":"SMITH"}],"path_taken":["M","?","M","M","?","R","M","E","T","?","?","M","M","$","R","BOSS","M","?","?","M","?","R","M","M","T","$","?"],"build_version":"2018-05-31","seed_source_timestamp":392684637091521,"purchased_purges":2,"victory":false,"master_deck":["Strike_B","Defend_B","Defend_B","Defend_B","Zap+1","Dualcast","Compile Driver","Coolheaded","Creative AI+1"],"max_hp_per_floor":[75,75,75,75,75,75,75,75,75,75,75,75,75,75,75,75,75,75,75,75,75,75,75,75,75,75,75,75],"relics":["Cracked Core","Golden Idol","Emotion Chip","Kunai","Art of War","Velvet Choker","Ginger"],"card_choices":[{"not_picked":["Turbo","Chaos","Cold Snap"],"picked":"SKIP","floor":1},{"not_picked":["Steam","Redo","Streamline"],"picked":"SKIP","floor":3},{"not_picked":["Redo","Hologram","Recycle"],"picked":"SKIP","floor":4},{"not_picked":["Ball Lightning","Redo","Hyperbeam"],"picked":"SKIP","floor":7},{"not_picked":["Barrage","Rebound","Biased Cognition"],"picked":"SKIP","floor":8},{"not_picked":["Compile Driver","Melter"],"picked":"Coolheaded","floor":10},{"not_picked":["Streamline","Sweeping Beam","Compile Driver"],"picked":"SKIP","floor":12},{"not_picked":["Storm","Hologram","Double Energy"],"picked":"SKIP","floor":13},{"not_picked":["Biased Cognition","Fission"],"picked":"Creative AI","floor":16},{"not_picked":["Coolheaded+1","BootSequence","Rebound+1"],"picked":"SKIP","floor":18},{"not_picked":["Coolheaded+1","BootSequence","Rebound+1"],"picked":"SKIP","floor":18},{"not_picked":["Hologram+1","Undo+1","Beam Cell"],"picked":"SKIP","floor":21},{"not_picked":["Turbo","Conserve Battery","Barrage"],"picked":"SKIP","floor":24},{"not_picked":["Go for the Eyes","Chill","Barrage+1"],"picked":"SKIP","floor":25}],"player_experience":612212,"potions_floor_usage":[8,16,16],"damage_taken":[{"damage":0,"enemies":"2 Louse","floor":1,"turns":2},{"damage":1,"enemies":"Cultist","floor":3,"turns":3},{"damage":3,"enemies":"Jaw Worm","floor":4,"turns":3},{"damage":7,"enemies":"2 Fungi Beasts","floor":7,"turns":2},{"damage":19,"enemies":"Gremlin Nob","floor":8,"turns":4},{"damage":4,"enemies":"Blue Slaver","floor":10,"turns":4},{"damage":6,"enemies":"Exordium Wildlife","floor":12,"turns":2},{"damage":0,"enemies":"Large Slime","floor":13,"turns":5},{"damage":24,"enemies":"Hexaghost","floor":16,"turns":10},{"damage":11,"enemies":"Chosen","floor":18,"turns":7},{"damage":5,"enemies":"Shell Parasite","floor":21,"turns":8},{"damage":29,"enemies":"3 Cultists","floor":24,"turns":6},{"damage":21,"enemies":"Centurion and Healer","floor":25,"turns":4},{"damage":9,"enemies":"Snake Plant","floor":28,"turns":1}],"relics_obtained":[{"floor":8,"key":"Emotion Chip"},{"floor":9,"key":"Kunai"},{"floor":26,"key":"Ginger"}],"event_choices":[{"event_name":"Golden Wing","player_choice":"Card Removal","floor":2,"damage_taken":0},{"event_name":"Golden Idol","player_choice":"Take Damage","floor":5,"damage_taken":0},{"event_name":"Shining Light","player_choice":"Ignored","floor":11,"damage_taken":0},{"event_name":"The Mausoleum","player_choice":"No","floor":19,"damage_taken":0},{"event_name":"Ghosts","player_choice":"Ignored","floor":20,"damage_taken":0},{"event_name":"Drug Dealer","player_choice":"Ignored","floor":22,"damage_taken":0}],"boss_relics":[{"not_picked":["Calling Bell","Runic Dome"],"picked":"Velvet Choker"}],"items_purged_floors":[14,27],"potions_floor_spawned":[4,8,12,16],"seed_played":"1093465778727141528","killed_by":"Snake Plant","ascension_level":0,"potions_obtained":[{"floor":4,"key":"EssenceOfSteel"},{"floor":8,"key":"SkillPotion"},{"floor":12,"key":"AttackPotion"},{"floor":16,"key":"FearPotion"}],"is_trial":false}