{"gold_per_floor":[114,126,146,161,1,1,30,50,50,0,0,11,30,42,42,42],"floor_reached":16,"playtime":726,"items_purged":["Strike_R"],"score":191,"play_id":"41302aaf-bd91-4de0-bc7e-7de9b6ccf285","local_time":"20180913141553","is_ascension_mode":true,"campfire_choices":[{"data":"Bludgeon","floor":6,"key":"SMITH"},{"data":"Flame Barrier","floor":11,"key":"SMITH"},{"data":"Clothesline","floor":15,"key":"SMITH"}],"neow_cost":"","seed_source_timestamp":604532076520157,"circlet_count":0,"master_deck":["Strike_R","Strike_R","Strike_R","Strike_R","Defend_R","Defend_R","Defend_R","Defend_R","Bash","AscendersBane","Iron Wave","Thunderclap","Shrug It Off","Bludgeon+1","Shrug It Off","Flame Barrier+1","Clothesline+1"],"relics":["Burning Blood","Shuriken","Smiling Mask"],"potions_floor_usage":[16,16],"damage_taken":[{"damage":15,"enemies":"Cultist","floor":1,"turns":5},{"damage":14,"enemies":"Small Slimes","floor":2,"turns":4},{"damage":3,"enemies":"2 Louse","floor":3,"turns":4},{"damage":28,"enemies":"Large Slime","floor":4,"turns":7},{"damage":17,"enemies":"Lagavulin","floor":7,"turns":5},{"damage":3,"enemies":"Blue Slaver","floor":8,"turns":6},{"damage":14,"enemies":"Exordium Thugs","floor":12,"turns":5},{"damage":1,"enemies":"Exordium Wildlife","floor":13,"turns":4},{"damage":0,"enemies":"Blue Slaver","floor":14,"turns":3},{"damage":32,"enemies":"The Guardian","floor":16,"turns":13}],"seed_played":"4324685191342859641","potions_obtained":[{"floor":3,"key":"Swift Potion"},{"floor":7,"key":"Block Potion"}],"is_trial":false,"path_per_floor":["M","M","M","M","$","R","E","M","T","$","R","M","M","M","R"],"character_chosen":"IRONCLAD","items_purchased":["Bludgeon"],"campfire_rested":0,"item_purchase_floors":[5],"current_hp_per_floor":[59,51,54,32,32,32,21,24,24,24,24,16,21,27,27,0],"gold":42,"neow_bonus":"","is_prod":false,"is_daily":false,"chose_seed":false,"campfire_upgraded":3,"win_rate":0,"timestamp":1536815753,"path_taken":["M","?","M","M","$","R","E","M","T","?","R","M","M","M","R","BOSS"],"build_version":"2018-09-06","purchased_purges":1,"victory":false,"max_hp_per_floor":[75,75,75,75,75,75,75,75,75,75,75,75,75,75,75,75],"card_choices":[{"not_picked":["Twin Strike","Carnage"],"picked":"Iron Wave","floor":1},{"not_picked":["Perfected Strike","Warcry"],"picked":"Thunderclap","floor":2},{"not_picked":["Berserk","Flex"],"picked":"Shrug It Off","floor":3},{"not_picked":["Warcry","Second Wind","Perfected Strike"],"picked":"SKIP","floor":4},{"not_picked":["Headbutt","Warcry"],"picked":"Shrug It Off","floor":7},{"not_picked":["Pommel Strike","Corruption"],"picked":"Flame Barrier","floor":8},{"not_picked":["Warcry","Heavy Blade","Sword Boomerang"],"picked":"SKIP","floor":12},{"not_picked":["Rupture","Pommel Strike"],"picked":"Clothesline","floor":13},{"not_picked":["Disarm","Pommel Strike","Thunderclap"],"picked":"SKIP","floor":14}],"player_experience":661111,"relics_obtained":[{"floor":7,"key":"Shuriken"},{"floor":9,"key":"Smiling Mask"}],"event_choices":[],"is_beta":false,"boss_relics":[],"items_purged_floors":[10],"is_endless":false,"potions_floor_spawned":[3,7,8,13,14],"killed_by":"The Guardian","ascension_level":16}