{"gold_per_floor":[19,36,211,222,234,234,234,35,35,53,53,66,76,110,110,110],"floor_reached":16,"playtime":2077,"items_purged":["Strike_G"],"score":104,"play_id":"2f94bac9-bdbe-4ced-b57c-86723e361cfd","local_time":"20190306133920","is_ascension_mode":false,"campfire_choices":[{"data":"Deadly Poison","floor":6,"key":"SMITH"},{"data":"Dagger Spray","floor":11,"key":"SMITH"},{"data":"Dagger Spray","floor":15,"key":"SMITH"}],"neow_cost":"NO_GOLD","seed_source_timestamp":7581318734239,"circlet_count":0,"master_deck":["Defend_G","Defend_G","Defend_G","Defend_G","Defend_G","Strike_G","Strike_G","Strike_G","Strike_G","Survivor","Neutralize","Deadly Poison+1","Backflip","Acrobatics","Well Laid Plans","Bouncing Flask","Dagger Spray+1","A Thousand Cuts+1","Cloak And Dagger","Leg Sweep","Dagger Spray+1"],"relics":["Ring of the Snake","StoneCalendar","Frozen Egg 2","Bottled Lightning"],"potions_floor_usage":[14],"damage_taken":[{"damage":2,"enemies":"Small Slimes","floor":1,"turns":6},{"damage":0,"enemies":"2 Louse","floor":2,"turns":3},{"damage":0,"enemies":"Cultist","floor":4,"turns":4},{"damage":4,"enemies":"Blue Slaver","floor":5,"turns":7},{"damage":16,"enemies":"Exordium Thugs","floor":10,"turns":4},{"damage":8,"enemies":"3 Louse","floor":12,"turns":3},{"damage":0,"enemies":"Red Slaver","floor":13,"turns":4},{"damage":16,"enemies":"Gremlin Nob","floor":14,"turns":4},{"damage":35,"enemies":"Slime Boss","floor":16,"turns":5}],"seed_played":"-3713376111149556200","potions_obtained":[{"floor":2,"key":"Ancient Potion"},{"floor":12,"key":"SpeedPotion"}],"is_trial":false,"path_per_floor":["M","M","?","M","M","R","?","$","T","M","R","M","M","E","R","B"],"character_chosen":"THE_SILENT","items_purchased":["Bouncing Flask","Dagger Spray"],"campfire_rested":0,"item_purchase_floors":[8,8],"current_hp_per_floor":[68,68,68,68,64,64,64,64,64,48,48,40,40,24,24,0],"gold":110,"neow_bonus":"ONE_RARE_RELIC","is_prod":false,"is_daily":false,"chose_seed":false,"campfire_upgraded":3,"win_rate":0,"timestamp":1551908360,"path_taken":["M","M","?","M","M","R","?","$","T","M","R","M","M","E","R","BOSS"],"build_version":"2019-01-23","purchased_purges":1,"victory":false,"max_hp_per_floor":[70,70,70,70,70,70,70,70,70,70,70,70,70,70,70,70],"card_choices":[{"not_picked":["Blade Dance","Poisoned Stab"],"picked":"Deadly Poison","floor":1},{"not_picked":["Poisoned Stab","Acrobatics"],"picked":"Backflip","floor":2},{"not_picked":["Outmaneuver","Deadly Poison"],"picked":"Acrobatics","floor":4},{"not_picked":["Backflip","Cloak And Dagger"],"picked":"Well Laid Plans","floor":5},{"not_picked":["Bouncing Flask","Backflip"],"picked":"A Thousand Cuts+1","floor":10},{"not_picked":["Quick Slash","Dodge and Roll"],"picked":"Cloak And Dagger","floor":12},{"not_picked":["Choke","Quick Slash"],"picked":"Leg Sweep","floor":13},{"not_picked":["Poisoned Stab","Quick Slash"],"picked":"Dagger Spray","floor":14}],"player_experience":305470,"relics_obtained":[{"floor":9,"key":"Frozen Egg 2"},{"floor":14,"key":"Bottled Lightning"}],"event_choices":[{"damage_healed":0,"gold_gain":175,"player_choice":"AGREE","damage_taken":0,"max_hp_gain":0,"max_hp_loss":0,"event_name":"Liars Game","floor":3,"gold_loss":0,"cards_obtained":["Doubt"]},{"cards_removed":["Doubt"],"damage_healed":0,"gold_gain":0,"player_choice":"Purged","damage_taken":0,"max_hp_gain":0,"max_hp_loss":0,"event_name":"Purifier","floor":7,"gold_loss":0}],"is_beta":false,"boss_relics":[],"items_purged_floors":[8],"is_endless":false,"potions_floor_spawned":[2,12],"killed_by":"Slime Boss","ascension_level":0}