{"gold_per_floor":[110,110,121,121,121,151,151,151,233,233,248,264,275,303,303,407,407,421,421,436,454,32,32,51,51,51,51,51,81,81,93,93,192,242,252,252,297,3,3,3,22,22,46,57,57,57,7,39,39,39],"floor_reached":51,"playtime":1542,"items_purged":["Strike_B","Strike_B+1"],"score":751,"play_id":"a1a7b7d9-e5ca-4348-ae17-14c2b34404ad","local_time":"20180906133404","is_ascension_mode":false,"campfire_choices":[{"data":"Beam Cell","floor":7.0,"key":"SMITH"},{"floor":10.0,"key":"REST"},{"data":"Conserve Battery","floor":15.0,"key":"SMITH"},{"data":"Steam","floor":23.0,"key":"SMITH"},{"data":"Zap","floor":25.0,"key":"SMITH"},{"data":"Dualcast","floor":27.0,"key":"SMITH"},{"data":"Compile Driver","floor":30.0,"key":"SMITH"},{"floor":32.0,"key":"REST"},{"data":"Defend_B","floor":40.0,"key":"SMITH"},{"data":"Steam","floor":42.0,"key":"SMITH"},{"data":"Defend_B","floor":46.0,"key":"SMITH"},{"floor":49.0,"key":"REST"}],"neow_cost":"","seed_source_timestamp":292647973781630,"circlet_count":0,"master_deck":["Defend_B+1","Defend_B+1","Defend_B+1","Defend_B+1","Zap+1","Dualcast+1","Beam Cell+1","Compile Driver+1","Streamline+1","Conserve Battery+1","Steam+1","Ball Lightning+1","Ball Lightning+1","Go for the Eyes+1","Coolheaded+1","RitualDagger+1","Cold Snap+1","Gash+1","Gash+1","Steam+1"],"special_seed":0,"relics":["Cracked Core","Emotion Chip","Gremlin Horn","Molten Egg 2","Art of War","Orrery","ClockworkSouvenir","Oddly Smooth Stone","Shuriken","Letter Opener","Tiny House","Turnip","Pen Nib","War Paint","Juzu Bracelet"],"potions_floor_usage":[50,50,50],"damage_taken":[{"damage":0.0,"enemies":"2 Louse","floor":1.0,"turns":1.0},{"damage":5.0,"enemies":"Small Slimes","floor":3.0,"turns":2.0},{"damage":24.0,"enemies":"Gremlin Nob","floor":6.0,"turns":4.0},{"damage":6.0,"enemies":"Jaw Worm","floor":11.0,"turns":3.0},{"damage":0.0,"enemies":"2 Fungi Beasts","floor":12.0,"turns":2.0},{"damage":1.0,"enemies":"3 Louse","floor":13.0,"turns":2.0},{"damage":19.0,"enemies":"Lagavulin","floor":14.0,"turns":4.0},{"damage":18.0,"enemies":"Hexaghost","floor":16.0,"turns":7.0},{"damage":5.0,"enemies":"Spheric Guardian","floor":18.0,"turns":3.0},{"damage":0.0,"enemies":"Chosen","floor":20.0,"turns":3.0},{"damage":25.0,"enemies":"Snecko","floor":21.0,"turns":4.0},{"damage":2.0,"enemies":"Sentry and Sphere","floor":24.0,"turns":4.0},{"damage":1.0,"enemies":"Gremlin Leader","floor":29.0,"turns":6.0},{"damage":10.0,"enemies":"Chosen and Byrds","floor":31.0,"turns":5.0},{"damage":27.0,"enemies":"Automaton","floor":33.0,"turns":8.0},{"damage":13.0,"enemies":"3 Darklings","floor":35.0,"turns":4.0},{"damage":8.0,"enemies":"Mysterious Sphere","floor":37.0,"turns":4.0},{"damage":0.0,"enemies":"Orb Walker","floor":41.0,"turns":3.0},{"damage":10.0,"enemies":"3 Darklings","floor":44.0,"turns":5.0},{"damage":24.0,"enemies":"2 Orb Walkers","floor":48.0,"turns":4.0},{"damage":34,"enemies":"Donu and Deca","floor":50,"turns":8}],"seed_played":"5978154416010643013","potions_obtained":[{"floor":1.0,"key":"SneckoOil"},{"floor":3.0,"key":"Block Potion"},{"floor":11.0,"key":"Fruit Juice"},{"floor":12.0,"key":"EntropicBrew"},{"floor":16.0,"key":"EssenceOfSteel"},{"floor":20.0,"key":"FearPotion"},{"floor":31.0,"key":"SteroidPotion"},{"floor":33.0,"key":"AttackPotion"},{"floor":34.0,"key":"Fire Potion"},{"floor":44.0,"key":"SpeedPotion"},{"floor":48.0,"key":"FearPotion"}],"is_trial":false,"path_per_floor":["M","?","M","?","?","E","R","T","T","R","M","M","M","E","R","B",null,"M","?","M","M","$","R","M","R","T","R","?","E","R","M","R","B",null,"M","?","?","$","?","R","M","R","T","M","?","R","$","E","R","B"],"character_chosen":"DEFECT","items_purchased":["ClockworkSouvenir","Oddly Smooth Stone","Gash+1","Pen Nib","PowerPotion"],"campfire_rested":3,"item_purchase_floors":[22,22,38,38,47],"current_hp_per_floor":[75,68,63,63,63,39,39,39,39,61,55,55,54,40,40,22,80,75,60,60,35,35,35,33,33,33,33,27,26,26,16,41,14,90,77,77,69,69,69,69,69,69,69,59,49,49,49,25,50,16],"gold":39,"neow_bonus":"","is_prod":false,"is_daily":false,"chose_seed":false,"campfire_upgraded":9,"win_rate":0,"timestamp":1536208444,"path_taken":["M","?","M","?","?","E","R","?","T","R","M","M","M","E","R","BOSS","M","?","?","M","$","R","M","R","T","R","?","E","R","M","R","BOSS","M","?","?","$","?","R","M","R","T","M","?","R","$","E","R","BOSS"],"build_version":"2018-08-30","purchased_purges":2,"victory":true,"max_hp_per_floor":[75,75,75,75,75,75,75,75,75,75,75,75,75,80,80,80,80,80,85,85,85,85,85,85,85,85,85,85,85,85,85,85,85,90,90,90,90,90,85,85,85,85,85,85,85,85,85,85,85,85],"card_choices":[{"not_picked":["BootSequence","Skim"],"picked":"Beam Cell","floor":1.0},{"not_picked":["Barrage","BootSequence"],"picked":"Compile Driver","floor":3.0},{"not_picked":["Seek","Consume","Doom and Gloom"],"picked":"SKIP","floor":6.0},{"not_picked":["Hologram","Rip and Tear+1"],"picked":"Streamline+1","floor":11.0},{"not_picked":["White Noise","Beam Cell+1"],"picked":"Conserve Battery","floor":12.0},{"not_picked":["Barrage+1","FTL+1","Conserve Battery"],"picked":"SKIP","floor":13.0},{"not_picked":["Fission","Double Energy"],"picked":"Steam","floor":14.0},{"not_picked":["Reinforced Body","Doom and Gloom+1"],"picked":"Ball Lightning+1","floor":17.0},{"not_picked":["Redo","Meteor Strike+1"],"picked":"Ball Lightning+1","floor":17.0},{"not_picked":["Ball Lightning+1","Steam Power"],"picked":"Go for the Eyes+1","floor":17.0},{"not_picked":["Creative AI","Barrage+1","Defragment"],"picked":"SKIP","floor":18.0},{"not_picked":["Rip and Tear+1","Conserve Battery+1","Melter+1"],"picked":"SKIP","floor":20.0},{"not_picked":["Storm","Streamline+1"],"picked":"Coolheaded+1","floor":21.0},{"not_picked":["Streamline+1","Reprogram","Go for the Eyes+1"],"picked":"SKIP","floor":24.0},{"not_picked":["Compile Driver+1","Lockon+1","Amplify"],"picked":"SKIP","floor":29.0},{"not_picked":["Leap","Hologram"],"picked":"Cold Snap+1","floor":31.0},{"not_picked":["Go for the Eyes+1","Reinforced Body+1","Sweeping Beam+1"],"picked":"SKIP","floor":35.0},{"not_picked":["Force Field","Sunder+1"],"picked":"Gash+1","floor":37.0},{"not_picked":["Conserve Battery","Lockon+1"],"picked":"Steam","floor":41.0},{"not_picked":["Recycle+1","Leap","Streamline+1"],"picked":"SKIP","floor":44.0},{"not_picked":["Ball Lightning+1","Chill","Reprogram+1"],"picked":"SKIP","floor":48.0}],"player_experience":633144,"relics_obtained":[{"floor":6.0,"key":"Emotion Chip"},{"floor":8.0,"key":"Gremlin Horn"},{"floor":9.0,"key":"Molten Egg 2"},{"floor":14.0,"key":"Art of War"},{"floor":26.0,"key":"Shuriken"},{"floor":29.0,"key":"Letter Opener"},{"floor":37.0,"key":"Turnip"},{"floor":43.0,"key":"War Paint"},{"floor":48.0,"key":"Juzu Bracelet"}],"event_choices":[{"event_name":"Golden Wing","player_choice":"Card Removal","floor":2.0,"damage_taken":0.0},{"event_name":"Liars Game","player_choice":"disagreed","floor":4.0,"damage_taken":0.0},{"event_name":"Living Wall","player_choice":"Forget","floor":5.0,"damage_taken":0.0},{"event_name":"Forgotten Altar","player_choice":"Shed Blood","floor":19.0,"damage_taken":0.0},{"event_name":"Nest","player_choice":"Joined the Cult","floor":28.0,"damage_taken":0.0},{"event_name":"Tomb of Lord Red Mask","player_choice":"Ignored","floor":36.0,"damage_taken":0.0},{"event_name":"Mysterious Sphere","player_choice":"Fight","floor":37.0,"damage_taken":0.0},{"event_name":"Winding Halls","player_choice":"Max HP","floor":39.0,"damage_taken":0.0},{"event_name":"SensoryStone","player_choice":"Memory 3","floor":45.0,"damage_taken":0.0}],"is_beta":false,"boss_relics":[{"not_picked":["White Beast Statue","Nuclear Battery"],"picked":"Orrery"},{"not_picked":["Black Star","Coffee Dripper"],"picked":"Tiny House"}],"items_purged_floors":[22,38],"is_endless":false,"potions_floor_spawned":[1,3,11,12,16,18,20,31,33,44,48],"ascension_level":0}