{"gold_per_floor":[118,118,132,149,162,162,192,192,215,215,234,234,234,268,268,368,368,385,385,395,408,383,413,413,424,424,442,474,474,474,474,474,577,577,590,590,605,261,261,261,90,101,180,180,199,218,218,218,218,218],"floor_reached":50,"playtime":1867,"items_purged":[],"score":565,"play_id":"1d5e2ad9-f071-4862-aa4c-aa75415c4098","local_time":"20181023170803","daily_mods":["SealedDeck"],"is_ascension_mode":false,"campfire_choices":[{"data":"Perfected Strike","floor":6,"key":"SMITH"},{"data":"Perfected Strike","floor":8,"key":"SMITH"},{"data":"Seeing Red","floor":12,"key":"SMITH"},{"data":"Pommel Strike","floor":15,"key":"SMITH"},{"floor":24,"key":"REST"},{"data":"Perfected Strike","floor":30,"key":"SMITH"},{"floor":32,"key":"REST"},{"data":"Pommel Strike","floor":40,"key":"SMITH"},{"data":"Apotheosis","floor":44,"key":"SMITH"},{"floor":49,"key":"REST"}],"neow_cost":"","seed_source_timestamp":0,"circlet_count":0,"master_deck":["Seeing Red+1","Anger+1","Seeing Red+1","Pommel Strike+1","Perfected Strike+1","Perfected Strike+1","Pommel Strike+1","Pommel Strike+1","Twin Strike","Perfected Strike+1","Perfected Strike+1","Wild Strike","Perfected Strike+1","Wild Strike","Perfected Strike+1","Pommel Strike+1","Clash+1","Apotheosis+1","Twin Strike+1","Twin Strike+1"],"relics":["Burning Blood","Art of War","Lantern","Regal Pillow","Potion Belt","Bottled Flame","Pocketwatch","White Beast Statue","Membership Card","Molten Egg 2","Whetstone","Pear","Calipers"],"potions_floor_usage":[5,14,14,14,16,25,28,28,42,47,47,47,50,50],"damage_taken":[{"damage":0,"enemies":"2 Louse","floor":1,"turns":1},{"damage":0,"enemies":"Jaw Worm","floor":3,"turns":1},{"damage":0,"enemies":"Cultist","floor":4,"turns":2},{"damage":0,"enemies":"Large Slime","floor":5,"turns":2},{"damage":18,"enemies":"Lagavulin","floor":7,"turns":3},{"damage":0,"enemies":"Blue Slaver","floor":11,"turns":1},{"damage":5,"enemies":"3 Sentries","floor":14,"turns":3},{"damage":61,"enemies":"The Guardian","floor":16,"turns":5},{"damage":0,"enemies":"3 Byrds","floor":18,"turns":3},{"damage":10,"enemies":"Chosen","floor":20,"turns":2},{"damage":21,"enemies":"Snake Plant","floor":21,"turns":2},{"damage":45,"enemies":"Slavers","floor":23,"turns":4},{"damage":10,"enemies":"Sentry and Sphere","floor":25,"turns":3},{"damage":0,"enemies":"Snecko","floor":27,"turns":2},{"damage":22,"enemies":"Gremlin Leader","floor":28,"turns":2},{"damage":66,"enemies":"Automaton","floor":33,"turns":5},{"damage":0,"enemies":"Orb Walker","floor":35,"turns":1},{"damage":0,"enemies":"3 Darklings","floor":37,"turns":2},{"damage":28,"enemies":"Maw","floor":42,"turns":5},{"damage":0,"enemies":"Transient","floor":45,"turns":5},{"damage":0,"enemies":"Jaw Worm Horde","floor":46,"turns":2},{"damage":19,"enemies":"Mind Bloom Boss Battle","floor":47,"turns":4},{"damage":116,"enemies":"Donu and Deca","floor":50,"turns":6}],"seed_played":"-6588761178848859738","potions_obtained":[{"floor":1,"key":"Explosive Potion"},{"floor":11,"key":"EntropicBrew"},{"floor":14,"key":"Regen Potion"},{"floor":18,"key":"FearPotion"},{"floor":20,"key":"Regen Potion"},{"floor":28,"key":"Ancient Potion"},{"floor":35,"key":"FairyPotion"},{"floor":37,"key":"EssenceOfSteel"},{"floor":42,"key":"Fire Potion"},{"floor":45,"key":"Block Potion"},{"floor":46,"key":"Block Potion"},{"floor":47,"key":"Ancient Potion"}],"is_trial":true,"path_per_floor":["M","$","M","M","M","R","E","R","T","$","M","R","?","E","R","B",null,"M","?","M","M","$","E","R","M","T","M","E","?","R","?","R","B",null,"M","?","M","$","?","R","$","M","T","R","M","M","?","?","R"],"character_chosen":"IRONCLAD","items_purchased":["Wild Strike","Membership Card","Molten Egg 2","Clash+1","Apotheosis","Whetstone"],"campfire_rested":3,"item_purchase_floors":[22,38,38,38,41,41],"current_hp_per_floor":[80,80,80,80,80,80,68,68,68,68,74,74,74,75,75,28,80,80,80,76,61,61,22,61,62,62,68,57,62,62,47,85,25,85,85,85,85,85,85,85,85,63,73,73,79,85,72,72,95,0],"gold":218,"neow_bonus":"","is_prod":false,"is_daily":false,"chose_seed":false,"campfire_upgraded":7,"win_rate":0,"timestamp":1540328883,"path_taken":["M","$","M","M","M","R","E","R","T","$","M","R","?","E","R","BOSS","M","?","M","M","$","E","R","M","T","M","E","?","R","?","R","BOSS","M","?","M","$","?","R","$","M","T","R","M","?","?","?","R","BOSS"],"build_version":"2018-10-18","purchased_purges":0,"victory":false,"max_hp_per_floor":[80,80,80,80,80,80,80,80,80,80,80,80,80,80,80,80,80,80,80,80,80,80,80,80,80,80,80,80,80,80,85,85,85,85,85,85,85,85,85,85,85,85,95,95,95,95,95,95,95,95],"card_choices":[{"not_picked":["Anger","Sword Boomerang","Dropkick"],"picked":"SKIP","floor":1},{"not_picked":["Thunderclap","Anger"],"picked":"Twin Strike","floor":3},{"not_picked":["Pummel","Havoc","Thunderclap"],"picked":"SKIP","floor":4},{"not_picked":["Body Slam","Sentinel","Seeing Red"],"picked":"SKIP","floor":5},{"not_picked":["Spot Weakness","Reckless Charge","Iron Wave"],"picked":"SKIP","floor":7},{"not_picked":["True Grit","Sword Boomerang","Body Slam"],"picked":"SKIP","floor":11},{"not_picked":["Whirlwind","Armaments","Headbutt"],"picked":"SKIP","floor":14},{"not_picked":["Fire Breathing","Warcry","Pummel+1"],"picked":"SKIP","floor":18},{"not_picked":["Clothesline","Heavy Blade"],"picked":"Perfected Strike","floor":20},{"not_picked":["Hemokinesis+1","Intimidate"],"picked":"Perfected Strike+1","floor":21},{"not_picked":["Evolve","Whirlwind","Flame Barrier"],"picked":"SKIP","floor":23},{"not_picked":["Combust","Armaments"],"picked":"Perfected Strike+1","floor":25},{"not_picked":["Armaments","Feel No Pain+1"],"picked":"Wild Strike","floor":27},{"not_picked":["Limit Break","Second Wind","Bloodletting"],"picked":"SKIP","floor":28},{"not_picked":["Thunderclap","Havoc+1"],"picked":"Perfected Strike+1","floor":35},{"not_picked":["Armaments","Iron Wave"],"picked":"Pommel Strike","floor":37},{"not_picked":["Clothesline+1","Anger+1","Iron Wave+1"],"picked":"SKIP","floor":42},{"not_picked":["Spot Weakness","Havoc+1","Inflame"],"picked":"SKIP","floor":45},{"not_picked":["Blood for Blood+1","Brutality"],"picked":"Twin Strike+1","floor":46},{"not_picked":["Second Wind","Clash+1"],"picked":"Twin Strike+1","floor":47}],"player_experience":168143,"relics_obtained":[{"floor":7,"key":"Art of War"},{"floor":9,"key":"Lantern"},{"floor":14,"key":"Regal Pillow"},{"floor":23,"key":"Potion Belt"},{"floor":26,"key":"Bottled Flame"},{"floor":28,"key":"Pocketwatch"},{"floor":43,"key":"Pear"},{"floor":47,"key":"Calipers"}],"event_choices":[{"damage_healed":0,"gold_gain":0,"player_choice":"Grow","damage_taken":0,"max_hp_gain":0,"max_hp_loss":0,"event_name":"Living Wall","floor":13,"gold_loss":0,"cards_upgraded":["Seeing Red"]},{"damage_healed":0,"gold_gain":0,"player_choice":"Ignored","damage_taken":0,"max_hp_gain":0,"max_hp_loss":0,"event_name":"The Mausoleum","floor":19,"gold_loss":0},{"cards_removed":["Anger"],"damage_healed":5,"gold_gain":0,"player_choice":"Offered Common","damage_taken":0,"max_hp_gain":0,"max_hp_loss":0,"event_name":"Bonfire Elementals","floor":29,"gold_loss":0},{"cards_removed":["Anger"],"damage_healed":5,"gold_gain":0,"player_choice":"Offered Special","damage_taken":0,"max_hp_gain":0,"max_hp_loss":0,"event_name":"Bonfire Elementals","floor":29,"gold_loss":0},{"damage_healed":0,"gold_gain":0,"player_choice":"Shed Blood","damage_taken":20,"max_hp_gain":5,"max_hp_loss":0,"event_name":"Forgotten Altar","floor":31,"gold_loss":0},{"damage_healed":0,"gold_gain":0,"player_choice":"Memory 1","damage_taken":0,"max_hp_gain":0,"max_hp_loss":0,"event_name":"SensoryStone","floor":36,"gold_loss":0},{"cards_removed":["Wild Strike"],"damage_healed":0,"gold_gain":0,"player_choice":"Removed Attack","damage_taken":0,"max_hp_gain":0,"max_hp_loss":0,"event_name":"Falling","floor":39,"gold_loss":0},{"damage_healed":0,"gold_gain":0,"player_choice":"Fight","damage_taken":0,"max_hp_gain":0,"max_hp_loss":0,"event_name":"MindBloom","floor":47,"gold_loss":0},{"damage_healed":0,"gold_gain":0,"player_choice":"Forge","damage_taken":0,"max_hp_gain":0,"max_hp_loss":0,"event_name":"Accursed Blacksmith","floor":48,"gold_loss":0,"cards_upgraded":["Pommel Strike"]}],"is_beta":false,"boss_relics":[{"not_picked":["Velvet Choker","Tiny House","Runic Pyramid"]},{"not_picked":["Philosopher\u0027s Stone","Mark of Pain"],"picked":"White Beast Statue"}],"items_purged_floors":[],"is_endless":false,"potions_floor_spawned":[1,11,14,18,20,28,35,37,42,45,46,47],"killed_by":"Donu and Deca","ascension_level":0}