{"gold_per_floor":[113,131,147,147,163,163,191,191,191,222,238,252,252],"floor_reached":13,"playtime":739,"items_purged":[],"score":97,"play_id":"05d217a8-f0c5-4ad2-a2c0-1c5aa4921dd6","local_time":"20190129095323","is_ascension_mode":false,"campfire_choices":[{"data":"Creative AI","floor":6,"key":"SMITH"},{"data":"Sweeping Beam","floor":8,"key":"SMITH"}],"neow_cost":"NONE","seed_source_timestamp":381546652004878,"circlet_count":0,"master_deck":["Strike_B","Strike_B","Strike_B","Strike_B","Defend_B","Defend_B","Defend_B","Defend_B","Zap","Dualcast","Sweeping Beam+1","Leap","Cold Snap","Creative AI+1","Capacitor+1","Storm+1","Streamline"],"relics":["Cracked Core","Gremlin Horn","Frozen Egg 2","Mummified Hand","Anchor"],"potions_floor_usage":[11],"damage_taken":[{"damage":3,"enemies":"2 Louse","floor":1,"turns":2},{"damage":1,"enemies":"Cultist","floor":2,"turns":3},{"damage":0,"enemies":"Small Slimes","floor":3,"turns":3},{"damage":0,"enemies":"2 Fungi Beasts","floor":5,"turns":3},{"damage":41,"enemies":"Gremlin Nob","floor":7,"turns":6},{"damage":35,"enemies":"3 Sentries","floor":10,"turns":6},{"damage":0,"enemies":"Looter","floor":11,"turns":4},{"damage":0,"enemies":"Exordium Thugs","floor":12,"turns":3},{"damage":2,"enemies":"Gremlin Gang","floor":13,"turns":2}],"seed_played":"-5416027018210750664","potions_obtained":[{"floor":3,"key":"PowerPotion"},{"floor":10,"key":"SkillPotion"},{"floor":12,"key":"FearPotion"}],"is_trial":false,"path_per_floor":["M","M","M","?","M","R","E","R","T","E","M","M","M"],"character_chosen":"DEFECT","items_purchased":[],"campfire_rested":0,"item_purchase_floors":[],"current_hp_per_floor":[79,78,78,78,78,78,37,37,37,2,2,2,0],"gold":252,"neow_bonus":"TEN_PERCENT_HP_BONUS","is_prod":false,"is_daily":false,"chose_seed":false,"campfire_upgraded":2,"win_rate":0.0,"timestamp":1548744803,"path_taken":["M","M","M","?","M","R","E","R","T","E","M","M","?"],"build_version":"2019-01-23","purchased_purges":0,"victory":false,"max_hp_per_floor":[82,82,82,82,82,82,82,82,82,82,82,82,82],"card_choices":[{"not_picked":["Steam","Fusion"],"picked":"Sweeping Beam","floor":1},{"not_picked":["Hologram","Beam Cell"],"picked":"Leap","floor":2},{"not_picked":["Go for the Eyes","Compile Driver"],"picked":"Cold Snap","floor":3},{"not_picked":["Compile Driver","Skim"],"picked":"Creative AI","floor":5},{"not_picked":["Skim","Cold Snap","Compile Driver"],"picked":"SKIP","floor":7},{"not_picked":["Lockon","Barrage"],"picked":"Capacitor+1","floor":10},{"not_picked":["Steam","Conserve Battery"],"picked":"Storm+1","floor":11},{"not_picked":["Steam","Hologram"],"picked":"Streamline","floor":12}],"player_experience":215206,"relics_obtained":[{"floor":7,"key":"Frozen Egg 2"},{"floor":9,"key":"Mummified Hand"},{"floor":10,"key":"Anchor"}],"event_choices":[{"damage_healed":0,"gold_gain":0,"player_choice":"Gave Potion","damage_taken":0,"relics_obtained":["Gremlin Horn"],"max_hp_gain":0,"max_hp_loss":0,"event_name":"WeMeetAgain","floor":4,"gold_loss":0}],"is_beta":false,"boss_relics":[],"items_purged_floors":[],"is_endless":false,"potions_floor_spawned":[3,10,12],"killed_by":"Gremlin Gang","ascension_level":0}