{"gold_per_floor":[114,12,32,48,65,65,93,112,137,170,170,199,199,210,210,282,282,301,216,216,226,246,246,272,272,341,400,400,4,22,54,54,129,129,147,147,164,164,174,200,200,231,231,11,11,26,42,56,56,56],"floor_reached":51,"playtime":4253,"items_purged":["Writhe","Normality"],"score":1340,"play_id":"e70b9064-054e-4b3d-8ffa-497bcc3c1e65","local_time":"20180707120347","is_ascension_mode":true,"campfire_choices":[{"data":"Neutralize","floor":6,"key":"SMITH"},{"floor":13,"key":"REST"},{"data":"Storm of Steel","floor":15,"key":"SMITH"},{"floor":23,"key":"REST"},{"floor":25,"key":"REST"},{"floor":28,"key":"REST"},{"floor":32,"key":"REST"},{"floor":41,"key":"REST"},{"floor":49,"key":"REST"}],"neow_cost":"NONE","seed_source_timestamp":231591157303047,"circlet_count":0,"master_deck":["Defend_G","Defend_G","Defend_G","Defend_G","Defend_G","Strike_G","Strike_G","Survivor","Neutralize+1","AscendersBane","Storm of Steel+1","Quick Slash","Blur","Dodge and Roll","Cloak And Dagger","Dash","Dagger Spray","Deflect","Noxious Fumes+1","Acrobatics","Riddle With Holes","Tools of the Trade","Dash","Finisher+1","Underhanded Strike","Backflip+1","After Image","Dodge and Roll+1","Blade Dance+1","Acrobatics+1","After Image+1","Calculated Gamble+1","Doppelganger+1","Malaise+1","Madness+1","Madness+1","Predator+1","PiercingWail+1","Dodge and Roll+1","After Image+1","Footwork+1","Deflect+1","Outmaneuver+1","Sucker Punch+1","Blade Dance+1"],"relics":["Ring of the Snake","Bag of Marbles","Regal Pillow","Strawberry","Blood Vial","Cursed Key","Vajra","Toxic Egg 2","Letter Opener","Tiny Chest","Pen Nib","Frozen Egg 2","Astrolabe","Gambling Chip","Lantern","Bottled Tornado"],"potions_floor_usage":[5,7,8,10,22,24,30,31,33,50,50],"damage_taken":[{"damage":0,"enemies":"Cultist","floor":1,"turns":3},{"damage":1,"enemies":"Jaw Worm","floor":3,"turns":6},{"damage":0,"enemies":"2 Louse","floor":4,"turns":4},{"damage":5,"enemies":"Gremlin Gang","floor":5,"turns":5},{"damage":17,"enemies":"Gremlin Nob","floor":7,"turns":5},{"damage":2,"enemies":"Exordium Thugs","floor":8,"turns":6},{"damage":40,"enemies":"Lagavulin","floor":10,"turns":11},{"damage":4,"enemies":"3 Sentries","floor":12,"turns":6},{"damage":0,"enemies":"3 Louse","floor":14,"turns":2},{"damage":30,"enemies":"Hexaghost","floor":16,"turns":14},{"damage":6,"enemies":"Shell Parasite","floor":18,"turns":7},{"damage":1,"enemies":"2 Thieves","floor":21,"turns":4},{"damage":15,"enemies":"Slaver and Parasite","floor":22,"turns":7},{"damage":18,"enemies":"Gremlin Leader","floor":24,"turns":9},{"damage":46,"enemies":"Book of Stabbing","floor":27,"turns":8},{"damage":18,"enemies":"Snecko","floor":30,"turns":6},{"damage":9,"enemies":"Gremlin Leader","floor":31,"turns":5},{"damage":39,"enemies":"Champ","floor":33,"turns":12},{"damage":7,"enemies":"Orb Walker","floor":35,"turns":3},{"damage":1,"enemies":"3 Shapes","floor":37,"turns":4},{"damage":0,"enemies":"Maw","floor":39,"turns":8},{"damage":1,"enemies":"Nemesis","floor":40,"turns":5},{"damage":34,"enemies":"2 Orb Walkers","floor":42,"turns":6},{"damage":0,"enemies":"Sphere and 2 Shapes","floor":46,"turns":6},{"damage":13,"enemies":"3 Darklings","floor":47,"turns":4},{"damage":12,"enemies":"Maw","floor":48,"turns":8},{"damage":55,"enemies":"Awakened One","floor":50,"turns":19}],"seed_played":"962449552781671877","potions_obtained":[{"floor":1,"key":"AttackPotion"},{"floor":3,"key":"Block Potion"},{"floor":7,"key":"Regen Potion"},{"floor":8,"key":"GamblersBrew"},{"floor":14,"key":"Ancient Potion"},{"floor":18,"key":"Weak Potion"},{"floor":22,"key":"GhostInAJar"},{"floor":30,"key":"LiquidBronze"},{"floor":39,"key":"Energy Potion"},{"floor":42,"key":"SteroidPotion"}],"is_trial":false,"path_per_floor":["M","$","M","M","M","R","E","M","T","E","?","E","R","M","R","B",null,"M","?","?","M","M","R","E","R","T","E","R","$","M","E","R","B",null,"M","?","M","?","M","E","R","E","T","$","?","M","M","M","R","B"],"character_chosen":"THE_SILENT","items_purchased":["Quick Slash","Blur","After Image","Pen Nib","Dodge and Roll+1","SteroidPotion","Footwork+1","Deflect+1"],"campfire_rested":7,"item_purchase_floors":[2,2,29,29,29,29,44,44],"current_hp_per_floor":[59,59,58,58,53,53,36,49,49,16,16,12,48,50,50,22,60,56,56,35,36,23,61,45,78,78,32,70,70,54,47,78,39,68,63,49,50,50,52,53,78,44,44,44,88,88,75,65,88,33],"gold":56,"neow_bonus":"ONE_RANDOM_RARE_CARD","is_prod":false,"is_daily":false,"chose_seed":false,"campfire_upgraded":2,"win_rate":0,"timestamp":1530957827,"path_taken":["M","$","M","?","M","R","E","M","T","E","?","E","R","?","R","BOSS","M","?","?","M","M","R","E","R","T","E","R","$","M","E","R","BOSS","M","?","M","?","M","E","R","E","T","$","?","M","M","?","R","BOSS"],"build_version":"2018-07-05","purchased_purges":2,"victory":true,"max_hp_per_floor":[66,66,66,66,66,66,66,66,66,73,73,73,73,73,73,73,73,73,73,78,78,78,78,78,78,78,78,78,78,78,78,78,78,78,78,78,78,78,78,78,78,78,78,78,88,88,88,88,88,88],"card_choices":[{"not_picked":["Masterful Stab","Concentrate","Calculated Gamble"],"picked":"SKIP","floor":1},{"not_picked":["Distraction","Slice"],"picked":"Dodge and Roll","floor":3},{"not_picked":["Blur","PiercingWail"],"picked":"Cloak And Dagger","floor":4},{"not_picked":["Reflex","Cloak And Dagger"],"picked":"Dash","floor":5},{"not_picked":["Heel Hook","Backflip"],"picked":"Dagger Spray","floor":7},{"not_picked":["Poisoned Stab","Slice"],"picked":"Deflect","floor":8},{"not_picked":["Corpse Explosion","Slice"],"picked":"Noxious Fumes","floor":10},{"not_picked":["Deflect","Flying Knee"],"picked":"Acrobatics","floor":12},{"not_picked":["Sucker Punch","Bane"],"picked":"Riddle With Holes","floor":14},{"not_picked":["Storm of Steel","Phantasmal Killer"],"picked":"Tools of the Trade","floor":16},{"not_picked":["Bane","Cloak And Dagger"],"picked":"Dash","floor":18},{"not_picked":["Outmaneuver","Calculated Gamble"],"picked":"Finisher+1","floor":21},{"not_picked":["Quick Slash","Cloak And Dagger"],"picked":"Underhanded Strike","floor":22},{"not_picked":["Blade Dance","PiercingWail"],"picked":"Backflip+1","floor":24},{"not_picked":["Bane","Dagger Spray","Dagger Throw"],"picked":"SKIP","floor":27},{"not_picked":["Tools of the Trade","Quick Slash"],"picked":"Blade Dance+1","floor":30},{"not_picked":["Riddle With Holes","Crippling Poison+1"],"picked":"Acrobatics+1","floor":31},{"not_picked":["Glass Knife","Bullet Time+1"],"picked":"After Image+1","floor":33},{"not_picked":["Escape Plan+1","Dodge and Roll+1"],"picked":"Malaise+1","floor":35},{"not_picked":["Poisoned Stab","Caltrops+1"],"picked":"Predator+1","floor":37},{"not_picked":["Quick Slash","Prepared+1"],"picked":"PiercingWail+1","floor":39},{"not_picked":["Deflect+1","Dagger Throw"],"picked":"Dodge and Roll+1","floor":40},{"not_picked":["Quick Slash","Infinite Blades+1"],"picked":"After Image+1","floor":42},{"not_picked":["Bouncing Flask+1","All Out Attack"],"picked":"Outmaneuver+1","floor":46},{"not_picked":["Predator","Outmaneuver+1"],"picked":"Sucker Punch+1","floor":47},{"not_picked":["PiercingWail+1","Bane+1"],"picked":"Blade Dance+1","floor":48}],"player_experience":762979,"relics_obtained":[{"floor":7,"key":"Bag of Marbles"},{"floor":9,"key":"Regal Pillow"},{"floor":10,"key":"Strawberry"},{"floor":12,"key":"Blood Vial"},{"floor":24,"key":"Toxic Egg 2"},{"floor":26,"key":"Letter Opener"},{"floor":27,"key":"Tiny Chest"},{"floor":31,"key":"Frozen Egg 2"},{"floor":40,"key":"Gambling Chip"},{"floor":42,"key":"Lantern"},{"floor":43,"key":"Bottled Tornado"}],"event_choices":[{"event_name":"Living Wall","player_choice":"Grow","floor":11,"damage_taken":0},{"event_name":"Addict","player_choice":"Obtained Relic","floor":19,"damage_taken":0},{"event_name":"Forgotten Altar","player_choice":"Shed Blood","floor":20,"damage_taken":0},{"event_name":"Winding Halls","player_choice":"Embrace Madness","floor":36,"damage_taken":0},{"event_name":"Tomb of Lord Red Mask","player_choice":"Ignored","floor":38,"damage_taken":0},{"event_name":"Bonfire Elementals","player_choice":"RARE","floor":45,"damage_taken":0}],"boss_relics":[{"not_picked":["Lizard Tail","White Beast Statue"],"picked":"Cursed Key"},{"not_picked":["Snecko Eye","Runic Pyramid"],"picked":"Astrolabe"}],"items_purged_floors":[29,44],"is_endless":false,"potions_floor_spawned":[1,3,7,8,14,18,22,30,39,42,47],"ascension_level":15}