{"gold_per_floor":[113,188,188,18,18,47,47,75,145,161,436,449,479,494,494,565,565,579,606,624,624,151,151,176,376,449,188,198,214,229,249,249,325,325,340,356,372,1371,1387,1413,1413,1445,1445,1463,286,302,302,337,337,337,337,337,0,26,26],"floor_reached":56,"playtime":2811,"items_purged":["Strike_R","Strike_R","Defend_R","Defend_R"],"score":2281,"play_id":"c8dd895a-f8e7-4e67-aba3-26557d7822d3","local_time":"20190216084203","is_ascension_mode":true,"campfire_choices":[{"data":"Disarm","floor":7.0,"key":"SMITH"},{"data":"Cleave","floor":15.0,"key":"SMITH"},{"data":"Second Wind","floor":23.0,"key":"SMITH"},{"floor":32.0,"key":"REST"},{"data":"Feel No Pain","floor":41.0,"key":"SMITH"},{"floor":47.0,"key":"RECALL"},{"data":"Feel No Pain","floor":49.0,"key":"SMITH"},{"data":"Shrug It Off","floor":52.0,"key":"SMITH"}],"neow_cost":"NONE","seed_source_timestamp":34051238316685,"circlet_count":0,"master_deck":["AscendersBane","Strike_R","Strike_R","Defend_R","Defend_R","Bash+1","Rampage+1","Feel No Pain+1","Second Wind+1","Iron Wave","Disarm+1","Shrug It Off+1","True Grit+1","Regret","True Grit+1","Armaments+1","Cleave+1","Limit Break+1","Twin Strike","Clothesline","Shame","Feel No Pain+1","Warcry+1","Havoc+1","Dropkick+1","Secret Weapon+1","Clothesline+1","Pummel+1","Flame Barrier+1","Warcry+1","Heavy Blade+1","Rage+1","Pommel Strike+1","Dropkick+1","Offering+1","Whirlwind+1","Normality","Normality","Spot Weakness+1","Cleave+1","Reaper+1","Seeing Red+1","Rage+1","Secret Technique+1","Mind Blast+1","Heavy Blade+1","Chrysalis+1","True Grit+1","Shrug It Off+1"],"special_seed":0,"relics":["Burning Blood","NeowsBlessing","Du-Vu Doll","Bag of Marbles","Torii","Toxic Egg 2","Red Skull","Philosopher\u0027s Stone","Art of War","Molten Egg 2","Shuriken","Gremlin Horn","Busted Crown","Whetstone","Smiling Mask","Champion Belt","Meat on the Bone","Pantograph","Mercury Hourglass"],"potions_floor_usage":[55,55],"damage_taken":[{"damage":0.0,"enemies":"Small Slimes","floor":1.0,"turns":1.0},{"damage":0.0,"enemies":"Gremlin Nob","floor":6.0,"turns":1.0},{"damage":0.0,"enemies":"3 Sentries","floor":8.0,"turns":2.0},{"damage":0.0,"enemies":"Jaw Worm","floor":10.0,"turns":3.0},{"damage":1.0,"enemies":"2 Louse","floor":12.0,"turns":3.0},{"damage":19.0,"enemies":"Lagavulin","floor":13.0,"turns":8.0},{"damage":0.0,"enemies":"2 Fungi Beasts","floor":14.0,"turns":4.0},{"damage":35.0,"enemies":"Slime Boss","floor":16.0,"turns":8.0},{"damage":13.0,"enemies":"Chosen","floor":18.0,"turns":8.0},{"damage":7.0,"enemies":"2 Thieves","floor":20.0,"turns":3.0},{"damage":44.0,"enemies":"Gremlin Leader","floor":24.0,"turns":6.0},{"damage":0.0,"enemies":"Snake Plant","floor":28.0,"turns":2.0},{"damage":15.0,"enemies":"3 Cultists","floor":29.0,"turns":4.0},{"damage":0.0,"enemies":"Centurion and Healer","floor":30.0,"turns":4.0},{"damage":8.0,"enemies":"Chosen and Byrds","floor":31.0,"turns":4.0},{"damage":13.0,"enemies":"Champ","floor":33.0,"turns":8.0},{"damage":1.0,"enemies":"Orb Walker","floor":35.0,"turns":4.0},{"damage":7.0,"enemies":"3 Shapes","floor":36.0,"turns":4.0},{"damage":0.0,"enemies":"Maw","floor":37.0,"turns":7.0},{"damage":6.0,"enemies":"Jaw Worm Horde","floor":39.0,"turns":1.0},{"damage":49.0,"enemies":"Nemesis","floor":40.0,"turns":7.0},{"damage":6.0,"enemies":"Reptomancer","floor":42.0,"turns":1.0},{"damage":0.0,"enemies":"4 Shapes","floor":44.0,"turns":4.0},{"damage":19.0,"enemies":"Transient","floor":46.0,"turns":5.0},{"damage":0.0,"enemies":"Giant Head","floor":48.0,"turns":5.0},{"damage":74.0,"enemies":"Donu and Deca","floor":50.0,"turns":6.0},{"damage":42.0,"enemies":"Shield and Spear","floor":54.0,"turns":4.0},{"damage":85,"enemies":"The Heart","floor":55,"turns":8}],"seed_played":"-6989552046228253403","potions_obtained":[{"floor":1.0,"key":"Explosive Potion"},{"floor":6.0,"key":"EssenceOfSteel"},{"floor":16.0,"key":"Dexterity Potion"},{"floor":20.0,"key":"FairyPotion"},{"floor":28.0,"key":"BloodPotion"},{"floor":30.0,"key":"GamblersBrew"},{"floor":31.0,"key":"LiquidBronze"},{"floor":54.0,"key":"PowerPotion"}],"is_trial":false,"path_per_floor":["M","?","?","$","?","E","R","E","T","M","?","M","E","M","R","B",null,"M","T","M","?","$","R","E","?","T","$","M","M","M","M","R","B",null,"M","M","M","?","M","E","R","E","T","M","$","M","R","E","R","B",null,"R","$","E","B",null],"character_chosen":"IRONCLAD","items_purchased":["Feel No Pain","Second Wind","Iron Wave","Feel No Pain","Warcry+1","Havoc+1","Dropkick+1","Secret Weapon+1","Pummel+1","Flame Barrier+1","Warcry+1","Champion Belt","Meat on the Bone","Reaper+1","Seeing Red+1","Rage+1","Secret Technique+1","Mind Blast+1","Heavy Blade+1","Chrysalis+1","True Grit+1"],"campfire_rested":1,"item_purchase_floors":[4,4,4,22,22,22,22,22,27,27,27,45,45,45,45,45,45,45,53,53,53],"current_hp_per_floor":[74,63,60,60,53,59,59,65,65,71,71,75,62,68,68,39,66,59,59,58,58,58,58,20,20,20,20,26,24,30,28,50,43,67,72,71,75,75,75,32,32,32,32,38,38,37,37,75,75,62,72,72,72,61,32],"gold":26,"neow_bonus":"THREE_ENEMY_KILL","is_prod":false,"is_daily":false,"chose_seed":false,"campfire_upgraded":6,"win_rate":0,"timestamp":1550324523,"path_taken":["M","?","?","?","?","E","R","E","T","M","?","M","E","M","R","BOSS","M","?","M","?","$","R","E","?","T","$","M","M","M","M","R","BOSS","M","M","?","?","M","E","R","E","T","M","$","M","R","E","R","BOSS","R","$","E","BOSS"],"build_version":"2019-01-23","purchased_purges":4,"victory":true,"max_hp_per_floor":[75,75,75,75,75,75,75,75,75,75,75,75,75,75,75,75,75,75,75,75,75,75,75,75,75,75,75,75,75,75,75,75,75,75,75,75,75,75,75,75,75,75,75,75,75,75,75,75,75,75,75,75,75,75,75],"card_choices":[{"not_picked":["Seeing Red","Sentinel"],"picked":"Rampage","floor":1.0},{"not_picked":["Clash","Rampage"],"picked":"Disarm","floor":6.0},{"not_picked":["Clothesline","Warcry"],"picked":"Shrug It Off","floor":8.0},{"not_picked":["Thunderclap","Anger"],"picked":"True Grit+1","floor":10.0},{"not_picked":["Thunderclap","Clothesline"],"picked":"True Grit+1","floor":12.0},{"not_picked":["Clothesline","Iron Wave"],"picked":"Armaments+1","floor":13.0},{"not_picked":["Pommel Strike","Second Wind+1"],"picked":"Cleave","floor":14.0},{"not_picked":["Double Tap+1","Immolate"],"picked":"Limit Break+1","floor":16.0},{"not_picked":["Flex+1","Clash"],"picked":"Twin Strike","floor":18.0},{"not_picked":["True Grit+1","Armaments+1"],"picked":"Clothesline","floor":20.0},{"not_picked":["Twin Strike+1","Flex+1"],"picked":"Clothesline+1","floor":24.0},{"not_picked":["Cleave+1","Twin Strike+1"],"picked":"Heavy Blade+1","floor":28.0},{"not_picked":["Evolve","True Grit+1"],"picked":"Rage+1","floor":29.0},{"not_picked":["Anger+1","Shrug It Off+1"],"picked":"Pommel Strike+1","floor":30.0},{"not_picked":["True Grit+1","Rupture"],"picked":"Dropkick+1","floor":31.0},{"not_picked":["Juggernaut","Feed+1"],"picked":"Offering+1","floor":33.0},{"not_picked":[],"picked":"Whirlwind+1","floor":35.0},{"not_picked":["Armaments+1"],"picked":"SKIP","floor":36.0},{"not_picked":["Perfected Strike+1"],"picked":"SKIP","floor":37.0},{"not_picked":["Perfected Strike+1"],"picked":"SKIP","floor":39.0},{"not_picked":["Rupture+1"],"picked":"SKIP","floor":40.0},{"not_picked":["Rupture+1"],"picked":"SKIP","floor":40.0},{"not_picked":[],"picked":"Spot Weakness+1","floor":42.0},{"not_picked":[],"picked":"Cleave+1","floor":44.0},{"not_picked":["Hemokinesis+1"],"picked":"SKIP","floor":46.0},{"not_picked":["Armaments+1"],"picked":"SKIP","floor":48.0},{"not_picked":[],"picked":"Shrug It Off+1","floor":54.0}],"player_experience":441645,"relics_obtained":[{"floor":6.0,"key":"Bag of Marbles"},{"floor":8.0,"key":"Torii"},{"floor":9.0,"key":"Toxic Egg 2"},{"floor":13.0,"key":"Red Skull"},{"floor":19.0,"key":"Art of War"},{"floor":24.0,"key":"Shuriken"},{"floor":26.0,"key":"Gremlin Horn"},{"floor":40.0,"key":"Whetstone"},{"floor":42.0,"key":"Smiling Mask"},{"floor":48.0,"key":"Pantograph"},{"floor":54.0,"key":"Mercury Hourglass"}],"event_choices":[{"damage_healed":0.0,"max_hp_gain":0.0,"max_hp_loss":0.0,"gold_gain":75.0,"event_name":"World of Goop","player_choice":"Gather Gold","floor":2.0,"gold_loss":0.0,"damage_taken":11.0},{"damage_healed":0.0,"max_hp_gain":0.0,"max_hp_loss":0.0,"gold_gain":0.0,"event_name":"Scrap Ooze","player_choice":"Success","floor":3.0,"gold_loss":0.0,"damage_taken":3.0,"relics_obtained":["Du-Vu Doll"]},{"cards_removed":["Strike_R"],"damage_healed":0.0,"max_hp_gain":0.0,"max_hp_loss":0.0,"gold_gain":0.0,"event_name":"Golden Wing","player_choice":"Card Removal","floor":5.0,"gold_loss":0.0,"damage_taken":7.0},{"damage_healed":0.0,"max_hp_gain":0.0,"max_hp_loss":0.0,"gold_gain":275.0,"event_name":"Golden Shrine","player_choice":"Desecrate","floor":11.0,"gold_loss":0.0,"damage_taken":0.0,"cards_obtained":["Regret"]},{"damage_healed":0.0,"max_hp_gain":0.0,"max_hp_loss":0.0,"gold_gain":0.0,"event_name":"Addict","player_choice":"Stole Relic","floor":21.0,"gold_loss":0.0,"damage_taken":0.0,"relics_obtained":["Molten Egg 2"],"cards_obtained":["Shame"]},{"damage_healed":0.0,"max_hp_gain":0.0,"max_hp_loss":0.0,"gold_gain":250.0,"event_name":"The Joust","player_choice":"Bet on Owner","floor":25.0,"gold_loss":50.0,"damage_taken":0.0},{"damage_healed":0.0,"max_hp_gain":0.0,"max_hp_loss":0.0,"gold_gain":999.0,"event_name":"MindBloom","player_choice":"Gold","floor":38.0,"gold_loss":0.0,"damage_taken":0.0,"cards_obtained":["Normality","Normality"]}],"is_beta":false,"boss_relics":[{"not_picked":["Orrery","Velvet Choker"],"picked":"Philosopher\u0027s Stone"},{"not_picked":["Black Blood","White Beast Statue"],"picked":"Busted Crown"}],"items_purged_floors":[22,27,45,53],"is_endless":false,"potions_floor_spawned":[1,6,12,16,20,28,30,31,35,40,46,54],"ascension_level":14}