{"gold_per_floor":[117,131,144,319,336,336,346,364,364,374,374,3,65,65,65,65],"floor_reached":16,"playtime":917,"items_purged":["Doubt"],"score":161,"play_id":"1c707568-c11c-485e-b69c-6ec629ca81bb","local_time":"20180930043633","is_ascension_mode":true,"campfire_choices":[{"data":"Self Repair","floor":6,"key":"SMITH"},{"data":"Fission","floor":11,"key":"SMITH"},{"data":"Dualcast","floor":15,"key":"SMITH"}],"neow_cost":"PERCENT_DAMAGE","seed_source_timestamp":564151002762181,"circlet_count":0,"master_deck":["Strike_B","Defend_B+1","Defend_B","Defend_B","Defend_B","Zap+1","Dualcast+1","Self Repair+1","Heatsinks","Heatsinks","Hologram","Go for the Eyes","Sunder","Fission+1","Gash","Trip","Rebound"],"relics":["Cracked Core","War Paint","PreservedInsect","Tiny Chest"],"potions_floor_usage":[5,5,16],"damage_taken":[{"damage":6,"enemies":"2 Louse","floor":1,"turns":2},{"damage":4,"enemies":"Cultist","floor":2,"turns":5},{"damage":7,"enemies":"Jaw Worm","floor":3,"turns":3},{"damage":12,"enemies":"Exordium Wildlife","floor":5,"turns":5},{"damage":27,"enemies":"Exordium Thugs","floor":7,"turns":6},{"damage":16,"enemies":"3 Louse","floor":8,"turns":5},{"damage":2,"enemies":"Red Slaver","floor":10,"turns":4},{"damage":0,"enemies":"Lagavulin","floor":13,"turns":2},{"damage":34,"enemies":"Hexaghost","floor":16,"turns":8}],"seed_played":"-8313880224793262530","potions_obtained":[{"floor":1,"key":"SpeedPotion"},{"floor":3,"key":"SpeedPotion"},{"floor":10,"key":"Swift Potion"}],"is_trial":false,"path_per_floor":["M","M","M","?","M","R","M","M","T","M","R","$","E","?","R"],"character_chosen":"DEFECT","items_purchased":["PreservedInsect","Gash","Trip"],"campfire_rested":0,"item_purchase_floors":[12,12,12],"current_hp_per_floor":[48,51,51,51,46,46,29,23,23,31,31,31,41,34,34,0],"gold":65,"neow_bonus":"REMOVE_TWO","is_prod":false,"is_daily":false,"chose_seed":false,"campfire_upgraded":3,"win_rate":0,"timestamp":1538307393,"path_taken":["M","M","M","?","?","R","M","?","T","M","R","$","E","?","R","BOSS"],"build_version":"2018-09-27","purchased_purges":1,"victory":false,"max_hp_per_floor":[75,75,75,75,75,75,75,75,75,75,75,75,75,75,75,75],"card_choices":[{"not_picked":["Undo","Aggregate"],"picked":"Self Repair","floor":1},{"not_picked":["Steam","Ball Lightning"],"picked":"Heatsinks","floor":2},{"not_picked":["Redo","Turbo"],"picked":"Heatsinks","floor":3},{"not_picked":["Redo","Beam Cell"],"picked":"Hologram","floor":5},{"not_picked":["Stack","Compile Driver"],"picked":"Go for the Eyes","floor":7},{"not_picked":["Force Field","Turbo"],"picked":"Sunder","floor":8},{"not_picked":["Stack","Leap"],"picked":"Fission","floor":10},{"not_picked":["Coolheaded","Lockon"],"picked":"Rebound","floor":13}],"player_experience":206588,"relics_obtained":[{"floor":9,"key":"War Paint"},{"floor":13,"key":"Tiny Chest"}],"event_choices":[{"event_name":"Liars Game","player_choice":"agreed","floor":4,"damage_taken":0},{"event_name":"Golden Wing","player_choice":"Card Removal","floor":14,"damage_taken":0}],"is_beta":false,"boss_relics":[],"items_purged_floors":[12],"is_endless":false,"potions_floor_spawned":[1,3,10],"killed_by":"Hexaghost","ascension_level":5}