{"gold_per_floor":[114,134,134,159,84,84,118,118,164,204,48,48],"floor_reached":12,"playtime":383,"items_purged":["Strike_B"],"score":172,"play_id":"ff881ff8-728b-43a7-b33d-be5de09cf61f","local_time":"20190223225410","is_ascension_mode":true,"campfire_choices":[{"data":"Zap","floor":6,"key":"SMITH"},{"data":"Dualcast","floor":8,"key":"SMITH"}],"neow_cost":"NONE","seed_source_timestamp":1515639356349600,"circlet_count":0,"master_deck":["AscendersBane","Strike_B","Defend_B","Defend_B","Defend_B","Defend_B","Zap+1","Dualcast+1","Leap","FTL","Conserve Battery","Core Surge","Go for the Eyes","Steam","BootSequence"],"relics":["Cracked Core","Golden Idol","Bag of Marbles","Boot","Girya"],"potions_floor_usage":[10,10,10,12],"damage_taken":[{"damage":1,"enemies":"Cultist","floor":1,"turns":4},{"damage":9,"enemies":"Jaw Worm","floor":2,"turns":6},{"damage":4,"enemies":"2 Louse","floor":4,"turns":2},{"damage":18,"enemies":"Lagavulin","floor":7,"turns":7},{"damage":11,"enemies":"Gremlin Nob","floor":10,"turns":3},{"damage":24,"enemies":"Gremlin Gang","floor":12,"turns":3}],"seed_played":"5304390738723384473","potions_obtained":[{"floor":2,"key":"Swift Potion"},{"floor":7,"key":"EntropicBrew"},{"floor":10,"key":"FocusPotion"}],"is_trial":false,"path_per_floor":["M","M","?","M","?","R","E","R","T","E","$","M"],"character_chosen":"DEFECT","items_purchased":["BootSequence"],"campfire_rested":0,"item_purchase_floors":[11],"current_hp_per_floor":[63,54,54,50,50,50,32,32,32,21,21,0],"gold":48,"neow_bonus":"TRANSFORM_CARD","is_prod":false,"is_daily":false,"chose_seed":false,"campfire_upgraded":2,"win_rate":0,"timestamp":1550991250,"path_taken":["M","M","?","M","?","R","E","R","T","E","$","M"],"build_version":"2019-01-23","purchased_purges":1,"victory":false,"max_hp_per_floor":[71,71,64,64,64,64,64,64,64,64,64,64],"card_choices":[{"not_picked":["Coolheaded","Barrage"],"picked":"FTL","floor":1},{"not_picked":["Storm","Rebound"],"picked":"Conserve Battery","floor":2},{"not_picked":["Aggregate","Hologram"],"picked":"Core Surge","floor":4},{"not_picked":["Leap","Hello World"],"picked":"Go for the Eyes","floor":7},{"not_picked":["Streamline","Fusion"],"picked":"Steam","floor":10}],"player_experience":761310,"relics_obtained":[{"floor":7,"key":"Bag of Marbles"},{"floor":9,"key":"Boot"},{"floor":10,"key":"Girya"}],"event_choices":[{"damage_healed":0,"gold_gain":0,"player_choice":"Lose Max HP","damage_taken":0,"relics_obtained":["Golden Idol"],"max_hp_gain":0,"max_hp_loss":7,"event_name":"Golden Idol","floor":3,"gold_loss":0},{"cards_removed":["Strike_B"],"damage_healed":0,"gold_gain":0,"player_choice":"Card Removal","damage_taken":0,"max_hp_gain":0,"max_hp_loss":0,"event_name":"The Cleric","floor":5,"gold_loss":75}],"is_beta":false,"boss_relics":[],"items_purged_floors":[11],"is_endless":false,"potions_floor_spawned":[2,7,10],"killed_by":"Gremlin Gang","ascension_level":20}