{"gold_per_floor":[119,119,131,56,56,84,100,125,125,138,169,182,182],"floor_reached":13,"playtime":491,"items_purged":[],"score":260,"play_id":"605255a5-268e-42f7-88ca-6e472f72a4d8","local_time":"20190304215711","is_ascension_mode":true,"campfire_choices":[],"neow_cost":"NONE","seed_source_timestamp":70745374629921,"circlet_count":0,"master_deck":["AscendersBane","Strike_B","Strike_B","Strike_B","Defend_B","Defend_B","Defend_B","Defend_B","Zap","Dualcast","Cold Snap","Auto Shields","Fission","Zap","Coolheaded","Genetic Algorithm","Reboot","Hologram","Defragment","Gash","Ball Lightning"],"special_seed":0,"relics":["Cracked Core","NeowsBlessing","Boot","Thread and Needle","The Courier","Mummified Hand"],"potions_floor_usage":[],"damage_taken":[{"damage":0.0,"enemies":"Cultist","floor":1.0,"turns":1.0},{"damage":0.0,"enemies":"Small Slimes","floor":3.0,"turns":1.0},{"damage":0.0,"enemies":"Gremlin Nob","floor":6.0,"turns":1.0},{"damage":8.0,"enemies":"Jaw Worm","floor":7.0,"turns":4.0},{"damage":28.0,"enemies":"Lagavulin","floor":8.0,"turns":11.0},{"damage":0.0,"enemies":"3 Louse","floor":10.0,"turns":4.0},{"damage":21.0,"enemies":"Gremlin Nob","floor":11.0,"turns":6.0},{"damage":0.0,"enemies":"Looter","floor":12.0,"turns":4.0},{"damage":12,"enemies":"The Mushroom Lair","floor":13,"turns":2}],"seed_played":"-7479794087990219872","potions_obtained":[{"floor":1.0,"key":"SneckoOil"},{"floor":6.0,"key":"GamblersBrew"},{"floor":10.0,"key":"GamblersBrew"}],"is_trial":false,"path_per_floor":["M","?","M","?","?","E","M","E","T","M","E","M","?"],"character_chosen":"DEFECT","items_purchased":[],"campfire_rested":0,"item_purchase_floors":[],"current_hp_per_floor":[64,64,64,64,64,64,56,28,28,28,7,7,0],"gold":182,"neow_bonus":"THREE_ENEMY_KILL","is_prod":false,"is_daily":false,"chose_seed":false,"campfire_upgraded":0,"win_rate":0,"timestamp":1551754631,"path_taken":["M","?","?","?","?","E","M","E","T","M","E","M","?"],"build_version":"2019-01-23","purchased_purges":0,"victory":false,"max_hp_per_floor":[71,71,71,71,71,71,71,71,71,71,71,71,71],"card_choices":[{"not_picked":["Double Energy","Aggregate"],"picked":"Cold Snap","floor":1.0},{"not_picked":["Turbo","Redo"],"picked":"Coolheaded","floor":3.0},{"not_picked":["Barrage","Sweeping Beam"],"picked":"Genetic Algorithm","floor":6.0},{"not_picked":["Sunder","Blizzard"],"picked":"Reboot","floor":7.0},{"not_picked":["Rebound","Static Discharge"],"picked":"Hologram","floor":8.0},{"not_picked":["FTL","Hologram"],"picked":"Defragment","floor":10.0},{"not_picked":["Stack","Hologram"],"picked":"Gash","floor":11.0},{"not_picked":["Redo","Hologram"],"picked":"Ball Lightning","floor":12.0}],"player_experience":682864,"relics_obtained":[{"floor":6.0,"key":"Boot"},{"floor":8.0,"key":"Thread and Needle"},{"floor":9.0,"key":"The Courier"},{"floor":11.0,"key":"Mummified Hand"}],"event_choices":[{"damage_healed":0.0,"max_hp_gain":0.0,"max_hp_loss":0.0,"gold_gain":0.0,"event_name":"Match and Keep!","player_choice":"3 cards matched","floor":2.0,"gold_loss":0.0,"damage_taken":0.0,"cards_obtained":["Auto Shields","Fission","Zap"]},{"cards_removed":["Strike_B"],"damage_healed":0.0,"max_hp_gain":0.0,"max_hp_loss":0.0,"gold_gain":0.0,"event_name":"The Cleric","player_choice":"Card Removal","floor":4.0,"gold_loss":75.0,"damage_taken":0.0},{"damage_healed":0.0,"max_hp_gain":0.0,"max_hp_loss":0.0,"gold_gain":0.0,"event_name":"Liars Game","player_choice":"Ignored","floor":5.0,"gold_loss":0.0,"damage_taken":0.0},{"damage_healed":0,"gold_gain":0,"player_choice":"Fought Mushrooms","damage_taken":0,"max_hp_gain":0,"max_hp_loss":0,"event_name":"Mushrooms","floor":13,"gold_loss":0}],"is_beta":false,"boss_relics":[],"items_purged_floors":[],"is_endless":false,"potions_floor_spawned":[1,6,10],"killed_by":"The Mushroom Lair","ascension_level":20}