{"gold_per_floor":[117,43,61,10,22,38,52,82,107,107,141,141,152,152,152,251,251,269,194,194,194,212,212,224,324,348,95,95,108,108,126,126,126],"floor_reached":33,"playtime":1284,"items_purged":["Decay"],"score":297,"play_id":"0037fd48-afff-4f66-b450-de4670b1b09c","local_time":"20190109041805","is_ascension_mode":true,"campfire_choices":[{"data":"Body Slam","floor":10.0,"key":"SMITH"},{"floor":12.0,"key":"REST"},{"data":"Anger","floor":15.0,"key":"SMITH"},{"data":"Ghostly Armor","floor":23.0,"key":"SMITH"},{"data":"Flex","floor":28,"key":"SMITH"},{"data":"Anger","floor":32,"key":"SMITH"}],"neow_cost":"NONE","seed_source_timestamp":368544722557286,"circlet_count":0,"master_deck":["Defend_R","Defend_R","Defend_R","Defend_R","Bash","Armaments","Carnage+1","Battle Trance","Anger","Cleave","Headbutt","Ghostly Armor+1","Body Slam+1","Anger+1","Bludgeon+1","Body Slam+1","Bite","Bite","Bite","Bite+1","Bite","Anger+1","Inflame","Flex+1"],"special_seed":0,"relics":["Burning Blood","Anchor","Bronze Scales","Smiling Mask","Cursed Key","Omamori","Whetstone"],"potions_floor_usage":[24,29,30,33],"damage_taken":[{"damage":8.0,"enemies":"Jaw Worm","floor":1.0,"turns":4.0},{"damage":6.0,"enemies":"Cultist","floor":3.0,"turns":3.0},{"damage":4.0,"enemies":"Small Slimes","floor":5.0,"turns":4.0},{"damage":9.0,"enemies":"Blue Slaver","floor":6.0,"turns":3.0},{"damage":8.0,"enemies":"Lots of Slimes","floor":7.0,"turns":2.0},{"damage":46.0,"enemies":"Lagavulin","floor":8.0,"turns":7.0},{"damage":16.0,"enemies":"3 Sentries","floor":11.0,"turns":5.0},{"damage":1.0,"enemies":"3 Louse","floor":13.0,"turns":3.0},{"damage":58.0,"enemies":"The Guardian","floor":16.0,"turns":10.0},{"damage":17.0,"enemies":"3 Byrds","floor":18.0,"turns":3.0},{"damage":5.0,"enemies":"2 Thieves","floor":22.0,"turns":3.0},{"damage":3,"enemies":"3 Cultists","floor":24,"turns":5},{"damage":30,"enemies":"Snake Plant","floor":29,"turns":3},{"damage":0,"enemies":"Snecko","floor":30,"turns":2},{"damage":4,"enemies":"3 Cultists","floor":31,"turns":4},{"damage":88,"enemies":"Collector","floor":33,"turns":5}],"seed_played":"-6077256063498362699","potions_obtained":[{"floor":3.0,"key":"SteroidPotion"},{"floor":5.0,"key":"Block Potion"},{"floor":11.0,"key":"PowerPotion"},{"floor":18.0,"key":"Regen Potion"},{"floor":21.0,"key":"SmokeBomb"},{"floor":24,"key":"FearPotion"}],"is_trial":false,"path_per_floor":["M","$","M","$","M","M","M","E","T","R","E","R","M","?","R","B",null,"M","?","?","?","M","R","M","?","T","$","R","M","M","M","R","B"],"character_chosen":"IRONCLAD","items_purchased":["Carnage","Anger","Whetstone","Flex"],"campfire_rested":1,"item_purchase_floors":[2,4,27,27],"current_hp_per_floor":[86,86,86,86,88,85,83,43,43,43,33,59,64,64,64,12,88,77,77,61,61,61,61,61,61,61,61,61,41,49,55,55,0],"gold":126,"neow_bonus":"TEN_PERCENT_HP_BONUS","is_prod":false,"is_daily":false,"chose_seed":false,"campfire_upgraded":5,"win_rate":0,"timestamp":1547025485,"path_taken":["M","$","M","$","M","M","M","E","T","R","E","R","M","?","R","BOSS","M","?","?","?","?","R","M","?","T","$","R","M","M","M","R","BOSS"],"build_version":"2019-01-03v4","purchased_purges":1,"victory":false,"max_hp_per_floor":[88,88,88,88,88,88,88,88,88,88,88,88,88,88,88,88,88,88,88,61,61,61,61,61,61,61,61,61,61,61,61,61,61],"card_choices":[{"not_picked":["True Grit","Reckless Charge"],"picked":"Armaments","floor":1.0},{"not_picked":["Clothesline","Armaments"],"picked":"Battle Trance","floor":3.0},{"not_picked":["Clothesline","Anger"],"picked":"Cleave","floor":5.0},{"not_picked":["Disarm","Blood for Blood"],"picked":"Headbutt","floor":6.0},{"not_picked":["Flex","Wild Strike"],"picked":"Ghostly Armor","floor":7.0},{"not_picked":["Evolve","Twin Strike"],"picked":"Body Slam","floor":8.0},{"not_picked":["Sentinel","Wild Strike","Iron Wave"],"picked":"SKIP","floor":11.0},{"not_picked":["Wild Strike","Hemokinesis"],"picked":"Anger","floor":13.0},{"not_picked":["Exhume","Fiend Fire"],"picked":"Bludgeon","floor":16.0},{"not_picked":["Anger","Rage"],"picked":"Body Slam+1","floor":18.0},{"not_picked":["Shrug It Off","Sword Boomerang"],"picked":"Anger","floor":22.0},{"not_picked":["Flex+1","Armaments+1"],"picked":"Inflame","floor":24},{"not_picked":["Clash","Sword Boomerang","Burning Pact"],"picked":"SKIP","floor":29},{"not_picked":["Demon Form","Feel No Pain","Iron Wave"],"picked":"SKIP","floor":31}],"player_experience":480431,"relics_obtained":[{"floor":8.0,"key":"Anchor"},{"floor":9.0,"key":"Bronze Scales"},{"floor":11.0,"key":"Smiling Mask"},{"floor":26,"key":"Omamori"}],"event_choices":[{"damage_healed":0.0,"max_hp_gain":0.0,"max_hp_loss":0.0,"gold_gain":0.0,"event_name":"Upgrade Shrine","player_choice":"Upgraded","floor":14.0,"gold_loss":0.0,"damage_taken":0.0,"cards_upgraded":["Carnage"]},{"cards_removed":["Strike_R"],"damage_healed":0.0,"max_hp_gain":0.0,"max_hp_loss":0.0,"gold_gain":0.0,"event_name":"Beggar","player_choice":"Gave Gold","floor":19.0,"gold_loss":75.0,"damage_taken":0.0},{"damage_healed":0.0,"max_hp_gain":0.0,"max_hp_loss":27.0,"gold_gain":0.0,"event_name":"Vampires","player_choice":"Became a vampire","floor":20.0,"gold_loss":0.0,"damage_taken":0.0,"cards_obtained":["Bite","Bite","Bite","Bite","Bite"]},{"damage_healed":0.0,"max_hp_gain":0.0,"max_hp_loss":0.0,"gold_gain":0.0,"event_name":"Lab","player_choice":"Got Potions","floor":21.0,"gold_loss":0.0,"damage_taken":0.0},{"damage_healed":0,"gold_gain":100,"player_choice":"Pray","damage_taken":0,"max_hp_gain":0,"max_hp_loss":0,"event_name":"Golden Shrine","floor":25,"gold_loss":0}],"is_beta":false,"boss_relics":[{"not_picked":["Runic Cube","Calling Bell"],"picked":"Cursed Key"}],"items_purged_floors":[27],"is_endless":false,"potions_floor_spawned":[3,5,11,18,24],"killed_by":"Collector","ascension_level":1}