{"gold_per_floor":[112,112,112,129,147,173,197,223,261,288,46,46,46,59,59,155,155,165,178,50,50,50,50,100],"floor_reached":24,"playtime":1024,"items_purged":["Strike_R"],"score":198,"play_id":"592495bc-2e4d-4247-becf-a0805122d287","local_time":"20190307030427","is_ascension_mode":false,"campfire_choices":[{"data":"Whirlwind","floor":12,"key":"SMITH"},{"data":"Whirlwind","floor":15,"key":"SMITH"},{"floor":23,"key":"RECALL"}],"neow_cost":"NONE","seed_source_timestamp":30340877737443,"circlet_count":0,"master_deck":["Strike_R","Strike_R","Strike_R","Strike_R","Defend_R","Defend_R","Defend_R","Defend_R","Bash","Whirlwind+1","Inflame","Iron Wave","Whirlwind+1","Shrug It Off","Inflame","Thunderclap","Headbutt","Feed","Whirlwind","True Grit","Seeing Red"],"relics":["Burning Blood","Orichalcum","Smiling Mask","MawBank","Bottled Flame","White Beast Statue","SsserpentHead"],"potions_floor_usage":[14,16,18,19,19,21],"damage_taken":[{"damage":12,"enemies":"2 Louse","floor":1,"turns":3},{"damage":4,"enemies":"Jaw Worm","floor":4,"turns":3},{"damage":3,"enemies":"Cultist","floor":5,"turns":4},{"damage":27,"enemies":"3 Sentries","floor":6,"turns":8},{"damage":15,"enemies":"Exordium Wildlife","floor":7,"turns":3},{"damage":0,"enemies":"3 Louse","floor":8,"turns":1},{"damage":19,"enemies":"Large Slime","floor":10,"turns":4},{"damage":1,"enemies":"Blue Slaver","floor":14,"turns":3},{"damage":5,"enemies":"Slime Boss","floor":16,"turns":7},{"damage":26,"enemies":"Spheric Guardian","floor":18,"turns":7},{"damage":18,"enemies":"Shell Parasite","floor":19,"turns":4},{"damage":40,"enemies":"Colosseum Slavers","floor":21,"turns":6},{"damage":26,"enemies":"Snecko","floor":24,"turns":4}],"seed_played":"7357361857942313770","potions_obtained":[{"floor":1,"key":"Fire Potion"},{"floor":5,"key":"SkillPotion"},{"floor":8,"key":"Weak Potion"},{"floor":16,"key":"Fire Potion"},{"floor":18,"key":"Explosive Potion"},{"floor":19,"key":"SpeedPotion"}],"is_trial":false,"path_per_floor":["M","?","?","M","M","E","M","M","T","M","$","R","?","M","R","B",null,"M","M","$","?","?","R","M"],"character_chosen":"IRONCLAD","items_purchased":["Bottled Flame","Seeing Red"],"campfire_rested":0,"item_purchase_floors":[11,20],"current_hp_per_floor":[82,79,79,81,84,63,54,60,60,47,47,47,40,45,45,46,88,68,56,56,25,25,25,0],"gold":100,"neow_bonus":"TEN_PERCENT_HP_BONUS","is_prod":false,"is_daily":false,"chose_seed":false,"campfire_upgraded":2,"win_rate":0,"timestamp":1551895467,"path_taken":["M","?","?","M","M","E","M","M","T","M","$","R","?","M","R","BOSS","M","M","$","?","?","R","?"],"build_version":"2019-01-23","purchased_purges":1,"victory":false,"max_hp_per_floor":[88,88,88,88,88,88,88,88,88,88,88,88,88,88,88,88,88,88,88,88,91,91,91,91],"card_choices":[{"not_picked":["Rupture","Sword Boomerang"],"picked":"Whirlwind","floor":1},{"not_picked":["Perfected Strike","Armaments"],"picked":"Inflame","floor":4},{"not_picked":["Perfected Strike","Blood for Blood"],"picked":"Iron Wave","floor":5},{"not_picked":["Iron Wave","Reckless Charge"],"picked":"Whirlwind","floor":6},{"not_picked":["Reckless Charge","Fiend Fire"],"picked":"Shrug It Off","floor":7},{"not_picked":["Sword Boomerang","Wild Strike"],"picked":"Inflame","floor":8},{"not_picked":["Armaments","Feed"],"picked":"Thunderclap","floor":10},{"not_picked":["Shrug It Off","Clothesline"],"picked":"Headbutt","floor":14},{"not_picked":["Immolate","Brutality"],"picked":"Feed","floor":16},{"not_picked":["Rupture","Shrug It Off"],"picked":"Whirlwind","floor":18},{"not_picked":["Twin Strike","Anger"],"picked":"True Grit","floor":19}],"player_experience":151518,"relics_obtained":[{"floor":6,"key":"MawBank"}],"event_choices":[{"damage_healed":0,"gold_gain":0,"player_choice":"Success","damage_taken":3,"relics_obtained":["Orichalcum"],"max_hp_gain":0,"max_hp_loss":0,"event_name":"Scrap Ooze","floor":2,"gold_loss":0},{"damage_healed":0,"gold_gain":0,"player_choice":"Box","damage_taken":0,"relics_obtained":["Smiling Mask"],"max_hp_gain":0,"max_hp_loss":0,"event_name":"Big Fish","floor":3,"gold_loss":0,"cards_obtained":["Regret"]},{"cards_removed":["Regret"],"damage_healed":0,"gold_gain":0,"player_choice":"Card Removal","damage_taken":7,"max_hp_gain":0,"max_hp_loss":0,"event_name":"Golden Wing","floor":13,"gold_loss":0},{"damage_healed":0,"gold_gain":0,"player_choice":"Fight","damage_taken":0,"max_hp_gain":0,"max_hp_loss":0,"event_name":"Colosseum","floor":21,"gold_loss":0},{"damage_healed":0,"gold_gain":0,"player_choice":"Fled From Nobs","damage_taken":0,"max_hp_gain":0,"max_hp_loss":0,"event_name":"Colosseum","floor":21,"gold_loss":0},{"damage_healed":0,"gold_gain":0,"player_choice":"Trade","damage_taken":0,"relics_obtained":["SsserpentHead"],"max_hp_gain":0,"max_hp_loss":0,"event_name":"FaceTrader","floor":22,"gold_loss":0}],"is_beta":false,"boss_relics":[{"not_picked":["Calling Bell","Mark of Pain"],"picked":"White Beast Statue"}],"items_purged_floors":[20],"is_endless":false,"potions_floor_spawned":[1,5,8,16,18,19,21],"killed_by":"Snecko","ascension_level":0}