{"path_per_floor":["M","M","M","?","M","R","E","R","T","M","M","?","$","M","R","B",null,"M","M","M","$","M","R","E","R","T","E"],"character_chosen":"THE_SILENT","items_purchased":["Noxious Fumes","Bandage Up","Well Laid Plans"],"gold_per_floor":[111,131,149,149,165,165,200,200,269,283,301,266,124,144,144,249,249,259,278,297,21,36,36,70,70,70,105],"floor_reached":28,"campfire_rested":2,"playtime":1425,"current_hp_per_floor":[59,56,55,41,31,31,30,30,30,27,27,27,27,25,46,13,56,45,45,29,29,26,47,37,37,51,4],"items_purged":["Strike_G","Strike_G"],"gold":105,"score":380,"play_id":"40c9aa11-b3f9-4009-8112-00b28e9b2a91","local_time":"20180316164719","is_prod":false,"is_daily":false,"is_ascension_mode":true,"campfire_upgraded":3,"timestamp":1521186439,"path_taken":["M","M","M","?","M","R","E","R","T","?","?","?","$","M","R","BOSS","M","?","M","$","M","R","E","R","T","E","M"],"build_version":"2018-03-15","purchased_purges":2,"victory":false,"master_deck":["Defend_G","Defend_G","Defend_G","Defend_G","Defend_G","Strike_G","Strike_G+1","Strike_G+1","Survivor","Neutralize+1","Backflip","Deadly Poison","Dagger Spray+1","Deadly Poison","Adrenaline","Noxious Fumes+1","Acrobatics","PiercingWail","Corpse Explosion","Bandage Up","Well Laid Plans","Deadly Poison+1","Expertise","Bouncing Flask","Malaise"],"max_hp_per_floor":[70,70,70,70,70,70,70,70,70,70,70,70,70,70,70,70,70,70,70,70,70,70,70,70,70,84,84],"relics":["Ring of the Snake","Snake Skull","Dream Catcher","Letter Opener","Sozu","Darkstone Periapt","Mango","Oddly Smooth Stone"],"card_choices":[{"not_picked":["PiercingWail","Infinite Blades"],"picked":"Backflip"},{"not_picked":["Reflex","Deflect"],"picked":"Deadly Poison"},{"not_picked":["Dodge and Roll","Sucker Punch"],"picked":"Dagger Spray"},{"not_picked":["Quick Slash","Bane"],"picked":"Deadly Poison"},{"not_picked":["Acrobatics","Flechettes"],"picked":"Adrenaline"},{"not_picked":["Slice","All Out Attack"],"picked":"Acrobatics"},{"not_picked":["Cloak And Dagger","Accuracy"],"picked":"PiercingWail"},{"not_picked":["Grand Finale","Wraith Form"],"picked":"Corpse Explosion"},{"not_picked":["Quick Slash","Skewer"],"picked":"Deadly Poison"},{"not_picked":["Dodge and Roll","Sucker Punch"],"picked":"Expertise"},{"not_picked":["Masterful Stab","Concentrate"],"picked":"Bouncing Flask"},{"not_picked":["Blur","Bane"],"picked":"Malaise"}],"player_experience":287094,"potions_floor_usage":[7,16],"damage_taken":[{"damage":4,"enemies":"2 Louse","floor":1,"turns":2},{"damage":3,"enemies":"Jaw Worm","floor":2,"turns":7},{"damage":1,"enemies":"Cultist","floor":3,"turns":4},{"damage":10,"enemies":"Gremlin Gang","floor":5,"turns":5},{"damage":1,"enemies":"3 Sentries","floor":7,"turns":12},{"damage":3,"enemies":"Blue Slaver","floor":10,"turns":4},{"damage":0,"enemies":"Lots of Slimes","floor":11,"turns":1},{"damage":2,"enemies":"2 Fungi Beasts","floor":14,"turns":3},{"damage":33,"enemies":"Slime Boss","floor":16,"turns":9},{"damage":11,"enemies":"Spheric Guardian","floor":18,"turns":4},{"damage":0,"enemies":"Shell Parasite","floor":19,"turns":6},{"damage":16,"enemies":"Centurion and Healer","floor":20,"turns":5},{"damage":7,"enemies":"3 Cultists","floor":22,"turns":5},{"damage":14,"enemies":"Gremlin Leader","floor":24,"turns":6},{"damage":51,"enemies":"Slavers","floor":27,"turns":4},{"damage":4,"enemies":"Snake Plant","floor":28,"turns":1}],"event_choices":[{"event_name":"Shining Light","player_choice":"Entered Light","floor":4,"damage_taken":0},{"event_name":"World of Goop","player_choice":"Left","floor":12,"damage_taken":0}],"boss_relics":[{"not_picked":["Velvet Choker","Cursed Key"],"picked":"Sozu"}],"potions_floor_spawned":[2,5,10,18],"seed_played":"-6290700322825788236","killed_by":"Snake Plant","ascension_level":9,"is_trial":false}