{"path_per_floor":["M","?","?","M","?","R","M","R","T","?","E","M","M","M","R"],"character_chosen":"THE_SILENT","items_purchased":[],"gold_per_floor":[117,117,117,130,130,130,147,147,147,147,177,187,202,219,219,219],"floor_reached":16,"campfire_rested":1,"playtime":1346,"current_hp_per_floor":[64,64,64,64,64,64,55,55,55,43,5,4,3,3,24,0],"items_purged":[],"gold":219,"score":102,"play_id":"45923cdd-9d52-4cc2-bc9e-bbbe9a99e654","local_time":"20180404183013","is_prod":false,"is_daily":false,"is_ascension_mode":false,"campfire_upgraded":2,"timestamp":1522830613,"path_taken":["M","?","?","M","?","R","M","R","T","?","E","?","M","M","R","BOSS"],"build_version":"2018-03-29v2","purchased_purges":0,"victory":false,"master_deck":["Defend_G","Defend_G","Defend_G","Defend_G","Defend_G","Strike_G+1","Strike_G","Strike_G","Strike_G","Strike_G","Survivor","Neutralize","Doubt","Prepared","Choke+1","Night Terror+1","Dagger Spray+1","Slice+1","Outmaneuver","Dodge and Roll"],"max_hp_per_floor":[70,70,70,70,70,70,70,70,70,70,70,70,70,70,70,70],"relics":["Ring of the Snake","Calipers","Molten Egg 2","Oddly Smooth Stone","Omamori"],"card_choices":[{"not_picked":["Dagger Throw","Blur"],"picked":"Prepared","floor":1},{"not_picked":["Predator","Backflip"],"picked":"Choke","floor":4},{"not_picked":["Well Laid Plans","Quick Slash"],"picked":"Night Terror","floor":7},{"not_picked":["Bane","Underhanded Strike"],"picked":"Dagger Spray","floor":11},{"not_picked":["Flying Knee","Outmaneuver"],"picked":"Slice","floor":12},{"not_picked":["Malaise","Tactician"],"picked":"Outmaneuver","floor":13},{"not_picked":["Prepared","Deflect"],"picked":"Dodge and Roll","floor":14}],"player_experience":75984,"potions_floor_usage":[11,14,16],"damage_taken":[{"damage":6,"enemies":"Jaw Worm","floor":1,"turns":5},{"damage":0,"enemies":"2 Louse","floor":4,"turns":5},{"damage":9,"enemies":"Small Slimes","floor":7,"turns":4},{"damage":38,"enemies":"3 Sentries","floor":11,"turns":12},{"damage":1,"enemies":"Looter","floor":12,"turns":4},{"damage":1,"enemies":"Exordium Wildlife","floor":13,"turns":6},{"damage":0,"enemies":"3 Louse","floor":14,"turns":3},{"damage":25,"enemies":"Hexaghost","floor":16,"turns":9}],"event_choices":[{"event_name":"Living Wall","player_choice":"Grow","floor":2,"damage_taken":0},{"event_name":"Golden Wing","player_choice":"Ignored","floor":3,"damage_taken":0},{"event_name":"The Cleric","player_choice":"Leave","floor":5,"damage_taken":0},{"event_name":"Scrap Ooze","player_choice":"success","floor":10,"damage_taken":12}],"boss_relics":[],"potions_floor_spawned":[7,11,12,14],"seed_played":"6874644323271266849","killed_by":"Hexaghost","ascension_level":0,"is_trial":false}