{"gold_per_floor":[113,113,128,128,141,173,138,10,62,62,93,93,7,25,25,25],"floor_reached":16,"playtime":537,"items_purged":["Strike_B"],"score":216,"play_id":"b013a9e3-6251-4d5e-927e-4226a5aa8bfd","local_time":"20190122184107","is_ascension_mode":true,"campfire_choices":[{"data":"Deep Breath","floor":10,"key":"SMITH"},{"data":"Glacier","floor":12,"key":"SMITH"},{"data":"Consume","floor":15,"key":"SMITH"}],"neow_cost":"NONE","seed_source_timestamp":1178530674350778,"circlet_count":0,"master_deck":["AscendersBane","Strike_B","Strike_B+1","Strike_B","Defend_B","Defend_B","Defend_B","Defend_B","Zap+1","Dualcast","Deep Breath+1","Glacier+1","Go for the Eyes","Gash","Cold Snap","Cold Snap","Self Repair","Consume+1"],"relics":["Cracked Core","Bronze Scales","Lantern","Gambling Chip"],"potions_floor_usage":[6],"damage_taken":[{"damage":0,"enemies":"2 Louse","floor":1,"turns":3},{"damage":7,"enemies":"Jaw Worm","floor":3,"turns":2},{"damage":1,"enemies":"Small Slimes","floor":5,"turns":3},{"damage":40,"enemies":"Gremlin Nob","floor":6,"turns":5},{"damage":11,"enemies":"3 Sentries","floor":11,"turns":8},{"damage":0,"enemies":"Blue Slaver","floor":14,"turns":3},{"damage":33,"enemies":"Hexaghost","floor":16,"turns":10}],"seed_played":"-8972046549222157870","potions_obtained":[{"floor":1,"key":"Poison Potion"},{"floor":5,"key":"SmokeBomb"},{"floor":6,"key":"FearPotion"}],"is_trial":false,"path_per_floor":["?","?","?","$"],"character_chosen":"DEFECT","items_purchased":["Cold Snap","Self Repair"],"campfire_rested":0,"item_purchase_floors":[8,13],"current_hp_per_floor":[64,43,36,59,58,18,35,35,35,35,24,24,24,31,31,0],"gold":25,"neow_bonus":"RANDOM_COLORLESS","is_prod":false,"is_daily":false,"chose_seed":false,"campfire_upgraded":3,"win_rate":0,"timestamp":1548200467,"path_taken":["M","?","M","?","M","E","?","$","T","R","E","R","?","M","R","BOSS"],"build_version":"2019-01-20","purchased_purges":1,"victory":false,"max_hp_per_floor":[71,71,71,71,71,71,71,71,71,71,71,71,71,71,71,71],"card_choices":[{"not_picked":["Steam","Go for the Eyes"],"picked":"Glacier","floor":1},{"not_picked":["Reinforced Body","Steam"],"picked":"Go for the Eyes","floor":3},{"not_picked":["Reprogram","Redo","Leap"],"picked":"SKIP","floor":5},{"not_picked":["Rebound","Leap"],"picked":"Gash","floor":6},{"not_picked":["Meteor Strike","Go for the Eyes"],"picked":"Cold Snap","floor":11},{"not_picked":["Hello World","Beam Cell"],"picked":"Consume","floor":14}],"player_experience":490820,"relics_obtained":[{"floor":6,"key":"Bronze Scales"},{"floor":9,"key":"Lantern"},{"floor":11,"key":"Gambling Chip"}],"event_choices":[{"damage_healed":0,"gold_gain":0,"player_choice":"Entered Light","damage_taken":21,"max_hp_gain":0,"max_hp_loss":0,"event_name":"Shining Light","floor":2,"gold_loss":0,"cards_upgraded":["Zap","Strike_B"]},{"damage_healed":23,"gold_gain":0,"player_choice":"Banana","damage_taken":0,"max_hp_gain":0,"max_hp_loss":0,"event_name":"Big Fish","floor":4,"gold_loss":0},{"damage_healed":17,"gold_gain":0,"player_choice":"Healed","damage_taken":0,"max_hp_gain":0,"max_hp_loss":0,"event_name":"The Cleric","floor":7,"gold_loss":35}],"is_beta":true,"boss_relics":[],"items_purged_floors":[8],"is_endless":false,"potions_floor_spawned":[1,5,6],"killed_by":"Hexaghost","ascension_level":20}