{"gold_per_floor":[110,126,145,145,165,200,200,212,262,262,283,296,296,396,396,396],"floor_reached":16,"playtime":620,"items_purged":[],"score":102,"play_id":"ecb44b16-d277-4ab5-b23a-6c6b73d032fb","local_time":"20180911012148","is_ascension_mode":false,"campfire_choices":[{"data":"Perfected Strike","floor":7,"key":"SMITH"},{"data":"Pommel Strike","floor":13,"key":"SMITH"},{"data":"Clash","floor":15,"key":"SMITH"}],"neow_cost":"NONE","seed_source_timestamp":359361772296181,"circlet_count":0,"master_deck":["Strike_R","Strike_R","Strike_R","Strike_R","Strike_R","Defend_R","Defend_R","Defend_R","Defend_R","Bash","Perfected Strike+1","Twin Strike","Pommel Strike+1","Clash+1","Cleave"],"relics":["Burning Blood","NeowsBlessing","Charon\u0027s Ashes","Dream Catcher","Odd Mushroom"],"potions_floor_usage":[5,6,11],"damage_taken":[{"damage":0,"enemies":"Jaw Worm","floor":1,"turns":1},{"damage":0,"enemies":"Cultist","floor":2,"turns":1},{"damage":0,"enemies":"Small Slimes","floor":3,"turns":1},{"damage":7,"enemies":"Blue Slaver","floor":5,"turns":3},{"damage":27,"enemies":"3 Sentries","floor":6,"turns":6},{"damage":7,"enemies":"3 Louse","floor":8,"turns":3},{"damage":0,"enemies":"The Mushroom Lair","floor":11,"turns":3},{"damage":11,"enemies":"Lots of Slimes","floor":12,"turns":5},{"damage":44,"enemies":"The Guardian","floor":16,"turns":8}],"seed_played":"6576559297488733108","potions_obtained":[{"floor":1,"key":"Energy Potion"},{"floor":3,"key":"Block Potion"},{"floor":8,"key":"Ancient Potion"}],"is_trial":false,"path_per_floor":["M","M","M","?","M","E","R","M","T","?","?","M","R","?","R"],"character_chosen":"IRONCLAD","items_purchased":[],"campfire_rested":0,"item_purchase_floors":[],"current_hp_per_floor":[80,80,80,80,79,58,58,57,57,57,63,58,58,58,58,14],"gold":396,"neow_bonus":"THREE_ENEMY_KILL","is_prod":false,"is_daily":false,"chose_seed":false,"campfire_upgraded":3,"win_rate":0,"timestamp":1536643308,"path_taken":["M","M","M","?","M","E","R","M","T","?","?","?","R","?","R","BOSS"],"build_version":"2018-09-06","purchased_purges":0,"victory":false,"max_hp_per_floor":[80,80,80,80,80,80,80,80,80,80,80,80,80,80,80,80],"card_choices":[{"not_picked":["Second Wind","Armaments"],"picked":"Perfected Strike","floor":1},{"not_picked":["Clothesline","Anger"],"picked":"Twin Strike","floor":2},{"not_picked":["Flame Barrier","Feed","Armaments"],"picked":"SKIP","floor":3},{"not_picked":["Spot Weakness","Iron Wave"],"picked":"Clash","floor":5},{"not_picked":["Iron Wave","Ghostly Armor","Battle Trance"],"picked":"SKIP","floor":6},{"not_picked":["Body Slam","Blood for Blood","Anger"],"picked":"SKIP","floor":8},{"not_picked":["Headbutt","Juggernaut"],"picked":"Cleave","floor":12}],"player_experience":83082,"relics_obtained":[{"floor":6,"key":"Charon\u0027s Ashes"},{"floor":9,"key":"Dream Catcher"},{"floor":11,"key":"Odd Mushroom"}],"event_choices":[{"event_name":"Match and Keep!","player_choice":"1 cards matched","floor":4,"damage_taken":0},{"event_name":"Dead Adventurer","player_choice":"Searched \u00270\u0027 times","floor":10,"damage_taken":0},{"event_name":"Mushrooms","player_choice":"Fought Mushrooms","floor":11,"damage_taken":0},{"event_name":"Golden Shrine","player_choice":"Pray","floor":14,"damage_taken":0}],"is_beta":false,"boss_relics":[],"items_purged_floors":[],"is_endless":false,"potions_floor_spawned":[1,3,8],"killed_by":"The Guardian","ascension_level":0}