{"gold_per_floor":[118,118,68,28,47,75,90,106,106,106,24,24,51,68,68,164,164,178,190,24,37,57,57,88,104,152,152,152,178,178,103,103,203,203,218,267,285,37,37,71,71,90,116,132,61,81,81,107,107,107,107,107,39,65,65],"floor_reached":55,"playtime":2928,"items_purged":["Strike_B","Strike_B+1"],"score":750,"play_id":"c8039528-0cb1-4465-b2b7-7ecb35f8d60c","local_time":"20190207043646","is_ascension_mode":false,"campfire_choices":[{"data":"Heatsinks","floor":10,"key":"SMITH"},{"data":"Hologram","floor":12,"key":"SMITH"},{"data":"Dualcast","floor":15,"key":"SMITH"},{"data":"Beam Cell","floor":23,"key":"SMITH"},{"floor":28,"key":"REST"},{"data":"Chaos","floor":30,"key":"SMITH"},{"floor":32,"key":"REST"},{"data":"Coolheaded","floor":41,"key":"SMITH"},{"floor":47,"key":"RECALL"},{"floor":49,"key":"REST"},{"data":"Coolheaded","floor":52,"key":"SMITH"}],"neow_cost":"NONE","seed_source_timestamp":64828123774100,"circlet_count":0,"master_deck":["Defend_B+1","Defend_B+1","Defend_B+1","Defend_B+1","Zap+1","Dualcast+1","Coolheaded+1","Heatsinks+1","Machine Learning+1","Doom and Gloom","Hologram+1","Defragment+1","All For One","Coolheaded+1","Machine Learning+1","Leap","Gash","Capacitor+1","Beam Cell+1","BootSequence","Chaos+1","Electrodynamics+1","FTL","Glacier","Heatsinks+1","Defragment+1","Gash+1","Leap+1","Capacitor+1","Capacitor+1","Coolheaded","Recycle"],"relics":["Cracked Core","Frozen Egg 2","Bottled Tornado","Anchor","Busted Crown","Darkstone Periapt","DataDisk","Matryoshka","Black Star","Ice Cream","Symbiotic Virus","Pear","Blood Vial","Singing Bowl","Vajra","Bag of Marbles","Dodecahedron"],"potions_floor_usage":[16,16,24,25,54],"damage_taken":[{"damage":1,"enemies":"Jaw Worm","floor":1,"turns":4},{"damage":0,"enemies":"Small Slimes","floor":5,"turns":4},{"damage":18,"enemies":"Lagavulin","floor":6,"turns":10},{"damage":0,"enemies":"Cultist","floor":7,"turns":4},{"damage":3,"enemies":"2 Fungi Beasts","floor":8,"turns":3},{"damage":27,"enemies":"3 Sentries","floor":13,"turns":6},{"damage":0,"enemies":"Blue Slaver","floor":14,"turns":4},{"damage":8,"enemies":"Hexaghost","floor":16,"turns":9},{"damage":13,"enemies":"3 Byrds","floor":18,"turns":3},{"damage":5,"enemies":"Spheric Guardian","floor":19,"turns":3},{"damage":6,"enemies":"Chosen and Byrds","floor":21,"turns":5},{"damage":24,"enemies":"Sentry and Sphere","floor":22,"turns":4},{"damage":19,"enemies":"Slavers","floor":24,"turns":5},{"damage":3,"enemies":"Centurion and Healer","floor":25,"turns":5},{"damage":7,"enemies":"Book of Stabbing","floor":29,"turns":6},{"damage":26,"enemies":"Collector","floor":33,"turns":7},{"damage":0,"enemies":"3 Shapes","floor":35,"turns":4},{"damage":27,"enemies":"2 Orb Walkers","floor":36,"turns":3},{"damage":1,"enemies":"Orb Walker","floor":37,"turns":4},{"damage":32,"enemies":"Reptomancer","floor":40,"turns":8},{"damage":0,"enemies":"Maw","floor":42,"turns":5},{"damage":0,"enemies":"Spire Growth","floor":44,"turns":4},{"damage":6,"enemies":"3 Darklings","floor":46,"turns":5},{"damage":13,"enemies":"Giant Head","floor":48,"turns":6},{"damage":19,"enemies":"Time Eater","floor":50,"turns":10},{"damage":59,"enemies":"Shield and Spear","floor":54,"turns":6},{"damage":46,"enemies":"The Heart","floor":55,"turns":3}],"seed_played":"-7676527410810911764","potions_obtained":[{"floor":4,"key":"Poison Potion"},{"floor":4,"key":"SpeedPotion"},{"floor":4,"key":"SpeedPotion"},{"floor":8,"key":"EssenceOfSteel"},{"floor":14,"key":"Fire Potion"},{"floor":21,"key":"FearPotion"},{"floor":24,"key":"Swift Potion"},{"floor":25,"key":"GamblersBrew"},{"floor":29,"key":"Weak Potion"}],"is_trial":false,"path_per_floor":["M","?","?","?","M","E","M","M","T","R","$","R","E","M","R","B",null,"M","M","$","M","M","R","E","M","T","?","R","E","R","?","R","B",null,"M","?","M","$","?","E","R","M","T","M","$","M","R","E","R","B",null,"R","$","E","B"],"character_chosen":"DEFECT","items_purchased":["Defragment+1","Gash","Capacitor+1","Glacier","Heatsinks+1","Capacitor+1","Recycle"],"campfire_rested":3,"item_purchase_floors":[11,20,20,38,38,45,53],"current_hp_per_floor":[81,81,81,81,81,63,63,60,60,60,60,60,33,33,33,25,82,69,64,64,58,34,34,15,12,12,12,36,29,29,29,53,27,82,82,55,54,54,54,32,32,32,32,34,34,30,30,21,49,32,94,94,94,37,0],"gold":65,"neow_bonus":"TEN_PERCENT_HP_BONUS","is_prod":false,"is_daily":false,"chose_seed":false,"campfire_upgraded":7,"win_rate":0,"timestamp":1549543006,"path_taken":["M","?","?","?","M","E","?","M","T","R","$","R","E","M","R","BOSS","M","M","$","M","M","R","E","M","T","?","R","E","R","?","R","BOSS","M","?","M","$","?","E","R","M","T","?","?","M","R","E","R","BOSS","R","$","E","BOSS"],"build_version":"2019-01-23","purchased_purges":2,"victory":false,"max_hp_per_floor":[82,82,82,82,82,82,82,82,82,82,82,82,82,82,82,82,82,82,82,82,82,82,82,82,82,82,82,82,82,82,82,82,82,82,82,82,82,82,82,92,92,92,92,92,92,92,92,94,94,94,94,94,94,96,96],"card_choices":[{"not_picked":["Gash","Barrage"],"picked":"Coolheaded","floor":1},{"not_picked":["Stack","Ball Lightning"],"picked":"Heatsinks","floor":5},{"not_picked":["Amplify","Leap"],"picked":"Machine Learning","floor":6},{"not_picked":["Leap","Gash"],"picked":"Doom and Gloom","floor":7},{"not_picked":["Steam Power","Steam"],"picked":"Hologram","floor":8},{"not_picked":["Scrape","Stack"],"picked":"All For One","floor":13},{"not_picked":["Rip and Tear","Stack"],"picked":"Coolheaded","floor":14},{"not_picked":["Fission","Core Surge"],"picked":"Machine Learning+1","floor":16},{"not_picked":["Steam Power"],"picked":"SKIP","floor":18},{"not_picked":[],"picked":"Leap","floor":19},{"not_picked":["Turbo"],"picked":"SKIP","floor":21},{"not_picked":[],"picked":"Beam Cell","floor":22},{"not_picked":["Lockon"],"picked":"SKIP","floor":24},{"not_picked":[],"picked":"BootSequence","floor":25},{"not_picked":[],"picked":"Chaos","floor":29},{"not_picked":[],"picked":"Electrodynamics+1","floor":33},{"not_picked":[],"picked":"FTL","floor":35},{"not_picked":["Auto Shields"],"picked":"SKIP","floor":37},{"not_picked":[],"picked":"Gash+1","floor":40},{"not_picked":[],"picked":"Leap+1","floor":42},{"not_picked":[],"picked":"Capacitor+1","floor":44},{"not_picked":[],"picked":"Coolheaded","floor":46},{"not_picked":["Stack"],"picked":"Singing Bowl","floor":48},{"not_picked":["BootSequence"],"picked":"Singing Bowl","floor":54}],"player_experience":651193,"relics_obtained":[{"floor":6,"key":"Frozen Egg 2"},{"floor":9,"key":"Bottled Tornado"},{"floor":13,"key":"Anchor"},{"floor":24,"key":"Darkstone Periapt"},{"floor":26,"key":"DataDisk"},{"floor":29,"key":"Matryoshka"},{"floor":36,"key":"Ice Cream"},{"floor":40,"key":"Symbiotic Virus"},{"floor":40,"key":"Pear"},{"floor":43,"key":"Blood Vial"},{"floor":48,"key":"Singing Bowl"},{"floor":48,"key":"Vajra"},{"floor":54,"key":"Bag of Marbles"},{"floor":54,"key":"Dodecahedron"}],"event_choices":[{"damage_healed":0,"gold_gain":0,"player_choice":"Grow","damage_taken":0,"max_hp_gain":0,"max_hp_loss":0,"event_name":"Living Wall","floor":2,"gold_loss":0,"cards_upgraded":["Zap"]},{"cards_removed":["Strike_B"],"damage_healed":0,"gold_gain":0,"player_choice":"Card Removal","damage_taken":0,"max_hp_gain":0,"max_hp_loss":0,"event_name":"The Cleric","floor":3,"gold_loss":50},{"damage_healed":0,"gold_gain":0,"player_choice":"Bought 3 Potions","damage_taken":0,"max_hp_gain":0,"max_hp_loss":0,"event_name":"The Woman in Blue","floor":4,"gold_loss":0},{"damage_healed":0,"gold_gain":0,"player_choice":"Simplicity","damage_taken":0,"max_hp_gain":0,"max_hp_loss":0,"event_name":"Back to Basics","floor":27,"gold_loss":0,"cards_upgraded":["Strike_B","Strike_B","Defend_B","Defend_B","Defend_B","Defend_B"]},{"cards_removed":["Strike_B"],"damage_healed":0,"gold_gain":0,"player_choice":"Gave Gold","damage_taken":0,"max_hp_gain":0,"max_hp_loss":0,"event_name":"Beggar","floor":31,"gold_loss":75},{"damage_healed":0,"gold_gain":0,"player_choice":"Fight","damage_taken":0,"max_hp_gain":0,"max_hp_loss":0,"event_name":"Mysterious Sphere","floor":36,"gold_loss":0},{"damage_healed":0,"gold_gain":0,"player_choice":"Copied","damage_taken":0,"max_hp_gain":0,"max_hp_loss":0,"event_name":"Duplicator","floor":39,"gold_loss":0,"cards_obtained":["Defragment"]}],"is_beta":false,"boss_relics":[{"not_picked":["Lizard Tail","Pandora\u0027s Box"],"picked":"Busted Crown"},{"not_picked":["Fusion Hammer","Inserter"],"picked":"Black Star"}],"items_purged_floors":[20,38],"is_endless":false,"potions_floor_spawned":[7,8,14,21,24,25,29,33,35,42,48],"killed_by":"The Heart","ascension_level":0}