{"gold_per_floor":[117,127,127,147,165,165,177,205,205,240,240],"floor_reached":11,"playtime":596,"items_purged":[],"score":98,"play_id":"f51b9fc2-98b9-4bf9-9d74-8f2794be35ea","local_time":"20190205182903","is_ascension_mode":true,"campfire_choices":[{"data":"Neutralize","floor":6,"key":"SMITH"}],"neow_cost":"NONE","seed_source_timestamp":330839180632409,"circlet_count":0,"master_deck":["Defend_G","Defend_G","Defend_G","Defend_G","Defend_G","Strike_G","Strike_G","Strike_G","Strike_G","Strike_G","Survivor","Neutralize+1","Slice","Deflect","Pain","PiercingWail","Slice","Deflect"],"relics":["Ring of the Snake","WarpedTongs","Anchor","Mercury Hourglass","Lantern"],"potions_floor_usage":[8,8],"damage_taken":[{"damage":1,"enemies":"Jaw Worm","floor":1,"turns":6},{"damage":1,"enemies":"Cultist","floor":2,"turns":5},{"damage":3,"enemies":"2 Louse","floor":4,"turns":4},{"damage":6,"enemies":"Large Slime","floor":5,"turns":6},{"damage":7,"enemies":"Blue Slaver","floor":7,"turns":9},{"damage":40,"enemies":"Gremlin Nob","floor":8,"turns":6},{"damage":17,"enemies":"3 Sentries","floor":10,"turns":6},{"damage":7,"enemies":"2 Fungi Beasts","floor":11,"turns":3}],"seed_played":"5046865584380055509","potions_obtained":[{"floor":2,"key":"GamblersBrew"},{"floor":4,"key":"Ancient Potion"},{"floor":10,"key":"Poison Potion"}],"is_trial":false,"path_per_floor":["M","M","?","M","M","R","M","E","T","E","M"],"character_chosen":"THE_SILENT","items_purchased":[],"campfire_rested":0,"item_purchase_floors":[],"current_hp_per_floor":[76,75,75,72,66,66,59,19,19,2,0],"gold":240,"neow_bonus":"TEN_PERCENT_HP_BONUS","is_prod":false,"is_daily":false,"chose_seed":false,"campfire_upgraded":1,"win_rate":0,"timestamp":1549380543,"path_taken":["M","M","?","?","M","R","M","E","T","E","M"],"build_version":"2019-01-23","purchased_purges":0,"victory":false,"max_hp_per_floor":[77,77,77,77,77,77,77,77,77,77,77],"card_choices":[{"not_picked":["Bane","Outmaneuver"],"picked":"Slice","floor":1},{"not_picked":["Poisoned Stab","Choke"],"picked":"Deflect","floor":2},{"not_picked":["Dagger Throw","Acrobatics"],"picked":"PiercingWail","floor":4},{"not_picked":["Endless Agony","Expertise","Finisher"],"picked":"SKIP","floor":5},{"not_picked":["Sucker Punch","Flying Knee"],"picked":"Slice","floor":7},{"not_picked":["Dagger Throw","Eviscerate"],"picked":"Deflect","floor":8},{"not_picked":["Deadly Poison","Endless Agony","Reflex"],"picked":"SKIP","floor":10}],"player_experience":250012,"relics_obtained":[{"floor":8,"key":"Anchor"},{"floor":9,"key":"Mercury Hourglass"},{"floor":10,"key":"Lantern"}],"event_choices":[{"damage_healed":0,"gold_gain":0,"player_choice":"Rummage","damage_taken":0,"relics_obtained":["WarpedTongs"],"max_hp_gain":0,"max_hp_loss":0,"event_name":"Accursed Blacksmith","floor":3,"gold_loss":0,"cards_obtained":["Pain"]}],"is_beta":false,"boss_relics":[],"items_purged_floors":[],"is_endless":false,"potions_floor_spawned":[2,4,10],"killed_by":"2 Fungi Beasts","ascension_level":3}