{"gold_per_floor":[119,119],"floor_reached":2,"playtime":115,"items_purged":[],"score":37,"play_id":"83242fd5-69fe-44b1-a656-94fc5f75e333","local_time":"20180913021252","daily_mods":["Draft"],"is_ascension_mode":false,"campfire_choices":[],"neow_cost":"","seed_source_timestamp":0,"circlet_count":0,"master_deck":["Clash","Anger","Anger","Twin Strike","Spot Weakness","Armaments","Warcry","Warcry","Iron Wave","Warcry","Flex","Clash","Iron Wave","Heavy Blade","Spot Weakness","Warcry"],"relics":["Unceasing Top"],"potions_floor_usage":[],"damage_taken":[{"damage":0,"enemies":"Cultist","floor":1,"turns":2},{"damage":0,"enemies":"Jaw Worm","floor":2,"turns":1}],"seed_played":"455895995083969421","potions_obtained":[{"floor":1,"key":"FairyPotion"}],"is_trial":true,"path_per_floor":["M"],"character_chosen":"IRONCLAD","items_purchased":[],"campfire_rested":0,"item_purchase_floors":[],"current_hp_per_floor":[80,80],"gold":119,"neow_bonus":"","is_prod":false,"is_daily":false,"chose_seed":false,"campfire_upgraded":0,"win_rate":0,"timestamp":1536819172,"path_taken":["M","M"],"build_version":"2018-09-06","purchased_purges":0,"victory":false,"max_hp_per_floor":[80,80],"card_choices":[{"not_picked":["Rampage","Anger"],"picked":"Clash","floor":0},{"not_picked":["Body Slam","Reckless Charge"],"picked":"Anger","floor":0},{"not_picked":["Pommel Strike","Entrench"],"picked":"Anger","floor":0},{"not_picked":["Clothesline","Thunderclap"],"picked":"Twin Strike","floor":0},{"not_picked":["Sword Boomerang","Corruption"],"picked":"Spot Weakness","floor":0},{"not_picked":["Perfected Strike","Pommel Strike"],"picked":"Armaments","floor":0},{"not_picked":["Perfected Strike","Entrench"],"picked":"Warcry","floor":0},{"not_picked":["Sword Boomerang","Hemokinesis"],"picked":"Warcry","floor":0},{"not_picked":["Feel No Pain","Clothesline"],"picked":"Iron Wave","floor":0},{"not_picked":["Rupture","Clothesline"],"picked":"Warcry","floor":0},{"not_picked":["Headbutt","Dual Wield"],"picked":"Flex","floor":0},{"not_picked":["Spot Weakness","Headbutt"],"picked":"Clash","floor":0},{"not_picked":["Power Through","Dropkick"],"picked":"Iron Wave","floor":0},{"not_picked":["Second Wind","True Grit"],"picked":"Heavy Blade","floor":0},{"not_picked":["Inflame","Flame Barrier"],"picked":"Spot Weakness","floor":0},{"not_picked":["Sword Boomerang","Burning Pact"],"picked":"Warcry","floor":1}],"player_experience":126502,"relics_obtained":[],"event_choices":[],"is_beta":false,"boss_relics":[],"items_purged_floors":[],"is_endless":false,"potions_floor_spawned":[1],"killed_by":"Jaw Worm","ascension_level":0}