{"gold_per_floor":[110,110,110,110,124,124,462,462,462,485,526,550,571,279,279,400,400,421,246,266,33,47,70,70,110,110,123,158,158,179,212,212,343,343,362,362,141,141,162,205,205,218,218,261,261,304,327,134,134,134,134,134,49,90,90],"floor_reached":56,"playtime":4513,"items_purged":["Strike_G","Masterful Stab","Flechettes"],"score":1679,"play_id":"c44cc031-7141-4c01-8818-ea5e5429208a","local_time":"20190202153652","is_ascension_mode":true,"campfire_choices":[{"data":"Endless Agony","floor":6.0,"key":"SMITH"},{"data":"Backstab","floor":8.0,"key":"SMITH"},{"data":"Backflip","floor":15.0,"key":"SMITH"},{"data":"Adrenaline","floor":24.0,"key":"SMITH"},{"floor":29.0,"key":"REST"},{"floor":32.0,"key":"REST"},{"data":"Blur","floor":41.0,"key":"SMITH"},{"data":"Blur","floor":45.0,"key":"SMITH"},{"floor":49.0,"key":"RECALL"},{"data":"Catalyst","floor":52.0,"key":"SMITH"}],"neow_cost":"NONE","seed_source_timestamp":813432746566719,"circlet_count":0,"master_deck":["Survivor","Neutralize+1","Endless Agony+1","Backstab+1","Well Laid Plans+1","Dash","Quick Slash","Flash of Steel","Backflip+1","Noxious Fumes+1","After Image+1","Deadly Poison","Blur+1","Catalyst+1","Deadly Poison","Flying Knee","Envenom+1","Dodge and Roll","Dash+1","Concentrate","Acrobatics","Caltrops+1","Adrenaline+1","Bouncing Flask","Predator+1","Quick Slash+1","Envenom+1","Flash of Steel","Neutralize","Blind","Noxious Fumes+1","Blur+1","Poisoned Stab+1","Leg Sweep+1","Distraction+1","Catalyst+1","Good Instincts","Backflip+1"],"special_seed":0,"relics":["Ring of the Snake","Golden Idol","Old Coin","Frozen Egg 2","Gremlin Horn","Pandora\u0027s Box","Snake Skull","Blood Vial","Dodecahedron","Red Mask","Coffee Dripper","Bag of Marbles","Letter Opener","Pantograph","Dead Branch","OrangePellets","Strawberry"],"potions_floor_usage":[55,55,55],"damage_taken":[{"damage":1.0,"enemies":"2 Louse","floor":1.0,"turns":5.0},{"damage":1.0,"enemies":"Small Slimes","floor":5.0,"turns":4.0},{"damage":11.0,"enemies":"Lagavulin","floor":7.0,"turns":9.0},{"damage":0.0,"enemies":"Jaw Worm","floor":10.0,"turns":2.0},{"damage":17.0,"enemies":"Gremlin Nob","floor":11.0,"turns":5.0},{"damage":0.0,"enemies":"Lots of Slimes","floor":12.0,"turns":1.0},{"damage":0.0,"enemies":"3 Louse","floor":13.0,"turns":1.0},{"damage":7.0,"enemies":"Hexaghost","floor":16.0,"turns":9.0},{"damage":13.0,"enemies":"2 Thieves","floor":18.0,"turns":4.0},{"damage":2.0,"enemies":"3 Byrds","floor":20.0,"turns":5.0},{"damage":2.0,"enemies":"Snecko","floor":22.0,"turns":4.0},{"damage":8.0,"enemies":"Sentry and Sphere","floor":23.0,"turns":5.0},{"damage":8.0,"enemies":"Book of Stabbing","floor":25.0,"turns":5.0},{"damage":0.0,"enemies":"Chosen and Byrds","floor":27.0,"turns":3.0},{"damage":12.0,"enemies":"Gremlin Leader","floor":28.0,"turns":4.0},{"damage":18.0,"enemies":"Snake Plant","floor":30.0,"turns":3.0},{"damage":12.0,"enemies":"Masked Bandits","floor":31.0,"turns":3.0},{"damage":17.0,"enemies":"Automaton","floor":33.0,"turns":7.0},{"damage":0.0,"enemies":"3 Darklings","floor":35.0,"turns":5.0},{"damage":0.0,"enemies":"3 Shapes","floor":39.0,"turns":5.0},{"damage":12.0,"enemies":"Giant Head","floor":40.0,"turns":7.0},{"damage":2.0,"enemies":"3 Darklings","floor":42.0,"turns":5.0},{"damage":17.0,"enemies":"Reptomancer","floor":44.0,"turns":5.0},{"damage":24.0,"enemies":"Giant Head","floor":46.0,"turns":7.0},{"damage":0.0,"enemies":"Jaw Worm Horde","floor":47.0,"turns":4.0},{"damage":24.0,"enemies":"Awakened One","floor":50.0,"turns":9.0},{"damage":30,"enemies":"Shield and Spear","floor":54,"turns":5},{"damage":41,"enemies":"The Heart","floor":55,"turns":8}],"seed_played":"4469237115512688063","potions_obtained":[{"floor":7.0,"key":"Weak Potion"},{"floor":11.0,"key":"Poison Potion"},{"floor":16.0,"key":"Explosive Potion"},{"floor":23.0,"key":"FearPotion"},{"floor":25.0,"key":"Strength Potion"},{"floor":30.0,"key":"Dexterity Potion"},{"floor":33.0,"key":"Weak Potion"},{"floor":39.0,"key":"LiquidBronze"},{"floor":44.0,"key":"Swift Potion"},{"floor":54,"key":"AttackPotion"}],"is_trial":false,"path_per_floor":["M","?","?","?","M","R","E","R","T","M","E","M","M","$","R","B",null,"M","$","M","$","M","M","R","E","T","M","E","R","M","?","R","B",null,"M","?","$","?","M","E","R","M","T","E","R","E","M","$","R","B",null,"R","$","E","B",null],"character_chosen":"THE_SILENT","items_purchased":["Flash of Steel","Backflip","Noxious Fumes+1","Concentrate","Snake Skull","Caltrops+1","Flash of Steel","OrangePellets","Good Instincts"],"campfire_rested":2,"item_purchase_floors":[14,14,14,19,21,21,37,48,53],"current_hp_per_floor":[62,62,55,55,54,54,43,43,43,43,26,26,26,26,26,19,54,41,41,39,39,37,29,29,21,21,23,13,32,16,6,25,10,51,53,53,53,53,55,45,45,45,45,30,30,8,10,10,10,13,52,52,52,31,17],"gold":90,"neow_bonus":"UPGRADE_CARD","is_prod":false,"is_daily":false,"chose_seed":false,"campfire_upgraded":7,"win_rate":0,"timestamp":1549139812,"path_taken":["M","?","?","?","M","R","E","R","T","M","E","M","?","$","R","BOSS","M","?","M","$","M","M","R","E","T","M","E","R","M","?","R","BOSS","M","?","$","?","M","E","R","M","T","E","R","E","?","$","R","BOSS","R","$","E","BOSS"],"build_version":"2019-01-23","purchased_purges":3,"victory":true,"max_hp_per_floor":[70,65,65,65,65,65,65,65,65,65,65,65,65,65,65,65,65,65,65,65,65,65,65,65,65,65,65,65,65,65,65,65,65,65,65,65,65,65,65,65,65,65,65,65,65,65,65,65,65,65,65,65,65,72,72],"card_choices":[{"not_picked":["Deflect","Bane"],"picked":"Endless Agony","floor":1.0},{"not_picked":["Bane","Acrobatics"],"picked":"Backstab","floor":5.0},{"not_picked":["Dodge and Roll","Phantasmal Killer","Dagger Spray"],"picked":"SKIP","floor":7.0},{"not_picked":["Setup","Dagger Throw"],"picked":"Well Laid Plans+1","floor":10.0},{"not_picked":["Expertise","Underhanded Strike"],"picked":"Flechettes","floor":11.0},{"not_picked":["Dagger Throw","Underhanded Strike"],"picked":"Dash","floor":12.0},{"not_picked":["Deadly Poison","Prepared"],"picked":"Quick Slash","floor":13.0},{"not_picked":["Venomology","Storm of Steel"],"picked":"After Image+1","floor":16.0},{"not_picked":["Deadly Poison","Blade Dance"],"picked":"Dash+1","floor":18.0},{"not_picked":["Well Laid Plans+1","Quick Slash"],"picked":"Acrobatics","floor":20.0},{"not_picked":["Slice+1","Blur"],"picked":"Adrenaline","floor":22.0},{"not_picked":["Distraction","Accuracy+1"],"picked":"Bouncing Flask","floor":23.0},{"not_picked":["Flying Knee","Bane","Predator"],"picked":"SKIP","floor":25.0},{"not_picked":["Heel Hook","Skewer"],"picked":"Predator+1","floor":27.0},{"not_picked":["Eviscerate","Predator","Crippling Poison"],"picked":"SKIP","floor":28.0},{"not_picked":["Eviscerate","Quick Slash"],"picked":"Blade Dance+1","floor":30.0},{"not_picked":["Endless Agony","A Thousand Cuts+1"],"picked":"Quick Slash+1","floor":31.0},{"not_picked":["Storm of Steel","Phantasmal Killer"],"picked":"Envenom+1","floor":33.0},{"not_picked":["Deadly Poison","Bane+1","Outmaneuver"],"picked":"SKIP","floor":35.0},{"not_picked":["Dagger Throw","Distraction"],"picked":"Noxious Fumes+1","floor":39.0},{"not_picked":["Accuracy+1","Dagger Throw+1"],"picked":"Blur","floor":40.0},{"not_picked":["Acrobatics","Quick Slash"],"picked":"Poisoned Stab+1","floor":42.0},{"not_picked":["Envenom+1","Tactician"],"picked":"Leg Sweep+1","floor":44.0},{"not_picked":["Dagger Throw+1","Expertise"],"picked":"Distraction+1","floor":46.0},{"not_picked":["Sucker Punch","Poisoned Stab+1"],"picked":"Catalyst+1","floor":47.0},{"not_picked":["Quick Slash+1","Acrobatics+1"],"picked":"Backflip+1","floor":54}],"player_experience":299847,"relics_obtained":[{"floor":7.0,"key":"Old Coin"},{"floor":9.0,"key":"Frozen Egg 2"},{"floor":11.0,"key":"Gremlin Horn"},{"floor":25.0,"key":"Blood Vial"},{"floor":28.0,"key":"Dodecahedron"},{"floor":31.0,"key":"Red Mask"},{"floor":40.0,"key":"Bag of Marbles"},{"floor":43.0,"key":"Letter Opener"},{"floor":44.0,"key":"Pantograph"},{"floor":46.0,"key":"Dead Branch"},{"floor":54,"key":"Strawberry"}],"event_choices":[{"damage_healed":0.0,"max_hp_gain":0.0,"max_hp_loss":5.0,"gold_gain":0.0,"event_name":"Golden Idol","player_choice":"Lose Max HP","floor":2.0,"gold_loss":0.0,"damage_taken":0.0,"relics_obtained":["Golden Idol"]},{"cards_removed":["Strike_G"],"damage_healed":0.0,"max_hp_gain":0.0,"max_hp_loss":0.0,"gold_gain":0.0,"event_name":"Golden Wing","player_choice":"Card Removal","floor":3.0,"gold_loss":0.0,"damage_taken":7.0},{"damage_healed":0.0,"max_hp_gain":0.0,"max_hp_loss":0.0,"gold_gain":0.0,"cards_transformed":["Strike_G"],"event_name":"Living Wall","player_choice":"Change","floor":4.0,"gold_loss":0.0,"damage_taken":0.0,"cards_obtained":["Masterful Stab"]},{"damage_healed":0.0,"max_hp_gain":0.0,"max_hp_loss":0.0,"gold_gain":0.0,"event_name":"Masked Bandits","player_choice":"Fought Bandits","floor":31.0,"gold_loss":0.0,"damage_taken":0.0},{"cards_removed":["Blade Dance"],"damage_healed":0.0,"max_hp_gain":0.0,"max_hp_loss":0.0,"gold_gain":0.0,"event_name":"Falling","player_choice":"Removed Skill","floor":36.0,"gold_loss":0.0,"damage_taken":0.0},{"damage_healed":0.0,"max_hp_gain":0.0,"max_hp_loss":0.0,"gold_gain":0.0,"event_name":"Match and Keep!","player_choice":"2 cards matched","floor":38.0,"gold_loss":0.0,"damage_taken":0.0,"cards_obtained":["Neutralize","Blind"]}],"is_beta":false,"boss_relics":[{"not_picked":["HoveringKite","Astrolabe"],"picked":"Pandora\u0027s Box"},{"not_picked":["Runic Dome","Orrery"],"picked":"Coffee Dripper"}],"items_purged_floors":[14,19,37],"is_endless":false,"potions_floor_spawned":[7,11,16,23,25,30,33,39,42,44,54],"ascension_level":8}