{"gold_per_floor":[368,43,43,58,73,73,73,98,98,118,118,118],"floor_reached":12,"playtime":366,"items_purged":["Pain"],"score":148,"play_id":"f937ca82-ed27-4289-8178-ce36f3a5a8f0","local_time":"20190119214406","is_ascension_mode":true,"campfire_choices":[{"data":"Genetic Algorithm","floor":6,"key":"SMITH"}],"neow_cost":"CURSE","seed_source_timestamp":797205982608300,"circlet_count":0,"master_deck":["AscendersBane","Strike_B","Strike_B","Strike_B","Strike_B","Defend_B","Defend_B","Defend_B","Defend_B","Zap","Dualcast","Darkness","Storm","Cold Snap","Genetic Algorithm+1","Sweeping Beam","Undo"],"relics":["Cracked Core","Sling","Gremlin Horn","Anchor","Lantern"],"potions_floor_usage":[8],"damage_taken":[{"damage":8,"enemies":"Small Slimes","floor":1,"turns":3},{"damage":0,"enemies":"Cultist","floor":4,"turns":3},{"damage":10,"enemies":"2 Louse","floor":5,"turns":2},{"damage":51,"enemies":"3 Sentries","floor":8,"turns":9},{"damage":8,"enemies":"Blue Slaver","floor":10,"turns":3},{"damage":3,"enemies":"Lots of Slimes","floor":12,"turns":1}],"seed_played":"-1399763777411101779","potions_obtained":[{"floor":5,"key":"PowerPotion"}],"is_trial":false,"path_per_floor":["M","$","?","M","M","R","?","E","T","M","T","M"],"character_chosen":"DEFECT","items_purchased":["Sling","Storm"],"campfire_rested":0,"item_purchase_floors":[2,2],"current_hp_per_floor":[56,56,71,71,61,61,61,10,10,2,2,0],"gold":118,"neow_bonus":"TWO_FIFTY_GOLD","is_prod":false,"is_daily":false,"chose_seed":false,"campfire_upgraded":1,"win_rate":0,"timestamp":1547963046,"path_taken":["M","$","?","?","?","R","?","E","T","M","?","M"],"build_version":"2019-01-17v2","purchased_purges":1,"victory":false,"max_hp_per_floor":[71,71,71,71,71,71,71,71,71,71,71,71],"card_choices":[{"not_picked":["Turbo","Barrage"],"picked":"Darkness","floor":1},{"not_picked":["Streamline","Chill"],"picked":"Cold Snap","floor":4},{"not_picked":["Hologram","Barrage"],"picked":"Genetic Algorithm","floor":5},{"not_picked":["Heatsinks","Multi-Cast"],"picked":"Sweeping Beam","floor":8},{"not_picked":["Stack","Beam Cell"],"picked":"Undo","floor":10}],"player_experience":556247,"relics_obtained":[{"floor":8,"key":"Gremlin Horn"},{"floor":9,"key":"Anchor"},{"floor":11,"key":"Lantern"}],"event_choices":[{"damage_healed":15,"gold_gain":0,"player_choice":"Full Heal","damage_taken":0,"max_hp_gain":0,"max_hp_loss":0,"event_name":"Wheel of Change","floor":3,"gold_loss":0},{"damage_healed":0,"gold_gain":0,"player_choice":"Ignored","damage_taken":0,"max_hp_gain":0,"max_hp_loss":0,"event_name":"Liars Game","floor":7,"gold_loss":0}],"is_beta":false,"boss_relics":[],"items_purged_floors":[2],"is_endless":false,"potions_floor_spawned":[5],"killed_by":"Lots of Slimes","ascension_level":18}