{"gold_per_floor":[213,213,213,233,253,253,272,272,299,139,167,186,186,186,186,291,291,302,302,217,217,233,268,193,193,193,54,54,54],"floor_reached":29,"playtime":1210,"items_purged":["Regret","Strike_R"],"score":239,"play_id":"5e2c37fd-0d5e-4af3-b87c-8738d2d4db6e","local_time":"20180819020732","is_ascension_mode":false,"campfire_choices":[{"data":"Berserk","floor":6,"key":"SMITH"},{"data":"Infernal Blade","floor":8,"key":"SMITH"},{"data":"Pummel","floor":15,"key":"SMITH"}],"neow_cost":"NONE","seed_source_timestamp":84568024660512,"circlet_count":0,"master_deck":["Strike_R","Strike_R","Strike_R","Defend_R","Defend_R","Defend_R","Defend_R","Pummel+1","Forethought","Berserk+1","Bloodletting","Infernal Blade+1","Sword Boomerang","Rampage","Flex","Spot Weakness","Spot Weakness","Brutality","Rupture","Infernal Blade","Flex","Infernal Blade","Shrug It Off","Brutality","PanicButton","Clothesline","Cleave+1","Demon Form","Pummel"],"relics":["Burning Blood","Bag of Preparation","Juzu Bracelet","Lantern","Question Card","Orrery","Blue Candle","Pen Nib","Mercury Hourglass","Self Forming Clay"],"potions_floor_usage":[16,16],"damage_taken":[{"damage":6,"enemies":"Cultist","floor":1,"turns":3},{"damage":7,"enemies":"2 Louse","floor":4,"turns":5},{"damage":5,"enemies":"Jaw Worm","floor":5,"turns":3},{"damage":11,"enemies":"Blue Slaver","floor":7,"turns":3},{"damage":28,"enemies":"3 Sentries","floor":11,"turns":8},{"damage":9,"enemies":"3 Louse","floor":12,"turns":3},{"damage":66,"enemies":"The Guardian","floor":16,"turns":10},{"damage":1,"enemies":"Chosen","floor":18,"turns":3},{"damage":24,"enemies":"Spheric Guardian","floor":22,"turns":4},{"damage":62,"enemies":"Book of Stabbing","floor":23,"turns":6},{"damage":22,"enemies":"Shelled Parasite and Fungi","floor":29,"turns":3}],"seed_played":"-5895083818394923162","potions_obtained":[{"floor":1,"key":"Regen Potion"},{"floor":5,"key":"PowerPotion"},{"floor":11,"key":"FairyPotion"},{"floor":18,"key":"SneckoOil"},{"floor":23,"key":"Dexterity Potion"}],"is_trial":false,"path_per_floor":["M","?","?","M","M","R","M","R","T","$","E","M","?","T","R","B",null,"M","?","?","?","M","E","?","T","T","$","$"],"character_chosen":"IRONCLAD","items_purchased":["Rampage","Flex","Pummel"],"campfire_rested":0,"item_purchase_floors":[10,10,27],"current_hp_per_floor":[80,80,80,79,80,80,75,75,75,75,53,50,43,43,43,9,80,80,80,80,80,62,21,21,21,21,21,21,0],"gold":54,"neow_bonus":"HUNDRED_GOLD","is_prod":false,"is_daily":false,"chose_seed":false,"campfire_upgraded":3,"win_rate":0,"timestamp":1534658852,"path_taken":["M","?","?","M","M","R","M","R","T","$","E","M","?","?","R","BOSS","M","?","?","?","M","E","?","?","T","?","$","M"],"build_version":"2018-08-16","purchased_purges":2,"victory":false,"max_hp_per_floor":[80,80,80,80,80,80,80,80,80,80,80,80,80,80,80,80,80,80,80,80,80,80,80,80,80,80,80,80,80],"card_choices":[{"not_picked":["Iron Wave","Second Wind"],"picked":"Pummel","floor":1},{"not_picked":["Sever Soul","Sentinel"],"picked":"Bloodletting","floor":4},{"not_picked":["Entrench","Clash"],"picked":"Infernal Blade","floor":5},{"not_picked":["True Grit","Perfected Strike"],"picked":"Sword Boomerang","floor":7},{"not_picked":["Infernal Blade","Clothesline"],"picked":"Spot Weakness","floor":11},{"not_picked":["Heavy Blade","Flame Barrier"],"picked":"Spot Weakness","floor":12},{"not_picked":["Barricade","Juggernaut","Impervious"],"picked":"Brutality","floor":16},{"not_picked":["Feel No Pain","Headbutt","Dual Wield"],"picked":"Rupture","floor":17},{"not_picked":["Rage","Thunderclap","Havoc"],"picked":"Infernal Blade","floor":17},{"not_picked":["Pommel Strike","Wild Strike","Clothesline"],"picked":"Flex","floor":17},{"not_picked":["Twin Strike","Wild Strike","Thunderclap"],"picked":"Infernal Blade","floor":17},{"not_picked":["Cleave","Anger","Shockwave"],"picked":"Shrug It Off","floor":17},{"not_picked":["Perfected Strike","Uppercut+1","Warcry"],"picked":"Brutality","floor":18},{"not_picked":["Wild Strike","True Grit","Clash"],"picked":"Cleave+1","floor":22},{"not_picked":["Sword Boomerang","Burning Pact","Shrug It Off"],"picked":"Demon Form","floor":23}],"player_experience":105559,"relics_obtained":[{"floor":9,"key":"Juzu Bracelet"},{"floor":11,"key":"Lantern"},{"floor":14,"key":"Question Card"},{"floor":23,"key":"Pen Nib"},{"floor":25,"key":"Mercury Hourglass"},{"floor":26,"key":"Self Forming Clay"}],"event_choices":[{"event_name":"Match and Keep!","player_choice":"2 cards matched","floor":2,"damage_taken":0},{"event_name":"Big Fish","player_choice":"Box","floor":3,"damage_taken":0},{"event_name":"Golden Wing","player_choice":"Card Removal","floor":13,"damage_taken":0},{"event_name":"Match and Keep!","player_choice":"2 cards matched","floor":19,"damage_taken":0},{"event_name":"Addict","player_choice":"Obtained Relic","floor":20,"damage_taken":0},{"event_name":"Ghosts","player_choice":"Ignored","floor":21,"damage_taken":0},{"event_name":"Beggar","player_choice":"Gave Gold","floor":24,"damage_taken":0}],"is_beta":false,"boss_relics":[{"not_picked":["Cursed Key","Black Blood"],"picked":"Orrery"}],"items_purged_floors":[10,27],"is_endless":false,"potions_floor_spawned":[1,5,11,12,18,23],"killed_by":"Shelled Parasite and Fungi","ascension_level":0}