{"gold_per_floor":[114,189,204,215,227,227,259,275,275,240,240,254,13,13],"floor_reached":14,"playtime":765,"items_purged":[],"score":97,"play_id":"a80fd2ab-4788-47a8-aa26-0b5511288483","local_time":"20190124182647","is_ascension_mode":true,"campfire_choices":[{"data":"White Noise","floor":6,"key":"SMITH"},{"floor":11,"key":"RECALL"}],"neow_cost":"NONE","seed_source_timestamp":50913092796649,"circlet_count":0,"master_deck":["Strike_B","Strike_B","Strike_B","Strike_B","Defend_B","Defend_B","Defend_B","Defend_B","Zap","Dualcast","Loop","Steam","Tempest","Steam","White Noise+1","Scrape","Seek","Ball Lightning"],"relics":["Cracked Core","Dream Catcher","Art of War","Dodecahedron"],"potions_floor_usage":[],"damage_taken":[{"damage":3,"enemies":"Jaw Worm","floor":1,"turns":3},{"damage":1,"enemies":"Small Slimes","floor":3,"turns":3},{"damage":1,"enemies":"Cultist","floor":4,"turns":3},{"damage":0,"enemies":"Looter","floor":5,"turns":3},{"damage":24,"enemies":"3 Sentries","floor":7,"turns":6},{"damage":8,"enemies":"Blue Slaver","floor":8,"turns":4},{"damage":15,"enemies":"Exordium Thugs","floor":12,"turns":4},{"damage":2,"enemies":"Gremlin Gang","floor":14,"turns":3}],"seed_played":"4056682257887340550","potions_obtained":[{"floor":3,"key":"Weak Potion"},{"floor":5,"key":"FearPotion"},{"floor":8,"key":"SmokeBomb"},{"floor":12,"key":"Explosive Potion"}],"is_trial":false,"path_per_floor":["M","?","M","M","M","R","E","M","T","?","R","M","$","M"],"character_chosen":"DEFECT","items_purchased":["Dodecahedron"],"campfire_rested":0,"item_purchase_floors":[13],"current_hp_per_floor":[72,61,60,59,59,59,35,27,27,45,45,30,30,28],"gold":13,"neow_bonus":"THREE_CARDS","is_prod":false,"is_daily":false,"chose_seed":false,"campfire_upgraded":1,"win_rate":0,"timestamp":1548372407,"path_taken":["M","?","M","M","M","R","E","M","T","?","R","M","?","M"],"build_version":"2019-01-23","purchased_purges":0,"victory":false,"max_hp_per_floor":[75,75,75,75,75,75,75,75,75,75,75,75,75,75],"card_choices":[{"not_picked":["Leap","Static Discharge"],"picked":"Loop","floor":0},{"not_picked":["Hologram","Go for the Eyes"],"picked":"Steam","floor":1},{"not_picked":["Hologram","Go for the Eyes"],"picked":"Tempest","floor":3},{"not_picked":["Rebound","Force Field"],"picked":"Steam","floor":4},{"not_picked":["Heatsinks","Steam"],"picked":"White Noise","floor":5},{"not_picked":["Reprogram","Gash"],"picked":"Scrape","floor":7},{"not_picked":["Skim","FTL"],"picked":"Seek","floor":8},{"not_picked":["Streamline","Barrage"],"picked":"Ball Lightning","floor":12}],"player_experience":91998,"relics_obtained":[{"floor":7,"key":"Dream Catcher"},{"floor":9,"key":"Art of War"}],"event_choices":[{"damage_healed":0,"gold_gain":75,"player_choice":"Gather Gold","damage_taken":11,"max_hp_gain":0,"max_hp_loss":0,"event_name":"World of Goop","floor":2,"gold_loss":0},{"damage_healed":18,"gold_gain":0,"player_choice":"Healed","damage_taken":0,"max_hp_gain":0,"max_hp_loss":0,"event_name":"The Cleric","floor":10,"gold_loss":35}],"is_beta":false,"boss_relics":[],"items_purged_floors":[],"is_endless":false,"potions_floor_spawned":[3,5,8,12],"killed_by":"Gremlin Gang","ascension_level":1}