{"gold_per_floor":[112,112,131,131,141,172,172,191,215,229,249,249,249],"floor_reached":13,"playtime":457,"items_purged":[],"score":134,"play_id":"f4fecb2a-1444-41e2-a222-cb31fd3cb0fd","local_time":"20190117222145","is_ascension_mode":true,"campfire_choices":[{"data":"Bludgeon","floor":7,"key":"SMITH"}],"neow_cost":"NONE","seed_source_timestamp":626574171653700,"circlet_count":0,"master_deck":["Strike_R","Strike_R","Strike_R","Strike_R","Defend_R","Defend_R","Defend_R","Defend_R","Bash","Headbutt","Shrug It Off","Burning Pact","Bludgeon+1","Fire Breathing","Hemokinesis","Armaments"],"relics":["Burning Blood","NeowsBlessing","Pear","Gremlin Horn","Strawberry"],"potions_floor_usage":[6,11],"damage_taken":[{"damage":0,"enemies":"2 Louse","floor":1,"turns":1},{"damage":0,"enemies":"Jaw Worm","floor":3,"turns":1},{"damage":0,"enemies":"Cultist","floor":5,"turns":1},{"damage":62,"enemies":"Lagavulin","floor":6,"turns":10},{"damage":0,"enemies":"Blue Slaver","floor":8,"turns":4},{"damage":11,"enemies":"2 Fungi Beasts","floor":10,"turns":3},{"damage":29,"enemies":"Large Slime","floor":11,"turns":4},{"damage":32,"enemies":"Gremlin Nob","floor":13,"turns":3}],"seed_played":"3538585323488629045","potions_obtained":[{"floor":1,"key":"Energy Potion"},{"floor":8,"key":"PowerPotion"},{"floor":11,"key":"Ancient Potion"}],"is_trial":false,"path_per_floor":["M","?","M","T","M","E","R","M","T","M","M","?","E"],"character_chosen":"IRONCLAD","items_purchased":[],"campfire_rested":0,"item_purchase_floors":[],"current_hp_per_floor":[80,73,79,89,90,34,34,40,47,42,19,19,0],"gold":249,"neow_bonus":"THREE_ENEMY_KILL","is_prod":false,"is_daily":false,"chose_seed":false,"campfire_upgraded":1,"win_rate":0,"timestamp":1547792505,"path_taken":["M","?","M","?","?","E","R","M","T","M","M","?","E"],"build_version":"2019-01-17","purchased_purges":0,"victory":false,"max_hp_per_floor":[80,80,80,90,90,90,90,90,97,97,97,97,97],"card_choices":[{"not_picked":["Bloodletting","Warcry"],"picked":"Headbutt","floor":1},{"not_picked":["Pommel Strike","Entrench"],"picked":"Shrug It Off","floor":3},{"not_picked":["Anger","Blood for Blood"],"picked":"Burning Pact","floor":5},{"not_picked":["Bloodletting","True Grit"],"picked":"Bludgeon","floor":6},{"not_picked":["Twin Strike","Heavy Blade"],"picked":"Fire Breathing","floor":8},{"not_picked":["Cleave","Twin Strike"],"picked":"Hemokinesis","floor":10},{"not_picked":["Thunderclap","Clothesline"],"picked":"Armaments","floor":11}],"player_experience":527879,"relics_obtained":[{"floor":4,"key":"Pear"},{"floor":6,"key":"Gremlin Horn"},{"floor":9,"key":"Strawberry"}],"event_choices":[{"cards_removed":["Strike_R"],"damage_healed":0,"gold_gain":0,"player_choice":"Card Removal","damage_taken":7,"max_hp_gain":0,"max_hp_loss":0,"event_name":"Golden Wing","floor":2,"gold_loss":0},{"damage_healed":0,"gold_gain":0,"player_choice":"Ignored","damage_taken":0,"max_hp_gain":0,"max_hp_loss":0,"event_name":"Liars Game","floor":12,"gold_loss":0}],"is_beta":false,"boss_relics":[],"items_purged_floors":[],"is_endless":false,"potions_floor_spawned":[1,8,11],"killed_by":"Gremlin Nob","ascension_level":5}