{"gold_per_floor":[112,187,42,120,130,162,181,181,228,228,242,260,260,260,260,357,357,368,175,90,90,90,90,102,119,143,143,160,160,173,183,183,280,280,292,292,97,108,108,108],"floor_reached":40,"playtime":1624,"items_purged":["Strike_B","Strike_B"],"score":444,"play_id":"9a7f7fa8-2217-43ad-8ea7-6750269d12bc","local_time":"20190305145513","is_ascension_mode":true,"campfire_choices":[{"data":"Zap","floor":8,"key":"SMITH"},{"data":"Dualcast","floor":10,"key":"SMITH"},{"floor":15,"key":"REST"},{"floor":23,"key":"REST"},{"floor":27,"key":"REST"},{"floor":29,"key":"REST"},{"floor":32,"key":"REST"}],"neow_cost":"NONE","seed_source_timestamp":96746400883261,"circlet_count":0,"master_deck":["Strike_B","Defend_B","Defend_B","Defend_B","Defend_B","Zap+1","Dualcast+1","FTL","Melter","Consume","White Noise+1","Ball Lightning","Coolheaded","Thunder Strike","Cold Snap","Capacitor","Turbo","Electrodynamics","Leap","Self Repair","Biased Cognition","Chill+1","Hologram+1"],"relics":["FrozenCore","Letter Opener","StoneCalendar","PreservedInsect","Regal Pillow","DataDisk","Nloth\u0027s Gift","Dream Catcher","Toxic Egg 2","Lee\u0027s Waffle"],"potions_floor_usage":[11,25,31,31],"damage_taken":[{"damage":0,"enemies":"Small Slimes","floor":1,"turns":2},{"damage":1,"enemies":"Cultist","floor":5,"turns":3},{"damage":30,"enemies":"3 Sentries","floor":6,"turns":8},{"damage":0,"enemies":"Jaw Worm","floor":7,"turns":3},{"damage":8,"enemies":"Large Slime","floor":11,"turns":3},{"damage":0,"enemies":"3 Louse","floor":12,"turns":2},{"damage":9,"enemies":"Hexaghost","floor":16,"turns":7},{"damage":40,"enemies":"2 Thieves","floor":18,"turns":3},{"damage":30,"enemies":"3 Byrds","floor":24,"turns":3},{"damage":25,"enemies":"Shelled Parasite and Fungi","floor":25,"turns":4},{"damage":17,"enemies":"Snake Plant","floor":28,"turns":2},{"damage":0,"enemies":"Sentry and Sphere","floor":30,"turns":3},{"damage":36,"enemies":"Snecko","floor":31,"turns":5},{"damage":70,"enemies":"Automaton","floor":33,"turns":9},{"damage":63,"enemies":"3 Darklings","floor":35,"turns":5},{"damage":0,"enemies":"Orb Walker","floor":38,"turns":5},{"damage":98,"enemies":"Giant Head","floor":40,"turns":8}],"seed_played":"-1771574505383726144","potions_obtained":[{"floor":7,"key":"PowerPotion"},{"floor":11,"key":"SteroidPotion"},{"floor":24,"key":"SpeedPotion"},{"floor":30,"key":"SteroidPotion"}],"is_trial":false,"path_per_floor":["M","?","$","T","M","E","M","R","T","R","M","M","T","?","R","B",null,"M","$","?","?","?","R","M","M","T","R","M","R","M","M","R","B",null,"M","?","$","M","$","E"],"character_chosen":"DEFECT","items_purchased":["Melter","Capacitor","Turbo","Lee\u0027s Waffle"],"campfire_rested":5,"item_purchase_floors":[3,19,19,37],"current_hp_per_floor":[75,68,68,68,67,37,37,37,37,37,29,29,29,29,66,57,75,35,35,35,21,21,60,30,5,5,44,27,66,73,44,80,17,80,24,24,87,87,87,0],"gold":108,"neow_bonus":"REMOVE_CARD","is_prod":false,"is_daily":false,"chose_seed":false,"campfire_upgraded":2,"win_rate":0,"timestamp":1551826513,"path_taken":["M","?","$","?","M","E","M","R","T","R","M","M","?","?","R","BOSS","M","$","?","?","?","R","?","M","T","R","M","R","M","M","R","BOSS","M","?","?","M","$","E"],"build_version":"2019-01-23","purchased_purges":2,"victory":false,"max_hp_per_floor":[75,75,75,75,75,75,75,75,75,75,75,75,75,75,75,75,75,75,75,75,80,80,80,80,80,80,80,80,80,80,80,80,80,80,80,80,87,87,87,87],"card_choices":[{"not_picked":["Turbo","Genetic Algorithm"],"picked":"FTL","floor":1},{"not_picked":["Compile Driver","Rebound"],"picked":"Consume","floor":5},{"not_picked":["Turbo","Static Discharge"],"picked":"White Noise","floor":6},{"not_picked":["Genetic Algorithm","Reprogram"],"picked":"Ball Lightning","floor":7},{"not_picked":["White Noise","Barrage","Redo"],"picked":"SKIP","floor":11},{"not_picked":["Stack","Leap"],"picked":"Coolheaded","floor":12},{"not_picked":["Hyperbeam","Amplify"],"picked":"Thunder Strike","floor":16},{"not_picked":["Static Discharge","Steam"],"picked":"Cold Snap","floor":18},{"not_picked":["Recycle","Barrage"],"picked":"Sunder","floor":24},{"not_picked":["Gash+1","Turbo"],"picked":"Electrodynamics","floor":25},{"not_picked":["Ball Lightning","Recycle"],"picked":"Leap","floor":27},{"not_picked":["Conserve Battery","Ball Lightning"],"picked":"Self Repair","floor":28},{"not_picked":["Cold Snap","Coolheaded","Beam Cell"],"picked":"SKIP","floor":30},{"not_picked":["Doom and Gloom","Sweeping Beam","Meteor Strike"],"picked":"SKIP","floor":31},{"not_picked":["Multi-Cast","Reboot"],"picked":"Biased Cognition","floor":33},{"not_picked":["Tempest","Force Field+1"],"picked":"Chill+1","floor":35},{"not_picked":["Stack+1","Barrage+1"],"picked":"Hologram+1","floor":38}],"player_experience":286323,"relics_obtained":[{"floor":4,"key":"Letter Opener"},{"floor":6,"key":"StoneCalendar"},{"floor":9,"key":"PreservedInsect"},{"floor":13,"key":"Regal Pillow"},{"floor":26,"key":"Dream Catcher"}],"event_choices":[{"damage_healed":0,"gold_gain":75,"player_choice":"Touch","damage_taken":7,"max_hp_gain":0,"max_hp_loss":0,"event_name":"FaceTrader","floor":2,"gold_loss":0},{"damage_healed":0,"gold_gain":0,"player_choice":"Grow","damage_taken":0,"max_hp_gain":0,"max_hp_loss":0,"event_name":"Living Wall","floor":14,"gold_loss":0,"cards_upgraded":["White Noise"]},{"damage_healed":0,"gold_gain":0,"player_choice":"Obtained Relic","damage_taken":0,"relics_obtained":["DataDisk"],"max_hp_gain":0,"max_hp_loss":0,"event_name":"Addict","floor":20,"gold_loss":85},{"damage_healed":0,"gold_gain":0,"player_choice":"Shed Blood","damage_taken":19,"max_hp_gain":5,"max_hp_loss":0,"event_name":"Forgotten Altar","floor":21,"gold_loss":0},{"damage_healed":0,"gold_gain":0,"player_choice":"Traded Relic","damage_taken":0,"relics_obtained":["Nloth\u0027s Gift"],"max_hp_gain":0,"max_hp_loss":0,"event_name":"N\u0027loth","floor":22,"relics_lost":["Philosopher\u0027s Stone"],"gold_loss":0},{"cards_removed":["Sunder"],"damage_healed":0,"gold_gain":0,"player_choice":"Gave Card","damage_taken":0,"relics_obtained":["Toxic Egg 2"],"max_hp_gain":0,"max_hp_loss":0,"event_name":"WeMeetAgain","floor":36,"gold_loss":0}],"is_beta":false,"boss_relics":[{"not_picked":["Sozu","White Beast Statue"],"picked":"Philosopher\u0027s Stone"},{"not_picked":["Eternal Feather","Cursed Key"],"picked":"FrozenCore"}],"items_purged_floors":[3,19],"is_endless":false,"potions_floor_spawned":[7,11,24,30],"killed_by":"Giant Head","ascension_level":3}