{"gold_per_floor":[217,217,234,234,261,290,290,319,319,353,353,370,397,411,411,516,516,536,226,226,141,20,46,46,71,71,71,103,117,151,161,161,259,259,278,298,298,298,31,61,61,94,174,205,305,305,333,47,47,47,47,47,8,43,43],"floor_reached":55,"playtime":4060,"items_purged":["Strike_G"],"score":1565,"play_id":"f4aa4336-37b3-44fe-91a3-15d59e7b1ac7","local_time":"20190214203143","is_ascension_mode":true,"campfire_choices":[{"data":"Survivor","floor":7,"key":"SMITH"},{"data":"Calculated Gamble","floor":11,"key":"SMITH"},{"data":"Blade Dance","floor":15,"key":"SMITH"},{"floor":24,"key":"RECALL"},{"floor":32,"key":"REST"},{"floor":41,"key":"REST"},{"floor":49,"key":"REST"},{"floor":52,"key":"REST"}],"neow_cost":"NONE","seed_source_timestamp":725803464346300,"circlet_count":0,"master_deck":["Defend_G","Defend_G","Defend_G","Defend_G","Survivor+1","Neutralize+1","Underhanded Strike","Calculated Gamble+1","Blade Dance+1","Escape Plan","Quick Slash","Bouncing Flask","Dash","Bouncing Flask","Malaise","Poisoned Stab","Noxious Fumes","Bite","Bite","Bite","Bite","Bite","Noxious Fumes","Deflect","Backflip","Envenom","Backflip","Flying Knee+1","Infinite Blades+1","Catalyst","Night Terror","Tactician+1","Cloak And Dagger","Noxious Fumes","Calculated Gamble+1","Catalyst+1","Deflect+1","Tactician+1","Eviscerate","PiercingWail+1"],"relics":["Ring of the Snake","Tingsha","Snake Skull","Gambling Chip","FossilizedHelix","The Specimen","WingedGreaves","Lantern","Fusion Hammer","Bag of Preparation","Omamori","Thread and Needle","Happy Flower","Regal Pillow","Darkstone Periapt","Bronze Scales","Philosopher\u0027s Stone","Medical Kit","Centennial Puzzle","Bottled Lightning","Ninja Scroll","Boot","Nunchaku","PreservedInsect","Unceasing Top","Blue Candle"],"potions_floor_usage":[8,16,25,33,40,55,55],"damage_taken":[{"damage":0,"enemies":"2 Louse","floor":1,"turns":3},{"damage":0,"enemies":"Cultist","floor":3,"turns":3},{"damage":25,"enemies":"Lagavulin","floor":6,"turns":8},{"damage":4,"enemies":"Gremlin Nob","floor":8,"turns":3},{"damage":0,"enemies":"3 Sentries","floor":10,"turns":8},{"damage":0,"enemies":"Jaw Worm","floor":12,"turns":1},{"damage":0,"enemies":"Gremlin Nob","floor":13,"turns":2},{"damage":0,"enemies":"Exordium Wildlife","floor":14,"turns":1},{"damage":23,"enemies":"Slime Boss","floor":16,"turns":9},{"damage":7,"enemies":"Shell Parasite","floor":18,"turns":4},{"damage":14,"enemies":"Book of Stabbing","floor":23,"turns":5},{"damage":20,"enemies":"Gremlin Leader","floor":25,"turns":6},{"damage":0,"enemies":"Book of Stabbing","floor":28,"turns":5},{"damage":0,"enemies":"2 Thieves","floor":29,"turns":2},{"damage":11,"enemies":"Slavers","floor":30,"turns":3},{"damage":0,"enemies":"Cultist and Chosen","floor":31,"turns":3},{"damage":0,"enemies":"Champ","floor":33,"turns":6},{"damage":0,"enemies":"Orb Walker","floor":35,"turns":2},{"damage":0,"enemies":"3 Shapes","floor":36,"turns":3},{"damage":28,"enemies":"Reptomancer","floor":40,"turns":4},{"damage":0,"enemies":"Giant Head","floor":42,"turns":5},{"damage":10,"enemies":"Reptomancer","floor":44,"turns":3},{"damage":0,"enemies":"Mind Bloom Boss Battle","floor":45,"turns":6},{"damage":0,"enemies":"Giant Head","floor":47,"turns":5},{"damage":0,"enemies":"Time Eater","floor":50,"turns":2},{"damage":0,"enemies":"Shield and Spear","floor":54,"turns":3},{"damage":70,"enemies":"The Heart","floor":55,"turns":3}],"seed_played":"2550497467909396483","potions_obtained":[{"floor":6,"key":"SteroidPotion"},{"floor":14,"key":"Explosive Potion"},{"floor":16,"key":"Weak Potion"},{"floor":28,"key":"SpeedPotion"},{"floor":29,"key":"Weak Potion"},{"floor":31,"key":"Energy Potion"},{"floor":33,"key":"SteroidPotion"},{"floor":40,"key":"LiquidBronze"}],"is_trial":false,"path_per_floor":["M","?","M","?","T","E","R","E","T","E","R","M","E","M","R","B",null,"M","$","?","?","$","E","R","E","T","?","E","M","E","M","R","B",null,"M","M","?","?","$","E","R","E","T","E","?","?","E","$","R","B",null,"R","$","E","B"],"character_chosen":"THE_SILENT","items_purchased":["Bag of Preparation","Noxious Fumes","Noxious Fumes","Deflect","Medical Kit","Noxious Fumes","Unceasing Top","Eviscerate"],"campfire_rested":4,"item_purchase_floors":[19,19,22,22,39,39,48,53],"current_hp_per_floor":[63,63,63,60,60,35,35,31,31,31,31,31,31,31,31,8,55,48,48,48,48,48,42,42,36,36,36,44,49,42,46,49,49,49,49,49,49,47,47,23,47,47,47,37,39,39,41,41,47,47,47,47,47,47,0],"gold":43,"neow_bonus":"HUNDRED_GOLD","is_prod":false,"is_daily":false,"chose_seed":false,"campfire_upgraded":3,"win_rate":0,"timestamp":1550205103,"path_taken":["M","?","?","?","?","E","R","E","T","E","R","M","E","M","R","BOSS","M","$","?","?","$","E","R","E","T","?","E","M","E","M","R","BOSS","M","M","?","?","$","E","R","E","T","E","?","?","E","?","R","BOSS","R","$","E","BOSS"],"build_version":"2019-01-23","purchased_purges":1,"victory":false,"max_hp_per_floor":[70,70,70,70,70,70,70,70,70,70,70,70,70,70,70,70,70,70,70,49,49,49,49,49,49,49,49,49,49,49,49,49,49,49,49,49,49,47,47,47,47,47,47,47,47,47,47,47,47,47,47,47,47,47,47],"card_choices":[{"not_picked":["Tactician","Expertise"],"picked":"Underhanded Strike","floor":1},{"not_picked":["Slice","Flying Knee"],"picked":"Calculated Gamble","floor":3},{"not_picked":["Quick Slash","Sucker Punch"],"picked":"Blade Dance","floor":6},{"not_picked":["Terror","Dagger Throw"],"picked":"Escape Plan","floor":8},{"not_picked":["Dagger Throw","Doppelganger"],"picked":"Quick Slash","floor":10},{"not_picked":["Choke","Deflect"],"picked":"Bouncing Flask","floor":12},{"not_picked":["Finisher","Outmaneuver"],"picked":"Dash","floor":13},{"not_picked":["Underhanded Strike","Deadly Poison"],"picked":"Bouncing Flask","floor":14},{"not_picked":["Doppelganger","Glass Knife"],"picked":"Malaise","floor":16},{"not_picked":["Outmaneuver","Quick Slash"],"picked":"Poisoned Stab","floor":18},{"not_picked":["Masterful Stab","Phantasmal Killer"],"picked":"Backflip","floor":23},{"not_picked":["Backflip","Well Laid Plans+1"],"picked":"Envenom","floor":25},{"not_picked":["Expertise","Quick Slash"],"picked":"Backflip","floor":28},{"not_picked":["Accuracy","Setup"],"picked":"Flying Knee+1","floor":29},{"not_picked":["Dodge and Roll","Dagger Throw"],"picked":"Infinite Blades+1","floor":30},{"not_picked":["Choke","Distraction"],"picked":"Catalyst","floor":31},{"not_picked":["Corpse Explosion","Die Die Die"],"picked":"Night Terror","floor":33},{"not_picked":["Heel Hook","Bouncing Flask"],"picked":"Tactician+1","floor":35},{"not_picked":["Reflex","Deflect"],"picked":"Cloak And Dagger","floor":36},{"not_picked":["Quick Slash","Sucker Punch+1"],"picked":"Calculated Gamble+1","floor":40},{"not_picked":["Caltrops","Sucker Punch+1"],"picked":"Catalyst+1","floor":42},{"not_picked":["Outmaneuver","Terror","Finisher+1"],"picked":"SKIP","floor":44},{"not_picked":["Outmaneuver","Dash"],"picked":"Deflect+1","floor":45},{"not_picked":["Flying Knee+1","PiercingWail+1"],"picked":"Tactician+1","floor":47},{"not_picked":["Infinite Blades+1","Reflex+1"],"picked":"PiercingWail+1","floor":54}],"player_experience":702529,"relics_obtained":[{"floor":5,"key":"Snake Skull"},{"floor":6,"key":"Gambling Chip"},{"floor":8,"key":"FossilizedHelix"},{"floor":9,"key":"The Specimen"},{"floor":10,"key":"WingedGreaves"},{"floor":13,"key":"Lantern"},{"floor":23,"key":"Thread and Needle"},{"floor":25,"key":"Happy Flower"},{"floor":28,"key":"Darkstone Periapt"},{"floor":30,"key":"Bronze Scales"},{"floor":40,"key":"Centennial Puzzle"},{"floor":42,"key":"Bottled Lightning"},{"floor":43,"key":"Ninja Scroll"},{"floor":44,"key":"Boot"},{"floor":45,"key":"Nunchaku"},{"floor":47,"key":"PreservedInsect"},{"floor":54,"key":"Blue Candle"}],"event_choices":[{"damage_healed":0,"gold_gain":0,"player_choice":"Upgraded","damage_taken":0,"max_hp_gain":0,"max_hp_loss":0,"event_name":"Upgrade Shrine","floor":2,"gold_loss":0,"cards_upgraded":["Neutralize"]},{"damage_healed":0,"gold_gain":0,"player_choice":"Success","damage_taken":3,"relics_obtained":["Tingsha"],"max_hp_gain":0,"max_hp_loss":0,"event_name":"Scrap Ooze","floor":4,"gold_loss":0},{"damage_healed":0,"gold_gain":0,"player_choice":"Became a vampire","damage_taken":0,"max_hp_gain":0,"max_hp_loss":21,"event_name":"Vampires","floor":20,"gold_loss":0,"cards_obtained":["Bite","Bite","Bite","Bite","Bite"]},{"damage_healed":0,"gold_gain":0,"player_choice":"Obtained Relic","damage_taken":0,"relics_obtained":["Omamori"],"max_hp_gain":0,"max_hp_loss":0,"event_name":"Addict","floor":21,"gold_loss":85},{"damage_healed":0,"gold_gain":0,"player_choice":"Opened","damage_taken":0,"relics_obtained":["Regal Pillow"],"max_hp_gain":0,"max_hp_loss":0,"event_name":"The Mausoleum","floor":27,"gold_loss":0,"cards_obtained":["Writhe"]},{"damage_healed":0,"gold_gain":0,"player_choice":"Ignored","damage_taken":0,"max_hp_gain":0,"max_hp_loss":0,"event_name":"Tomb of Lord Red Mask","floor":37,"gold_loss":0},{"damage_healed":0,"gold_gain":0,"player_choice":"Max HP","damage_taken":0,"max_hp_gain":0,"max_hp_loss":2,"event_name":"Winding Halls","floor":38,"gold_loss":0},{"damage_healed":0,"gold_gain":0,"player_choice":"Fight","damage_taken":0,"max_hp_gain":0,"max_hp_loss":0,"event_name":"MindBloom","floor":45,"gold_loss":0},{"cards_removed":["Defend_G"],"damage_healed":0,"gold_gain":0,"player_choice":"Removed Skill","damage_taken":0,"max_hp_gain":0,"max_hp_loss":0,"event_name":"Falling","floor":46,"gold_loss":0}],"is_beta":false,"boss_relics":[{"not_picked":["Velvet Choker","Orrery"],"picked":"Fusion Hammer"},{"not_picked":["White Beast Statue","Eternal Feather"],"picked":"Philosopher\u0027s Stone"}],"items_purged_floors":[19],"is_endless":false,"potions_floor_spawned":[6,14,16,28,29,31,33,35,36,40,45,54],"killed_by":"The Heart","ascension_level":6}