{"gold_per_floor":[118,134,134,59,11,43,43,74,130,14,32,50,50,50,50,147,147,167,167,186,72,72,72],"floor_reached":23,"playtime":2891,"items_purged":["Strike_B"],"score":207,"play_id":"3d5e97e2-1e32-4759-9f70-1b6fc81cd363","local_time":"20180921015009","is_ascension_mode":true,"campfire_choices":[{"data":"Static Discharge","floor":7,"key":"SMITH"},{"data":"Zap","floor":13,"key":"SMITH"},{"data":"Defragment","floor":15,"key":"SMITH"}],"neow_cost":"NONE","seed_source_timestamp":161576804587873,"circlet_count":0,"master_deck":["Strike_B","Strike_B","Defend_B","Defend_B","Defend_B","Defend_B+1","Zap+1","Dualcast+1","Gash","Static Discharge+1","Fusion","Gash","Electrodynamics","Scrape","Defragment+1","Conserve Battery","All For One","All For One","Streamline","Turbo+1","Self Repair","Loop","Shame"],"relics":["Cracked Core","War Paint","Vajra","The Courier","Tiny Chest","Emotion Chip","Lizard Tail","Peace Pipe"],"potions_floor_usage":[16,16,16],"damage_taken":[{"damage":6,"enemies":"Jaw Worm","floor":1,"turns":3},{"damage":0,"enemies":"Small Slimes","floor":2,"turns":2},{"damage":13,"enemies":"Lagavulin","floor":6,"turns":7},{"damage":26,"enemies":"3 Sentries","floor":8,"turns":6},{"damage":0,"enemies":"Cultist","floor":11,"turns":3},{"damage":11,"enemies":"Lots of Slimes","floor":12,"turns":2},{"damage":7,"enemies":"Hexaghost","floor":16,"turns":4},{"damage":22,"enemies":"Shell Parasite","floor":18,"turns":3},{"damage":20,"enemies":"3 Byrds","floor":20,"turns":3},{"damage":61,"enemies":"Slavers","floor":23,"turns":3}],"seed_played":"7876273909719525653","potions_obtained":[{"floor":1,"key":"Strength Potion"},{"floor":8,"key":"GamblersBrew"},{"floor":11,"key":"Energy Potion"},{"floor":20,"key":"Dexterity Potion"}],"is_trial":false,"path_per_floor":["M","M","?","$","$","E","R","E","T","$","M","M","R","T","R","B",null,"M","?","M","$","?"],"character_chosen":"DEFECT","items_purchased":["Weak Potion","Scrape","Defragment","Self Repair","Loop"],"campfire_rested":0,"item_purchase_floors":[5,10,10,21,21],"current_hp_per_floor":[69,69,69,69,69,56,56,30,30,30,30,19,19,19,19,12,75,53,44,24,24,24,0],"gold":72,"neow_bonus":"RANDOM_COMMON_RELIC","is_prod":false,"is_daily":false,"chose_seed":false,"campfire_upgraded":3,"win_rate":0,"timestamp":1537519809,"path_taken":["M","M","?","?","$","E","R","E","T","$","M","?","R","?","R","BOSS","M","?","M","$","?","E"],"build_version":"2018-09-20","purchased_purges":1,"victory":false,"max_hp_per_floor":[75,75,75,75,75,75,75,75,75,75,75,75,75,75,75,75,75,75,75,75,75,75,75],"card_choices":[{"not_picked":["Scrape","Consume"],"picked":"Gash","floor":1},{"not_picked":["Beam Cell","Leap"],"picked":"Static Discharge","floor":2},{"not_picked":["Leap","Undo"],"picked":"Gash","floor":6},{"not_picked":["Melter","Double Energy"],"picked":"Electrodynamics","floor":8},{"not_picked":["Compile Driver","Turbo"],"picked":"Conserve Battery","floor":11},{"not_picked":["Barrage","Leap"],"picked":"All For One","floor":12},{"not_picked":["Thunder Strike","Fission"],"picked":"All For One","floor":16},{"not_picked":["Stack+1","Conserve Battery+1"],"picked":"Streamline","floor":18},{"not_picked":["Lockon","Compile Driver"],"picked":"Turbo+1","floor":20}],"player_experience":145392,"relics_obtained":[{"floor":6,"key":"Vajra"},{"floor":8,"key":"The Courier"},{"floor":9,"key":"Tiny Chest"},{"floor":14,"key":"Emotion Chip"}],"event_choices":[{"event_name":"Living Wall","player_choice":"Change","floor":3,"damage_taken":0},{"event_name":"Cursed Tome","player_choice":"Stopped","floor":19,"damage_taken":0},{"event_name":"Addict","player_choice":"Stole Relic","floor":22,"damage_taken":0}],"is_beta":false,"boss_relics":[{"not_picked":["Cursed Key","Philosopher\u0027s Stone"],"picked":"Lizard Tail"}],"items_purged_floors":[4],"is_endless":false,"potions_floor_spawned":[1,8,11,20],"killed_by":"Slavers","ascension_level":1}