{"gold_per_floor":[113,113,124,124,140,168,168,1,71,85,85,116,133,133],"floor_reached":14,"playtime":365,"items_purged":["Strike_B"],"score":200,"play_id":"b59b4863-1217-4e8c-a821-4cf93546b0a7","local_time":"20190304193244","is_ascension_mode":true,"campfire_choices":[{"data":"Zap","floor":7.0,"key":"SMITH"},{"data":"Zap","floor":11,"key":"SMITH"}],"neow_cost":"NONE","seed_source_timestamp":62343315271917,"circlet_count":0,"master_deck":["AscendersBane","Strike_B","Strike_B","Strike_B","Defend_B","Defend_B","Defend_B","Defend_B","Zap+1","Dualcast","Gash","Zap+1","Genetic Algorithm","Streamline","Cold Snap","All For One","Self Repair","Gash","Glacier","Glacier","Steam"],"special_seed":0,"relics":["Cracked Core","NeowsBlessing","Anchor","Meat on the Bone","Lantern"],"potions_floor_usage":[14],"damage_taken":[{"damage":0.0,"enemies":"Jaw Worm","floor":1.0,"turns":1.0},{"damage":0.0,"enemies":"Cultist","floor":3.0,"turns":1.0},{"damage":0.0,"enemies":"2 Louse","floor":5.0,"turns":1.0},{"damage":18.0,"enemies":"3 Sentries","floor":6.0,"turns":7.0},{"damage":4.0,"enemies":"Exordium Thugs","floor":10.0,"turns":3.0},{"damage":5,"enemies":"Lagavulin","floor":12,"turns":6},{"damage":9,"enemies":"Large Slime","floor":13,"turns":5},{"damage":58,"enemies":"Gremlin Nob","floor":14,"turns":4}],"seed_played":"-3799159582662293247","potions_obtained":[{"floor":1.0,"key":"SpeedPotion"},{"floor":5.0,"key":"Fire Potion"},{"floor":10,"key":"Strength Potion"},{"floor":13,"key":"Block Potion"}],"is_trial":false,"path_per_floor":["M","?","M","?","M","E","R","$","T","M","R","E","M","E"],"character_chosen":"DEFECT","items_purchased":["Self Repair","Gash"],"campfire_rested":0,"item_purchase_floors":[8,8],"current_hp_per_floor":[64,64,64,69,69,51,51,51,51,54,54,56,54,0],"gold":133,"neow_bonus":"THREE_ENEMY_KILL","is_prod":false,"is_daily":false,"chose_seed":false,"campfire_upgraded":2,"win_rate":0,"timestamp":1551745964,"path_taken":["M","?","?","?","M","E","R","$","T","M","R","E","M","E"],"build_version":"2019-01-23","purchased_purges":1,"victory":false,"max_hp_per_floor":[71,71,71,76,76,76,76,76,76,76,76,76,76,76],"card_choices":[{"not_picked":["Sunder","Rebound"],"picked":"Gash","floor":1.0},{"not_picked":["Go for the Eyes","Redo"],"picked":"Streamline","floor":3.0},{"not_picked":["Streamline","Rebound"],"picked":"Cold Snap","floor":5.0},{"not_picked":["Scrape","Coolheaded"],"picked":"All For One","floor":6.0},{"not_picked":["Self Repair","BootSequence"],"picked":"Glacier","floor":10},{"not_picked":["Cold Snap","Barrage"],"picked":"Glacier","floor":12},{"not_picked":["Compile Driver","Conserve Battery"],"picked":"Steam","floor":13}],"player_experience":679139,"relics_obtained":[{"floor":6.0,"key":"Anchor"},{"floor":9.0,"key":"Meat on the Bone"},{"floor":12,"key":"Lantern"}],"event_choices":[{"damage_healed":0.0,"max_hp_gain":0.0,"max_hp_loss":0.0,"gold_gain":0.0,"event_name":"Match and Keep!","player_choice":"2 cards matched","floor":2.0,"gold_loss":0.0,"damage_taken":0.0,"cards_obtained":["Zap","Genetic Algorithm"]},{"damage_healed":0.0,"max_hp_gain":5.0,"max_hp_loss":0.0,"gold_gain":0.0,"event_name":"Big Fish","player_choice":"Donut","floor":4.0,"gold_loss":0.0,"damage_taken":0.0}],"is_beta":false,"boss_relics":[],"items_purged_floors":[8],"is_endless":false,"potions_floor_spawned":[1,5,10,13],"killed_by":"Gremlin Nob","ascension_level":20}