{"gold_per_floor":[109,109,109,134,209,209,209,209,254,288,132,132],"floor_reached":12,"playtime":279,"items_purged":["Strike_R"],"score":78,"play_id":"ecc3a3e4-c0c8-4c5a-9539-a21653d8590d","local_time":"20190127021116","is_ascension_mode":true,"campfire_choices":[{"data":"Body Slam","floor":6,"key":"SMITH"},{"floor":8,"key":"REST"}],"neow_cost":"TEN_PERCENT_HP_LOSS","seed_source_timestamp":1551406394176074,"circlet_count":0,"master_deck":["Strike_R","Strike_R","Strike_R","Defend_R","Defend_R","Defend_R","Defend_R","Bash","Body Slam+1","Entrench"],"relics":["Burning Blood","Calipers","Golden Idol","Pen Nib","Molten Egg 2"],"potions_floor_usage":[],"damage_taken":[{"damage":9,"enemies":"2 Louse","floor":1,"turns":2},{"damage":5,"enemies":"Small Slimes","floor":4,"turns":4},{"damage":43,"enemies":"3 Sentries","floor":10,"turns":11},{"damage":26,"enemies":"Lagavulin","floor":12,"turns":5}],"seed_played":"-1302194393269994404","potions_obtained":[],"is_trial":false,"path_per_floor":["M","?","?","M","?","R","?","R","T","E","$","E"],"character_chosen":"IRONCLAD","items_purchased":["Entrench"],"campfire_rested":1,"item_purchase_floors":[11],"current_hp_per_floor":[69,74,55,56,45,45,45,68,68,31,31,5],"gold":132,"neow_bonus":"ONE_RARE_RELIC","is_prod":false,"is_daily":false,"chose_seed":false,"campfire_upgraded":1,"win_rate":0,"timestamp":1548573076,"path_taken":["M","?","?","M","?","R","?","R","T","E","$","E"],"build_version":"2019-01-23","purchased_purges":1,"victory":false,"max_hp_per_floor":[72,77,77,77,77,77,77,77,77,77,77,77],"card_choices":[{"not_picked":["Warcry","Wild Strike"],"picked":"Body Slam","floor":1},{"not_picked":["Evolve","Twin Strike","Seeing Red"],"picked":"SKIP","floor":4},{"not_picked":["Body Slam","Warcry","Pommel Strike"],"picked":"SKIP","floor":10}],"player_experience":522448,"relics_obtained":[{"floor":9,"key":"Pen Nib"},{"floor":10,"key":"Molten Egg 2"}],"event_choices":[{"damage_healed":0,"gold_gain":0,"player_choice":"Donut","damage_taken":0,"max_hp_gain":5,"max_hp_loss":0,"event_name":"Big Fish","floor":2,"gold_loss":0},{"damage_healed":0,"gold_gain":0,"player_choice":"Take Damage","damage_taken":19,"relics_obtained":["Golden Idol"],"max_hp_gain":0,"max_hp_loss":0,"event_name":"Golden Idol","floor":3,"gold_loss":0},{"damage_healed":0,"gold_gain":75,"player_choice":"Gather Gold","damage_taken":11,"max_hp_gain":0,"max_hp_loss":0,"event_name":"World of Goop","floor":5,"gold_loss":0},{"cards_removed":["Strike_R"],"damage_healed":0,"gold_gain":0,"player_choice":"Purged","damage_taken":0,"max_hp_gain":0,"max_hp_loss":0,"event_name":"Purifier","floor":7,"gold_loss":0}],"is_beta":true,"boss_relics":[],"items_purged_floors":[11],"is_endless":false,"potions_floor_spawned":[],"killed_by":"Lagavulin","ascension_level":1}