{"gold_per_floor":[112,130,148,159,177,205,225,225,279,295,265,16,16,16,16,121,121,133,153,153,153,172,201,201,219,245,278,278,295,295,311,311,411,411,421,19,36,0,0,26,26,26,76,76,88,88,108,123,123,123,123,123,34,62,62],"floor_reached":56,"playtime":2548,"items_purged":["Defend_B"],"score":1246,"play_id":"ec92819a-0e57-4159-b1d1-c7d9ac0f5101","local_time":"20190227220732","is_ascension_mode":false,"campfire_choices":[{"data":"Defragment","floor":8,"key":"SMITH"},{"data":"Chill","floor":13,"key":"SMITH"},{"data":"Coolheaded","floor":15,"key":"SMITH"},{"data":"Biased Cognition","floor":24,"key":"SMITH"},{"data":"Loop","floor":28,"key":"SMITH"},{"data":"Clawfect:Clawrage","floor":30,"key":"SMITH"},{"data":"Self Repair","floor":32,"key":"SMITH"},{"data":"Machine Learning","floor":41,"key":"SMITH"},{"floor":46,"key":"RECALL"},{"data":"Rainbow","floor":49,"key":"SMITH"},{"data":"Skim","floor":52,"key":"SMITH"}],"neow_cost":"NONE","seed_source_timestamp":1856261440516900,"circlet_count":0,"master_deck":["Gash+1","Gash","Gash","Gash","Gash+1","Defend_B","Defend_B","Clawfect:Clawter","Clawfect:ClawpileDriver","Self Repair","Defragment+1","Coolheaded+1","Biased Cognition+1","Chill+1","Clawfect:ClawingBeam","Capacitor+1","Core Surge","Self Repair+1","Clawfect:ClawLightning","Loop+1","Coolheaded","Consume+1","Clawfect:Clawline","Clawfect:Clawrage+1","Clawfect:ClawForTheEyes+1","Machine Learning+1","Consume+1","Skim+1","Trip","Coolheaded","Parasite","Rainbow+1","Clawfect:ClawLightning+1","Panacea","Static Discharge+1"],"relics":["Empty Cage","Potion Belt","Tiny Chest","Runic Capacitor","Runic Dome","Letter Opener","Smiling Mask","Lantern","Whetstone","Lizard Tail","Medical Kit","Centennial Puzzle","Art of War","Nunchaku"],"potions_floor_usage":[5,10,23,55,55,55,55],"damage_taken":[{"damage":7,"enemies":"Small Slimes","floor":1,"turns":3},{"damage":1,"enemies":"Cultist","floor":2,"turns":4},{"damage":1,"enemies":"2 Louse","floor":3,"turns":3},{"damage":7,"enemies":"Blue Slaver","floor":4,"turns":3},{"damage":3,"enemies":"3 Louse","floor":5,"turns":5},{"damage":25,"enemies":"3 Sentries","floor":6,"turns":6},{"damage":6,"enemies":"Large Slime","floor":7,"turns":5},{"damage":0,"enemies":"Lots of Slimes","floor":10,"turns":1},{"damage":1,"enemies":"Looter","floor":11,"turns":4},{"damage":27,"enemies":"Slime Boss","floor":16,"turns":6},{"damage":0,"enemies":"Spheric Guardian","floor":18,"turns":3},{"damage":29,"enemies":"2 Thieves","floor":19,"turns":5},{"damage":31,"enemies":"Snecko","floor":22,"turns":7},{"damage":3,"enemies":"Book of Stabbing","floor":23,"turns":5},{"damage":17,"enemies":"Shelled Parasite and Fungi","floor":25,"turns":5},{"damage":8,"enemies":"Gremlin Leader","floor":27,"turns":6},{"damage":23,"enemies":"Snake Plant","floor":29,"turns":5},{"damage":0,"enemies":"Snecko","floor":31,"turns":6},{"damage":9,"enemies":"Champ","floor":33,"turns":7},{"damage":3,"enemies":"3 Darklings","floor":35,"turns":5},{"damage":11,"enemies":"3 Shapes","floor":37,"turns":6},{"damage":8,"enemies":"Nemesis","floor":40,"turns":7},{"damage":9,"enemies":"Writhing Mass","floor":45,"turns":5},{"damage":6,"enemies":"Sphere and 2 Shapes","floor":47,"turns":6},{"damage":6,"enemies":"3 Darklings","floor":48,"turns":5},{"damage":14,"enemies":"Time Eater","floor":50,"turns":9},{"damage":41,"enemies":"Shield and Spear","floor":54,"turns":6},{"damage":99,"enemies":"The Heart","floor":55,"turns":7}],"seed_played":"7825913978731144589","potions_obtained":[{"floor":1,"key":"AttackPotion"},{"floor":4,"key":"SkillPotion"},{"floor":5,"key":"LiquidBronze"},{"floor":18,"key":"Regen Potion"},{"floor":19,"key":"SkillPotion"},{"floor":31,"key":"LiquidBronze"},{"floor":45,"key":"LiquidBronze"}],"is_trial":false,"path_per_floor":["M","M","M","M","M","E","M","R","T","M","M","$","R","?","R","B",null,"M","M","?","T","M","E","R","M","T","E","R","M","R","M","R","B",null,"M","$","M","$","?","E","R","?","T","?","M","R","M","M","R","B",null,"R","$","E","B",null],"character_chosen":"DEFECT","items_purchased":["Runic Capacitor","Capacitor","Medical Kit","Centennial Puzzle","Skim","Panacea"],"campfire_rested":0,"item_purchase_floors":[12,12,36,36,38,53],"current_hp_per_floor":[68,67,66,66,70,52,53,53,53,53,59,59,59,59,59,39,75,75,60,60,60,36,47,47,44,44,50,50,41,41,55,55,63,75,75,75,75,75,75,75,75,71,71,71,69,69,71,71,71,71,71,71,71,30,21],"gold":62,"neow_bonus":"BOSS_RELIC","is_prod":false,"is_daily":false,"chose_seed":false,"campfire_upgraded":10,"win_rate":0,"timestamp":1551334052,"path_taken":["M","M","M","M","M","E","M","R","T","M","M","$","R","?","R","BOSS","M","?","?","?","M","E","R","M","T","E","R","M","R","M","R","BOSS","M","$","M","$","?","E","R","?","T","?","M","R","M","?","R","BOSS","R","$","E","BOSS"],"build_version":"2019-01-23","purchased_purges":1,"victory":true,"max_hp_per_floor":[75,75,75,75,75,75,75,75,75,75,75,75,75,75,75,75,75,75,75,75,75,75,75,75,75,75,75,75,75,75,75,75,75,75,75,75,75,75,75,75,75,71,71,71,71,71,71,71,71,71,71,71,71,71,71],"card_choices":[{"not_picked":["Capacitor","Reinforced Body"],"picked":"Clawfect:Clawter","floor":1},{"not_picked":["Chaos","Capacitor"],"picked":"Clawfect:ClawpileDriver","floor":2},{"not_picked":["Skim","Clawfect:ClawForTheEyes"],"picked":"Self Repair","floor":3},{"not_picked":["Storm","Clawfect:Clawline"],"picked":"Defragment","floor":4},{"not_picked":["Static Discharge","Clawfect:Clawter"],"picked":"Coolheaded","floor":5},{"not_picked":["Clawfect:Clawter","Coolheaded"],"picked":"Biased Cognition","floor":6},{"not_picked":["Leap","Turbo","Lockon"],"picked":"SKIP","floor":7},{"not_picked":["Hologram","Clawfect:ClawingBeam"],"picked":"Chill","floor":10},{"not_picked":["Turbo","Clawfect:Clawter"],"picked":"Clawfect:ClawingBeam","floor":11},{"not_picked":["Thunder Strike","Buffer"],"picked":"Core Surge","floor":16},{"not_picked":["Gash","Auto Shields"],"picked":"Self Repair","floor":18},{"not_picked":["Steam Power","Conserve Battery"],"picked":"Clawfect:ClawLightning","floor":19},{"not_picked":["Reprogram","Chaos","Steam"],"picked":"SKIP","floor":22},{"not_picked":["Fusion","Sunder"],"picked":"Coolheaded","floor":23},{"not_picked":["Stack","Clawfect:ScrapingClaw"],"picked":"Consume+1","floor":25},{"not_picked":["Turbo","Clawfect:ClawLightning"],"picked":"Clawfect:Clawline","floor":27},{"not_picked":["Gash","FTL"],"picked":"Clawfect:Clawrage","floor":29},{"not_picked":["Force Field+1","Clawfect:ClawLightning"],"picked":"Clawfect:ClawForTheEyes+1","floor":31},{"not_picked":["Amplify","Core Surge"],"picked":"Machine Learning","floor":33},{"not_picked":["Conserve Battery+1","Turbo"],"picked":"Consume+1","floor":35},{"not_picked":["Darkness","Rebound","Leap"],"picked":"SKIP","floor":37},{"not_picked":["Magnetism","Blind"],"picked":"Trip","floor":39},{"not_picked":["Clawfect:ClawpileDriver","Hello World"],"picked":"Coolheaded","floor":40},{"not_picked":["Clawfect:ClawpileDriver+1","Clawfect:ClawForTheEyes"],"picked":"Rainbow","floor":45},{"not_picked":["Conserve Battery","Clawfect:ClawForTheEyes+1","Genetic Algorithm"],"picked":"SKIP","floor":47},{"not_picked":["Stack","Aggregate"],"picked":"Clawfect:ClawLightning+1","floor":48},{"not_picked":["Consume","BootSequence+1"],"picked":"Static Discharge+1","floor":54}],"player_experience":770266,"relics_obtained":[{"floor":6,"key":"Potion Belt"},{"floor":9,"key":"Tiny Chest"},{"floor":21,"key":"Letter Opener"},{"floor":23,"key":"Smiling Mask"},{"floor":26,"key":"Lantern"},{"floor":27,"key":"Whetstone"},{"floor":40,"key":"Art of War"},{"floor":54,"key":"Nunchaku"}],"event_choices":[{"damage_healed":0,"gold_gain":0,"player_choice":"Ignored","damage_taken":0,"max_hp_gain":0,"max_hp_loss":0,"event_name":"NoteForYourself","floor":14,"gold_loss":0},{"damage_healed":0,"gold_gain":0,"player_choice":"Read","damage_taken":0,"max_hp_gain":0,"max_hp_loss":0,"event_name":"The Library","floor":20,"gold_loss":0,"cards_obtained":["Loop"]},{"damage_healed":0,"gold_gain":0,"player_choice":"Memory 1","damage_taken":0,"max_hp_gain":0,"max_hp_loss":0,"event_name":"SensoryStone","floor":39,"gold_loss":0},{"damage_healed":0,"gold_gain":0,"player_choice":"Max HP","damage_taken":0,"max_hp_gain":0,"max_hp_loss":4,"event_name":"Winding Halls","floor":42,"gold_loss":0},{"damage_healed":0,"gold_gain":0,"player_choice":"Upgraded","damage_taken":0,"max_hp_gain":0,"max_hp_loss":0,"event_name":"Upgrade Shrine","floor":44,"gold_loss":0,"cards_upgraded":["Capacitor"]}],"is_beta":false,"boss_relics":[{"not_picked":["Tiny House","Pandora\u0027s Box"],"picked":"Runic Dome"},{"not_picked":["Coffee Dripper","White Beast Statue"],"picked":"Lizard Tail"}],"items_purged_floors":[36],"is_endless":false,"potions_floor_spawned":[1,4,5,18,19,31,45],"ascension_level":0}