{"gold_per_floor":[211,211,226,95,95,95,123,123,173,173,183,6,22,22,22,101,101,118,145,103,113,113,113,140,140,140,160,160,35,35,54,54,54],"floor_reached":33,"playtime":978,"items_purged":["Strike_G","Defend_G","Strike_G"],"score":522,"play_id":"ca75faf9-0496-4627-9d85-ecc3d1a29933","local_time":"20181102090744","is_ascension_mode":true,"campfire_choices":[{"data":"Neutralize","floor":6.0,"key":"SMITH"},{"floor":8.0,"key":"REST"},{"floor":10.0,"key":"REST"},{"data":"Adrenaline","floor":15.0,"key":"SMITH"},{"data":"Malaise","floor":23,"key":"SMITH"},{"floor":25,"key":"REST"},{"floor":28,"key":"REST"},{"data":"Backflip","floor":30,"key":"SMITH"},{"floor":32,"key":"REST"}],"neow_cost":"NONE","seed_source_timestamp":45668467407832,"circlet_count":0,"master_deck":["AscendersBane","Defend_G","Defend_G","Defend_G","Defend_G","Strike_G","Strike_G","Strike_G","Survivor","Neutralize+1","Infinite Blades","Backflip+1","Adrenaline+1","Infinite Blades","Malaise+1","Infinite Blades"],"special_seed":0,"relics":["Ring of the Snake","Ninja Scroll","Omamori","Juzu Bracelet","Potion Belt","CultistMask","WristBlade","Snake Skull","Art of War","Blue Candle"],"potions_floor_usage":[16,16,16,24,33],"damage_taken":[{"damage":1.0,"enemies":"2 Louse","floor":1.0,"turns":3.0},{"damage":0.0,"enemies":"Cultist","floor":3.0,"turns":3.0},{"damage":39.0,"enemies":"Gremlin Nob","floor":7.0,"turns":6.0},{"damage":0.0,"enemies":"Jaw Worm","floor":11.0,"turns":3.0},{"damage":1.0,"enemies":"Large Slime","floor":13.0,"turns":5.0},{"damage":25,"enemies":"Hexaghost","floor":16,"turns":11},{"damage":5,"enemies":"Shell Parasite","floor":18,"turns":6},{"damage":8,"enemies":"Spheric Guardian","floor":21,"turns":4},{"damage":16,"enemies":"Book of Stabbing","floor":24,"turns":7},{"damage":14,"enemies":"Centurion and Healer","floor":27,"turns":7},{"damage":5,"enemies":"Shelled Parasite and Fungi","floor":31,"turns":6},{"damage":93,"enemies":"Collector","floor":33,"turns":7}],"seed_played":"-1663656770331975910","potions_obtained":[{"floor":1.0,"key":"Weak Potion"},{"floor":11.0,"key":"PowerPotion"},{"floor":13.0,"key":"SteroidPotion"},{"floor":18,"key":"GamblersBrew"},{"floor":27,"key":"SteroidPotion"}],"is_trial":false,"path_per_floor":["M","?","M","$","T","R","E","R","T","R","M","$","M","?","R","B",null,"M","T","$","M","?","R","E","R","T","M","R","$","R","M","R","B"],"character_chosen":"THE_SILENT","items_purchased":["Backflip","Infinite Blades","Infinite Blades"],"campfire_rested":5,"item_purchase_floors":[4,12,20],"current_hp_per_floor":[58,58,58,58,58,58,19,38,38,57,57,57,56,56,56,31,57,52,52,52,44,44,44,28,47,47,33,52,52,52,47,66,0],"gold":54,"neow_bonus":"HUNDRED_GOLD","is_prod":false,"is_daily":false,"chose_seed":false,"campfire_upgraded":4,"win_rate":0,"timestamp":1541174864,"path_taken":["M","?","M","$","?","R","E","R","T","R","M","?","M","?","R","BOSS","M","?","$","M","?","R","E","R","T","M","R","$","R","M","R","BOSS"],"build_version":"2018-11-01","purchased_purges":3,"victory":false,"max_hp_per_floor":[66,66,66,66,66,66,66,66,66,66,66,66,66,66,66,66,66,66,66,66,66,66,66,66,66,66,66,66,66,66,66,66,66],"card_choices":[{"not_picked":["Terror","Cloak And Dagger"],"picked":"Infinite Blades","floor":1.0},{"not_picked":["Acrobatics","Reflex","Dodge and Roll"],"picked":"SKIP","floor":3.0},{"not_picked":["Dagger Throw","Dodge and Roll","Eviscerate"],"picked":"SKIP","floor":7.0},{"not_picked":["Footwork","Skewer"],"picked":"Adrenaline","floor":11.0},{"not_picked":["Blade Dance","Deadly Poison","Tactician"],"picked":"SKIP","floor":13.0},{"not_picked":["Unload","Phantasmal Killer"],"picked":"Malaise","floor":16},{"not_picked":["Blade Dance","Bouncing Flask","PiercingWail"],"picked":"SKIP","floor":18},{"not_picked":["Deflect","Concentrate+1","Slice"],"picked":"SKIP","floor":21},{"not_picked":["Dagger Throw","Concentrate","Underhanded Strike"],"picked":"SKIP","floor":24},{"not_picked":["Catalyst","Endless Agony","Burst"],"picked":"SKIP","floor":27},{"not_picked":["Reflex","Finisher","Distraction"],"picked":"SKIP","floor":31}],"player_experience":590781,"relics_obtained":[{"floor":2.0,"key":"Ninja Scroll"},{"floor":5.0,"key":"Omamori"},{"floor":7.0,"key":"Juzu Bracelet"},{"floor":9.0,"key":"Potion Belt"},{"floor":19,"key":"Snake Skull"},{"floor":24,"key":"Art of War"},{"floor":26,"key":"Blue Candle"}],"event_choices":[{"damage_healed":0.0,"max_hp_gain":0.0,"max_hp_loss":0.0,"gold_gain":0.0,"event_name":"Wheel of Change","player_choice":"Relic","floor":2.0,"gold_loss":0.0,"damage_taken":0.0},{"damage_healed":0.0,"max_hp_gain":0.0,"max_hp_loss":0.0,"gold_gain":0.0,"event_name":"FaceTrader","player_choice":"Trade","floor":14.0,"gold_loss":0.0,"damage_taken":0.0,"relics_obtained":["CultistMask"]},{"damage_healed":0,"gold_gain":0,"player_choice":"Ignored","damage_taken":0,"max_hp_gain":0,"max_hp_loss":0,"event_name":"Ghosts","floor":22,"gold_loss":0}],"is_beta":false,"boss_relics":[{"not_picked":["White Beast Statue","Ectoplasm"],"picked":"WristBlade"}],"items_purged_floors":[4,12,29],"is_endless":false,"potions_floor_spawned":[1,11,13,18,27],"killed_by":"Collector","ascension_level":20}