{"path_per_floor":["M","$","?","T","?","R","?","R","T","M","?","M","E","$","R","B",null,"M","?","M","M","M","R","?","R","T","M","M","E","M","?","R","B",null,"M","M","M","M","?","R","?","M","T","M","M","?","M","M","R","B"],"character_chosen":"THE_SILENT","items_purchased":["Gremlin Horn","Cloak And Dagger","Paper Crane","Leg Sweep"],"gold_per_floor":[411,57,7,31,206,206,206,206,231,247,247,262,287,24,24,124,124,144,69,36,47,66,66,66,66,89,109,125,153,173,173,173,278,278,291,308,326,341,393,393,393,405,451,462,478,478,498,509,509,509],"floor_reached":51,"campfire_rested":3,"playtime":4085,"current_hp_per_floor":[63,63,63,63,63,63,63,63,63,65,65,65,16,16,38,16,60,60,60,58,58,49,49,35,35,35,35,35,42,35,35,62,2,68,68,68,70,72,68,68,56,58,58,55,52,52,54,56,87,61],"items_purged":["Clumsy"],"gold":509,"score":1051,"play_id":"415ea1a5-29c7-4963-aa29-3f88ed83063e","local_time":"20180316175558","is_prod":false,"is_daily":false,"is_ascension_mode":true,"campfire_upgraded":5,"timestamp":1521190558,"path_taken":["M","$","?","?","?","R","?","R","T","?","?","M","E","$","R","BOSS","M","?","M","M","M","R","?","R","T","M","?","E","M","?","R","BOSS","M","M","M","M","?","R","?","M","T","?","M","?","M","M","R","BOSS"],"build_version":"2018-03-15","purchased_purges":1,"victory":true,"master_deck":["Defend_G","Defend_G","Defend_G","Defend_G","Defend_G","Strike_G","Strike_G","Strike_G","Survivor","Neutralize+1","PiercingWail","Cloak And Dagger+1","Burst+1","Leg Sweep","Doppelganger+1","Blade Dance+1","Finisher+1","Footwork+1","Adrenaline","Acrobatics+1","Escape Plan","A Thousand Cuts+1","Acrobatics","Adrenaline","Madness","Madness","Expertise+1"],"max_hp_per_floor":[70,70,70,70,70,70,70,70,70,72,72,72,74,74,74,74,74,74,74,76,76,76,76,81,81,81,81,81,88,90,90,90,90,90,90,90,92,94,96,96,96,98,98,98,100,100,102,104,104,104],"relics":["Ring of the Snake","Old Coin","Gremlin Horn","Omamori","Bag of Marbles","Singing Bowl","The Courier","Paper Crane","Sozu","Oddly Smooth Stone","Strawberry","Ancient Tea Set","Lizard Tail","Tingsha","Bronze Scales"],"card_choices":[{"not_picked":["Expertise","Crippling Poison"],"picked":"PiercingWail"},{"not_picked":["Backflip","Backstab"],"picked":"Burst"},{"not_picked":["Tactician","Glass Knife"],"picked":"Doppelganger"},{"not_picked":["Well Laid Plans","Backflip"],"picked":"Blade Dance"},{"not_picked":["Dodge and Roll","Backflip"],"picked":"Finisher"},{"not_picked":["Poisoned Stab","Infinite Blades"],"picked":"Footwork"},{"not_picked":["Dodge and Roll","Blade Dance"],"picked":"Adrenaline"},{"not_picked":["Terror","Prepared"],"picked":"Acrobatics"},{"not_picked":["Dodge and Roll","Terror"],"picked":"Escape Plan"},{"not_picked":["Tactician","Bullet Time"],"picked":"A Thousand Cuts"},{"not_picked":["Outmaneuver","PiercingWail"],"picked":"Acrobatics"},{"not_picked":["Escape Plan","Backflip"],"picked":"Adrenaline"},{"not_picked":["Cloak And Dagger","Distraction"],"picked":"Expertise"}],"player_experience":288519,"potions_floor_usage":[13,16],"damage_taken":[{"damage":0,"enemies":"Small Slimes","floor":1,"turns":3},{"damage":0,"enemies":"2 Louse","floor":10,"turns":1},{"damage":0,"enemies":"Cultist","floor":12,"turns":5},{"damage":57,"enemies":"Gremlin Nob","floor":13,"turns":7},{"damage":22,"enemies":"The Guardian","floor":16,"turns":34},{"damage":0,"enemies":"Shell Parasite","floor":18,"turns":16},{"damage":4,"enemies":"2 Thieves","floor":20,"turns":5},{"damage":0,"enemies":"Centurion and Healer","floor":21,"turns":10},{"damage":9,"enemies":"Snecko","floor":22,"turns":7},{"damage":0,"enemies":"3 Cultists","floor":27,"turns":6},{"damage":0,"enemies":"Snake Plant","floor":28,"turns":4},{"damage":0,"enemies":"Book of Stabbing","floor":29,"turns":5},{"damage":9,"enemies":"Snecko","floor":30,"turns":6},{"damage":60,"enemies":"Automaton","floor":33,"turns":20},{"damage":0,"enemies":"Orb Walker","floor":35,"turns":2},{"damage":0,"enemies":"3 Shapes","floor":36,"turns":4},{"damage":0,"enemies":"Sphere and 2 Shapes","floor":37,"turns":5},{"damage":0,"enemies":"4 Shapes","floor":38,"turns":4},{"damage":6,"enemies":"신비한 구체","floor":39,"turns":4},{"damage":0,"enemies":"Maw","floor":42,"turns":7},{"damage":3,"enemies":"Sphere and 2 Shapes","floor":44,"turns":4},{"damage":5,"enemies":"4 Shapes","floor":45,"turns":4},{"damage":0,"enemies":"3 Darklings","floor":47,"turns":2},{"damage":0,"enemies":"Maw","floor":48,"turns":6},{"damage":26,"enemies":"Awakened One","floor":50,"turns":17}],"event_choices":[{"event_name":"The Cleric","player_choice":"Card Removal","floor":3,"damage_taken":0},{"event_name":"Liars Game","player_choice":"agreed","floor":5,"damage_taken":0},{"event_name":"Dead Adventurer","player_choice":"Searched \u00271\u0027 times","floor":7,"damage_taken":0},{"event_name":"Transmorgrifier","player_choice":"Transform","floor":11,"damage_taken":0},{"event_name":"Beggar","player_choice":"Gave Gold","floor":19,"damage_taken":0},{"event_name":"Forgotten Altar","player_choice":"Shed Blood","floor":24,"damage_taken":0},{"event_name":"The Mausoleum","player_choice":"Yes","floor":31,"damage_taken":0},{"event_name":"Mysterious Sphere","player_choice":"Fight","floor":39,"damage_taken":0},{"event_name":"Winding Halls","player_choice":"Embrace Madness","floor":41,"damage_taken":0},{"event_name":"Match and Keep!","player_choice":"0 cards matched","floor":46,"damage_taken":0}],"boss_relics":[{"not_picked":["Tiny House","Runic Dome"],"picked":"Sozu"},{"not_picked":["Eternal Feather","The Specimen"],"picked":"Lizard Tail"}],"potions_floor_spawned":[1,13,18,29,30,36,38,42,44],"seed_played":"-6128680030180454498","ascension_level":9,"is_trial":false}