{"gold_per_floor":[116,127,127,127,144,177,197,226,253,273,273,273,292,324,324,422,422,441,366,366,386,398,398,425,425,425,340,340,63,63,78,78,178,178,188,188,207,63,81,81,106,106,152,52,72,72,90,115,115,115],"floor_reached":51,"playtime":2103,"items_purged":["Strike_R","Strike_R"],"score":910,"play_id":"3ab2c2da-65e1-4816-8aae-564160452782","local_time":"20190303151956","is_ascension_mode":true,"campfire_choices":[{"data":"Flex","floor":12,"key":"SMITH"},{"data":"Limit Break","floor":15,"key":"SMITH"},{"floor":23,"key":"REST"},{"floor":30,"key":"REST"},{"floor":32,"key":"REST"},{"data":"True Grit","floor":40,"key":"SMITH"},{"data":"Flex","floor":42,"key":"SMITH"},{"floor":46,"key":"REST"},{"data":"Warcry","floor":49,"key":"SMITH"}],"neow_cost":"TEN_PERCENT_HP_LOSS","seed_source_timestamp":22473109998902,"circlet_count":0,"master_deck":["Defend_R","Defend_R","Bash","Hemokinesis+1","Clothesline","Anger","True Grit+1","Offering","Rampage+1","Flex+1","Limit Break+1","Flex+1","Parasite","Offering","Inflame","Warcry+1","Battle Trance","Feed","True Grit+1","Feel No Pain+1"],"relics":["Burning Blood","Dream Catcher","Anchor","Bronze Scales","Happy Flower","Mark of Pain","Orichalcum","Juzu Bracelet","Centennial Puzzle","Brimstone","Runic Pyramid","Whetstone","Frozen Egg 2","Lantern","PreservedInsect"],"potions_floor_usage":[6,8,10,14,14,16,22,41,50,50],"damage_taken":[{"damage":10,"enemies":"Small Slimes","floor":1,"turns":3},{"damage":0,"enemies":"2 Louse","floor":2,"turns":2},{"damage":0,"enemies":"Cultist","floor":5,"turns":2},{"damage":32,"enemies":"3 Sentries","floor":6,"turns":8},{"damage":10,"enemies":"3 Louse","floor":7,"turns":4},{"damage":9,"enemies":"Gremlin Nob","floor":8,"turns":2},{"damage":11,"enemies":"Exordium Wildlife","floor":10,"turns":3},{"damage":0,"enemies":"Looter","floor":13,"turns":2},{"damage":32,"enemies":"3 Sentries","floor":14,"turns":6},{"damage":34,"enemies":"Hexaghost","floor":16,"turns":7},{"damage":27,"enemies":"Spheric Guardian","floor":18,"turns":4},{"damage":6,"enemies":"Chosen","floor":21,"turns":3},{"damage":18,"enemies":"Snake Plant","floor":22,"turns":3},{"damage":57,"enemies":"Slavers","floor":24,"turns":6},{"damage":9,"enemies":"Centurion and Healer","floor":31,"turns":3},{"damage":20,"enemies":"Champ","floor":33,"turns":5},{"damage":15,"enemies":"3 Darklings","floor":35,"turns":3},{"damage":9,"enemies":"Orb Walker","floor":37,"turns":2},{"damage":20,"enemies":"Writhing Mass","floor":39,"turns":3},{"damage":8,"enemies":"Nemesis","floor":41,"turns":3},{"damage":8,"enemies":"3 Darklings","floor":45,"turns":2},{"damage":8,"enemies":"Spire Growth","floor":47,"turns":3},{"damage":16,"enemies":"Giant Head","floor":48,"turns":4},{"damage":38,"enemies":"Donu and Deca","floor":50,"turns":4}],"seed_played":"-1261968065348274947","potions_obtained":[{"floor":2,"key":"Fire Potion"},{"floor":6,"key":"Energy Potion"},{"floor":7,"key":"Dexterity Potion"},{"floor":8,"key":"GamblersBrew"},{"floor":10,"key":"Swift Potion"},{"floor":13,"key":"AttackPotion"},{"floor":21,"key":"Poison Potion"},{"floor":22,"key":"Energy Potion"},{"floor":31,"key":"SpeedPotion"},{"floor":37,"key":"SteroidPotion"},{"floor":45,"key":"EssenceOfSteel"},{"floor":48,"key":"SteroidPotion"}],"is_trial":false,"path_per_floor":["M","M","?","?","M","E","M","E","T","M","?","R","M","E","R","B",null,"M","?","?","M","M","R","E","?","T","?","?","$","R","M","R","B",null,"M","?","M","$","M","R","E","R","T","$","M","R","M","E","R","B",null],"character_chosen":"IRONCLAD","items_purchased":["Brimstone","Whetstone"],"campfire_rested":4,"item_purchase_floors":[29,38],"current_hp_per_floor":[68,72,77,77,77,51,47,44,44,39,58,58,64,38,38,10,77,56,56,56,56,44,67,16,2,2,2,2,2,26,23,47,33,82,73,73,73,73,59,59,60,60,60,60,61,87,88,81,81,52],"gold":115,"neow_bonus":"TRANSFORM_TWO_CARDS","is_prod":false,"is_daily":false,"chose_seed":false,"campfire_upgraded":5,"win_rate":0,"timestamp":1551622796,"path_taken":["M","M","?","?","M","E","?","E","T","M","?","R","M","E","R","BOSS","M","?","?","M","M","R","E","?","T","?","?","$","R","M","R","BOSS","M","?","M","$","M","R","E","R","T","$","M","R","M","E","R","BOSS"],"build_version":"2019-01-23","purchased_purges":2,"victory":true,"max_hp_per_floor":[72,72,77,77,77,77,77,77,77,77,77,77,77,77,77,77,77,77,77,77,77,77,77,77,82,82,82,82,82,82,82,82,82,82,82,78,81,81,81,81,84,84,84,84,87,87,90,93,93,96],"card_choices":[{"not_picked":["Body Slam","Heavy Blade"],"picked":"Anger","floor":1},{"not_picked":["Power Through","Sever Soul"],"picked":"True Grit","floor":2},{"not_picked":["Battle Trance","Warcry"],"picked":"Offering","floor":5},{"not_picked":["Warcry","Uppercut"],"picked":"Rampage","floor":6},{"not_picked":["Wild Strike","Thunderclap"],"picked":"Flex","floor":7},{"not_picked":["Clash","Warcry"],"picked":"Limit Break","floor":8},{"not_picked":["Seeing Red","Pommel Strike"],"picked":"Flex","floor":10},{"not_picked":["Sentinel","Heavy Blade","Wild Strike"],"picked":"SKIP","floor":13},{"not_picked":["Shrug It Off","Clothesline","Immolate"],"picked":"SKIP","floor":14},{"not_picked":["Berserk","Limit Break"],"picked":"Offering","floor":16},{"not_picked":["Flame Barrier","Anger","Armaments"],"picked":"SKIP","floor":18},{"not_picked":["Twin Strike","Flex"],"picked":"Inflame","floor":21},{"not_picked":["Cleave","Flex","Clash"],"picked":"SKIP","floor":22},{"not_picked":["Rupture","Flex","Dual Wield"],"picked":"SKIP","floor":24},{"not_picked":["Juggernaut","Disarm","True Grit"],"picked":"SKIP","floor":31},{"not_picked":["Demon Form","Fiend Fire"],"picked":"Feed","floor":33},{"not_picked":["Cleave","Seeing Red","Armaments"],"picked":"SKIP","floor":35},{"not_picked":["Pommel Strike","Blood for Blood"],"picked":"True Grit+1","floor":37},{"not_picked":["Flex","Infernal Blade+1"],"picked":"Feel No Pain+1","floor":39},{"not_picked":["Entrench","Hemokinesis","Wild Strike"],"picked":"SKIP","floor":41},{"not_picked":["Anger+1","Carnage+1","Heavy Blade+1"],"picked":"SKIP","floor":45},{"not_picked":["Hemokinesis+1","Shockwave+1","Dual Wield"],"picked":"SKIP","floor":47},{"not_picked":["Barricade+1","True Grit","Headbutt+1"],"picked":"SKIP","floor":48}],"player_experience":1055388,"relics_obtained":[{"floor":6,"key":"Dream Catcher"},{"floor":8,"key":"Anchor"},{"floor":9,"key":"Bronze Scales"},{"floor":14,"key":"Happy Flower"},{"floor":24,"key":"Orichalcum"},{"floor":26,"key":"Juzu Bracelet"},{"floor":41,"key":"Frozen Egg 2"},{"floor":43,"key":"Lantern"},{"floor":48,"key":"PreservedInsect"}],"event_choices":[{"damage_healed":0,"gold_gain":0,"player_choice":"Donut","damage_taken":0,"max_hp_gain":5,"max_hp_loss":0,"event_name":"Big Fish","floor":3,"gold_loss":0},{"damage_healed":0,"gold_gain":0,"player_choice":"Cursed","damage_taken":0,"max_hp_gain":0,"max_hp_loss":0,"event_name":"Wheel of Change","floor":4,"gold_loss":0,"cards_obtained":["Decay"]},{"damage_healed":19,"gold_gain":0,"player_choice":"Healed and dodged fight","damage_taken":0,"max_hp_gain":0,"max_hp_loss":0,"event_name":"Mushrooms","floor":11,"gold_loss":0,"cards_obtained":["Parasite"]},{"cards_removed":["Decay"],"damage_healed":0,"gold_gain":0,"player_choice":"Gave Gold","damage_taken":0,"max_hp_gain":0,"max_hp_loss":0,"event_name":"Beggar","floor":19,"gold_loss":75},{"cards_removed":["Strike_R"],"damage_healed":0,"gold_gain":0,"player_choice":"Elegance","damage_taken":0,"max_hp_gain":0,"max_hp_loss":0,"event_name":"Back to Basics","floor":20,"gold_loss":0},{"damage_healed":0,"gold_gain":0,"player_choice":"Shed Blood","damage_taken":19,"max_hp_gain":5,"max_hp_loss":0,"event_name":"Forgotten Altar","floor":25,"gold_loss":0},{"damage_healed":0,"gold_gain":0,"player_choice":"Obtained Relic","damage_taken":0,"relics_obtained":["Centennial Puzzle"],"max_hp_gain":0,"max_hp_loss":0,"event_name":"Addict","floor":27,"gold_loss":85},{"damage_healed":0,"gold_gain":0,"cards_transformed":["Strike_R","Strike_R"],"player_choice":"Became Test Subject","damage_taken":0,"max_hp_gain":0,"max_hp_loss":0,"event_name":"Drug Dealer","floor":28,"gold_loss":0,"cards_obtained":["Warcry","Battle Trance"]},{"damage_healed":0,"gold_gain":0,"player_choice":"Max HP","damage_taken":0,"max_hp_gain":0,"max_hp_loss":4,"event_name":"Winding Halls","floor":36,"gold_loss":0}],"is_beta":false,"boss_relics":[{"not_picked":["Black Star","Lizard Tail"],"picked":"Mark of Pain"},{"not_picked":["Calling Bell","Snecko Eye"],"picked":"Runic Pyramid"}],"items_purged_floors":[29,44],"is_endless":false,"potions_floor_spawned":[2,6,7,8,10,13,21,22,31,37,45,48],"ascension_level":1}