{"gold_per_floor":[117,132,57,74,74,94,104,120,120,45,56,83,100,116,116,211,211,224,242,117,135,146,161,161,161,161,187,200,200,218,218,218,320,320,337,351,351,351,366,366,398,11,37,37,37,62,82,97,97,97],"floor_reached":50,"playtime":1970,"items_purged":["Defend_R","Strike_R","Strike_R+1"],"score":527,"play_id":"f3018555-9625-4f0c-97c3-ede993e22b4f","local_time":"20181209135451","is_ascension_mode":false,"campfire_choices":[{"data":"Clash","floor":15,"key":"SMITH"},{"data":"Shrug It Off","floor":25,"key":"SMITH"},{"floor":29,"key":"REST"},{"floor":32,"key":"REST"},{"floor":40,"key":"REST"},{"floor":49,"key":"REST"}],"neow_cost":"NONE","seed_source_timestamp":832126996173621,"circlet_count":0,"master_deck":["Strike_R+1","Strike_R+1","Strike_R+1","Defend_R+1","Bash","Clash","Iron Wave","Twin Strike","Pommel Strike","Clash+1","Whirlwind","Twin Strike","Iron Wave","Clash+1","Shrug It Off+1","Double Tap","Thunderclap+1","Clash+1","Perfected Strike+1","Perfected Strike+1","The Bomb"],"relics":["Burning Blood","Molten Egg 2","Dodecahedron","Bottled Lightning","Potion Belt","Sozu","Frozen Egg 2","Pantograph","Oddly Smooth Stone","Vajra"],"potions_floor_usage":[12,18,19,22,23,23,27,39],"damage_taken":[{"damage":1,"enemies":"Cultist","floor":1,"turns":3},{"damage":0,"enemies":"Small Slimes","floor":2,"turns":3},{"damage":4,"enemies":"2 Louse","floor":4,"turns":2},{"damage":1,"enemies":"Exordium Wildlife","floor":6,"turns":3},{"damage":9,"enemies":"2 Fungi Beasts","floor":7,"turns":2},{"damage":0,"enemies":"Looter","floor":8,"turns":2},{"damage":6,"enemies":"3 Louse","floor":11,"turns":2},{"damage":14,"enemies":"Lagavulin","floor":12,"turns":4},{"damage":5,"enemies":"Large Slime","floor":13,"turns":3},{"damage":0,"enemies":"Exordium Wildlife","floor":14,"turns":2},{"damage":9,"enemies":"Slime Boss","floor":16,"turns":8},{"damage":0,"enemies":"Spheric Guardian","floor":18,"turns":2},{"damage":10,"enemies":"2 Thieves","floor":19,"turns":2},{"damage":6,"enemies":"Centurion and Healer","floor":21,"turns":4},{"damage":11,"enemies":"3 Cultists","floor":22,"turns":4},{"damage":29,"enemies":"Shelled Parasite and Fungi","floor":23,"turns":3},{"damage":41,"enemies":"Slavers","floor":27,"turns":4},{"damage":0,"enemies":"Snecko","floor":28,"turns":3},{"damage":15,"enemies":"Snake Plant","floor":30,"turns":3},{"damage":30,"enemies":"Collector","floor":33,"turns":7},{"damage":10,"enemies":"Orb Walker","floor":35,"turns":3},{"damage":39,"enemies":"3 Darklings","floor":36,"turns":4},{"damage":0,"enemies":"Sphere and 2 Shapes","floor":39,"turns":3},{"damage":57,"enemies":"Nemesis","floor":41,"turns":5},{"damage":0,"enemies":"Jaw Worm Horde","floor":47,"turns":2},{"damage":30,"enemies":"3 Darklings","floor":48,"turns":3},{"damage":86,"enemies":"Time Eater","floor":50,"turns":6}],"seed_played":"7980211756224738003","potions_obtained":[{"floor":7,"key":"BloodPotion"},{"floor":11,"key":"Block Potion"},{"floor":12,"key":"FearPotion"},{"floor":13,"key":"PowerPotion"},{"floor":16,"key":"PowerPotion"},{"floor":19,"key":"Dexterity Potion"},{"floor":21,"key":"FearPotion"},{"floor":23,"key":"PowerPotion"},{"floor":28,"key":"Ancient Potion"}],"is_trial":false,"path_per_floor":["M","M","$","M","?","M","M","M","T","$","M","E","M","M","R","B",null,"M","M","$","M","M","M","?","R","T","E","M","R","M","?","R","B",null,"M","M","?","?","M","R","E","$","T","?","?","T","M","M","R","B"],"character_chosen":"IRONCLAD","items_purchased":["Twin Strike","Pommel Strike","Clash+1","Pantograph"],"campfire_rested":4,"item_purchase_floors":[3,3,20,42],"current_hp_per_floor":[88,88,88,88,88,88,85,88,88,88,88,80,81,87,87,84,88,88,84,84,84,79,64,64,64,64,29,35,61,52,52,78,54,88,84,51,51,51,57,83,32,32,32,32,77,77,77,53,76,0],"gold":97,"neow_bonus":"TEN_PERCENT_HP_BONUS","is_prod":false,"is_daily":false,"chose_seed":false,"campfire_upgraded":2,"win_rate":0,"timestamp":1544381691,"path_taken":["M","M","?","M","?","M","M","M","T","$","M","E","M","M","R","BOSS","M","M","$","M","M","M","?","R","T","E","M","R","M","?","R","BOSS","M","M","?","?","M","R","E","$","T","?","?","?","?","M","R","BOSS"],"build_version":"2018-12-06","purchased_purges":3,"victory":false,"max_hp_per_floor":[88,88,88,88,88,88,88,88,88,88,88,88,88,88,88,88,88,88,88,88,88,88,88,88,88,88,88,88,88,88,88,88,88,88,88,88,88,88,88,88,88,88,88,88,77,77,77,77,77,77],"card_choices":[{"not_picked":["Flex","Rage"],"picked":"Clash","floor":1},{"not_picked":["Anger","Thunderclap"],"picked":"Iron Wave","floor":2},{"not_picked":["Infernal Blade","Battle Trance"],"picked":"Clash","floor":4},{"not_picked":["Intimidate","Body Slam"],"picked":"Whirlwind","floor":6},{"not_picked":["Evolve","Armaments"],"picked":"Twin Strike","floor":7},{"not_picked":["Flex","Evolve"],"picked":"Iron Wave","floor":8},{"not_picked":["Headbutt+1","Anger+1"],"picked":"Clash+1","floor":11},{"not_picked":["Flame Barrier","Carnage+1","Spot Weakness"],"picked":"SKIP","floor":12},{"not_picked":["Pummel+1","Ghostly Armor","Reckless Charge+1"],"picked":"SKIP","floor":13},{"not_picked":["Warcry","Flame Barrier"],"picked":"Shrug It Off","floor":14},{"not_picked":["Dark Embrace","Feed+1"],"picked":"Double Tap","floor":16},{"not_picked":["Iron Wave+1","Combust"],"picked":"Thunderclap+1","floor":18},{"not_picked":["Metallicize","Pommel Strike+1","Flex+1"],"picked":"SKIP","floor":19},{"not_picked":["Brutality","Sentinel+1","Wild Strike+1"],"picked":"SKIP","floor":21},{"not_picked":["Pommel Strike+1","Combust"],"picked":"Perfected Strike+1","floor":22},{"not_picked":["Sword Boomerang+1","Clothesline+1","Flex"],"picked":"SKIP","floor":23},{"not_picked":["True Grit+1","Sword Boomerang+1","Reckless Charge+1"],"picked":"SKIP","floor":27},{"not_picked":["Flex","Havoc+1"],"picked":"Perfected Strike+1","floor":28},{"not_picked":["Seeing Red","Feel No Pain","Cleave+1"],"picked":"SKIP","floor":30},{"not_picked":["Burning Pact","Clothesline+1","Inflame+1"],"picked":"SKIP","floor":35},{"not_picked":["Clothesline+1","Uppercut+1","Infernal Blade"],"picked":"SKIP","floor":36},{"not_picked":["Iron Wave+1","Flex","Rage"],"picked":"SKIP","floor":39},{"not_picked":["Pommel Strike+1","Sword Boomerang+1","Searing Blow+1"],"picked":"SKIP","floor":41},{"not_picked":["Trip","Blind"],"picked":"The Bomb","floor":44},{"not_picked":["Shrug It Off","Sever Soul+1","Cleave+1"],"picked":"SKIP","floor":47},{"not_picked":["Sentinel+1","Havoc+1","Clothesline+1"],"picked":"SKIP","floor":48}],"player_experience":210743,"relics_obtained":[{"floor":9,"key":"Molten Egg 2"},{"floor":12,"key":"Dodecahedron"},{"floor":26,"key":"Bottled Lightning"},{"floor":27,"key":"Potion Belt"},{"floor":41,"key":"Frozen Egg 2"},{"floor":43,"key":"Oddly Smooth Stone"},{"floor":46,"key":"Vajra"}],"event_choices":[{"cards_removed":["Defend_R"],"damage_healed":0,"gold_gain":0,"player_choice":"Forget","damage_taken":0,"max_hp_gain":0,"max_hp_loss":0,"event_name":"Living Wall","floor":5,"gold_loss":0},{"damage_healed":0,"gold_gain":0,"player_choice":"Simplicity","damage_taken":0,"max_hp_gain":0,"max_hp_loss":0,"event_name":"Back to Basics","floor":24,"gold_loss":0,"cards_upgraded":["Strike_R","Strike_R","Strike_R","Strike_R","Defend_R","Defend_R"]},{"damage_healed":0,"gold_gain":0,"player_choice":"Ignored","damage_taken":0,"max_hp_gain":0,"max_hp_loss":0,"event_name":"The Mausoleum","floor":31,"gold_loss":0},{"damage_healed":0,"gold_gain":0,"player_choice":"Ignored","damage_taken":0,"max_hp_gain":0,"max_hp_loss":0,"event_name":"Tomb of Lord Red Mask","floor":37,"gold_loss":0},{"cards_removed":["Defend_R"],"damage_healed":0,"gold_gain":0,"player_choice":"Removed Skill","damage_taken":0,"max_hp_gain":0,"max_hp_loss":0,"event_name":"Falling","floor":38,"gold_loss":0},{"damage_healed":0,"gold_gain":0,"player_choice":"Memory 1","damage_taken":0,"max_hp_gain":0,"max_hp_loss":0,"event_name":"SensoryStone","floor":44,"gold_loss":0},{"damage_healed":77,"gold_gain":0,"player_choice":"Heal","damage_taken":0,"max_hp_gain":0,"max_hp_loss":11,"event_name":"The Moai Head","floor":45,"gold_loss":0}],"is_beta":false,"boss_relics":[{"not_picked":["Snecko Eye","Calling Bell","Mark of Pain"]},{"not_picked":["Runic Cube","Runic Dome"],"picked":"Sozu"}],"items_purged_floors":[10,20,42],"is_endless":false,"potions_floor_spawned":[7,11,12,13,16,19,21,23,28,47,48],"killed_by":"Time Eater","ascension_level":0}