{"gold_per_floor":[119,119,119,137,11,11,36,93,120,120,120,132,160,239,239,342,342,352,185,202,202,217,243,258,289,289,289,289,308,308,318,318,414,414,431,116,116,134,147,147,179,179,179,204,204,224,242,117,117,117,117,117,41,75,75],"floor_reached":55,"playtime":2994,"items_purged":["Strike_R","Defend_R","Defend_R"],"score":856,"play_id":"bc5621ff-d906-4a97-873e-3e4fad261b9d","local_time":"20190202144020","is_ascension_mode":true,"campfire_choices":[{"data":"Body Slam","floor":6,"key":"SMITH"},{"data":"Armaments","floor":10,"key":"SMITH"},{"floor":15,"key":"REST"},{"floor":28,"key":"RECALL"},{"data":"Barricade","floor":30,"key":"SMITH"},{"data":"Flame Barrier","floor":32,"key":"SMITH"},{"data":"Double Tap","floor":40,"key":"SMITH"},{"data":"Juggernaut","floor":42,"key":"SMITH"},{"data":"Power Through","floor":49,"key":"SMITH"},{"data":"Carnage","floor":52,"key":"SMITH"}],"neow_cost":"NONE","seed_source_timestamp":0,"circlet_count":0,"master_deck":["Defend_R+1","Defend_R","Bash+1","Spot Weakness","Power Through+1","Body Slam+1","Armaments+1","Carnage+1","Flame Barrier+1","Iron Wave","Juggernaut+1","Ghostly Armor","Warcry+1","Disarm","Barricade+1","Shrug It Off","Cleave+1","Bite+1","Bite+1","Bite+1","Bite+1","Bite+1","Iron Wave+1","Shrug It Off","Double Tap+1","Body Slam+1","Headbutt+1","Body Slam+1","Ghostly Armor+1","Power Through"],"special_seed":0,"relics":["Burning Blood","Red Skull","Oddly Smooth Stone","Meat on the Bone","Bronze Scales","Coffee Dripper","Nloth\u0027s Gift","Molten Egg 2","Boot","Velvet Choker","Magic Flower","Frozen Egg 2","Calipers","Pen Nib","Bottled Tornado"],"potions_floor_usage":[8,16,23,23,23,25,44,54,54],"damage_taken":[{"damage":2.0,"enemies":"2 Louse","floor":1.0,"turns":3.0},{"damage":0,"enemies":"Small Slimes","floor":4,"turns":4},{"damage":12,"enemies":"Gremlin Nob","floor":7,"turns":4},{"damage":12,"enemies":"Lagavulin Event","floor":8,"turns":5},{"damage":0,"enemies":"Jaw Worm","floor":12,"turns":3},{"damage":11,"enemies":"3 Sentries","floor":13,"turns":6},{"damage":30,"enemies":"Slime Boss","floor":16,"turns":8},{"damage":0,"enemies":"Shell Parasite","floor":18,"turns":4},{"damage":0,"enemies":"3 Byrds","floor":20,"turns":3},{"damage":38,"enemies":"Sentry and Sphere","floor":22,"turns":7},{"damage":51,"enemies":"Slavers","floor":23,"turns":6},{"damage":1,"enemies":"Shelled Parasite and Fungi","floor":24,"turns":5},{"damage":8,"enemies":"Gremlin Leader","floor":25,"turns":7},{"damage":16,"enemies":"Centurion and Healer","floor":29,"turns":7},{"damage":2,"enemies":"Cultist and Chosen","floor":31,"turns":7},{"damage":24,"enemies":"Automaton","floor":33,"turns":11},{"damage":0,"enemies":"3 Shapes","floor":35,"turns":3},{"damage":10,"enemies":"Orb Walker","floor":38,"turns":3},{"damage":0,"enemies":"Spire Growth","floor":39,"turns":4},{"damage":9,"enemies":"Nemesis","floor":41,"turns":9},{"damage":23,"enemies":"Giant Head","floor":44,"turns":7},{"damage":22,"enemies":"Jaw Worm Horde","floor":46,"turns":4},{"damage":24,"enemies":"3 Darklings","floor":47,"turns":4},{"damage":64,"enemies":"Time Eater","floor":50,"turns":10},{"damage":42,"enemies":"Shield and Spear","floor":54,"turns":6},{"damage":42,"enemies":"The Heart","floor":55,"turns":2}],"seed_played":"-4411539597087883323","potions_obtained":[{"floor":4,"key":"Energy Potion"},{"floor":7,"key":"AttackPotion"},{"floor":16,"key":"Dexterity Potion"},{"floor":20,"key":"SteroidPotion"},{"floor":22,"key":"Fruit Juice"},{"floor":24,"key":"SkillPotion"},{"floor":29,"key":"Fire Potion"},{"floor":35,"key":"Fire Potion"},{"floor":39,"key":"FearPotion"},{"floor":47,"key":"LiquidBronze"}],"is_trial":false,"path_per_floor":["M","?","?","M","$","R","E","?","T","R","?","M","E","?","R","B",null,"M","$","M","?","M","E","M","E","T","?","R","M","R","M","R","B",null,"M","$","?","M","M","R","E","R","T","E","?","M","M","$","R","B",null,"R","$","E","B"],"character_chosen":"IRONCLAD","items_purchased":["Armaments","Ghostly Armor","Magic Flower","Headbutt+1","Power Through"],"campfire_rested":1,"item_purchase_floors":[5,19,36,36,53],"current_hp_per_floor":[80,64,64,70,70,70,64,58,58,58,33,51,58,58,80,56,80,80,80,80,80,48,20,37,47,47,47,47,59,59,59,59,59,59,59,59,59,59,59,59,59,59,59,57,57,51,59,59,59,52,59,59,59,41,0],"gold":75,"neow_bonus":"TRANSFORM_CARD","is_prod":false,"is_daily":false,"chose_seed":false,"campfire_upgraded":8,"win_rate":0,"timestamp":1549136420,"path_taken":["M","?","?","M","$","R","E","?","T","R","?","?","E","?","R","BOSS","M","$","M","?","M","E","?","E","T","?","R","M","R","M","R","BOSS","M","$","?","M","?","R","E","R","T","E","?","M","M","$","R","BOSS","R","$","E","BOSS"],"build_version":"2019-01-23","purchased_purges":3,"victory":false,"max_hp_per_floor":[80,80,80,80,80,80,80,80,80,80,80,80,80,80,80,80,80,80,80,80,80,80,85,85,85,85,59,59,59,59,59,59,59,59,59,59,59,59,59,59,59,59,59,59,59,59,59,59,59,59,59,59,59,59,59],"card_choices":[{"not_picked":["Havoc","Disarm"],"picked":"Power Through","floor":1},{"not_picked":["Flex","Iron Wave"],"picked":"Body Slam","floor":4},{"not_picked":["Flex","Warcry"],"picked":"Carnage","floor":7},{"not_picked":["Pummel","Reckless Charge"],"picked":"Warcry","floor":8},{"not_picked":["Rage","Body Slam"],"picked":"Flame Barrier","floor":12},{"not_picked":["Pummel","Anger"],"picked":"Iron Wave","floor":13},{"not_picked":["Dark Embrace","Brutality"],"picked":"Juggernaut","floor":16},{"not_picked":["Clash","Havoc","Clothesline"],"picked":"SKIP","floor":18},{"not_picked":["Thunderclap","Rampage+1"],"picked":"Warcry+1","floor":20},{"not_picked":["Battle Trance","Pommel Strike"],"picked":"Disarm","floor":22},{"not_picked":["Seeing Red","Juggernaut"],"picked":"Barricade","floor":23},{"not_picked":["Bloodletting+1","Metallicize+1"],"picked":"Shrug It Off","floor":24},{"not_picked":["Clash+1","Exhume"],"picked":"Cleave+1","floor":25},{"not_picked":["Dual Wield","Reaper+1"],"picked":"Iron Wave+1","floor":29},{"not_picked":["Perfected Strike+1","Heavy Blade+1"],"picked":"Shrug It Off","floor":31},{"not_picked":["Feed+1","Barricade"],"picked":"Double Tap","floor":33},{"not_picked":["Metallicize+1","Armaments"],"picked":"Body Slam+1","floor":35},{"not_picked":["Sword Boomerang+1","Pummel+1"],"picked":"Body Slam+1","floor":38},{"not_picked":["Heavy Blade+1","Perfected Strike+1","Sentinel"],"picked":"SKIP","floor":39},{"not_picked":["Twin Strike+1","Wild Strike+1","Pummel+1"],"picked":"SKIP","floor":41},{"not_picked":["Double Tap","Clothesline+1"],"picked":"Ghostly Armor+1","floor":44},{"not_picked":["Perfected Strike+1","Juggernaut+1","Clash+1"],"picked":"SKIP","floor":46},{"not_picked":["Battle Trance","Berserk+1","Heavy Blade+1"],"picked":"SKIP","floor":47},{"not_picked":["Pommel Strike+1","Combust+1","Hemokinesis+1"],"picked":"SKIP","floor":54}],"player_experience":132294,"relics_obtained":[{"floor":7,"key":"Bag of Preparation"},{"floor":8,"key":"Red Skull"},{"floor":9,"key":"Oddly Smooth Stone"},{"floor":13,"key":"Bronze Scales"},{"floor":23,"key":"Molten Egg 2"},{"floor":25,"key":"Boot"},{"floor":41,"key":"Frozen Egg 2"},{"floor":43,"key":"Calipers"},{"floor":44,"key":"Pen Nib"},{"floor":54,"key":"Bottled Tornado"}],"event_choices":[{"damage_healed":0,"gold_gain":0,"player_choice":"Entered Light","damage_taken":16,"max_hp_gain":0,"max_hp_loss":0,"event_name":"Shining Light","floor":2,"gold_loss":0,"cards_upgraded":["Bash","Defend_R"]},{"cards_removed":["Strike_R"],"damage_healed":0,"gold_gain":0,"player_choice":"Forget","damage_taken":0,"max_hp_gain":0,"max_hp_loss":0,"event_name":"Living Wall","floor":3,"gold_loss":0},{"damage_healed":0,"gold_gain":0,"player_choice":"Searched \u00271\u0027 times","damage_taken":0,"max_hp_gain":0,"max_hp_loss":0,"event_name":"Dead Adventurer","floor":8,"gold_loss":0},{"damage_healed":0,"gold_gain":0,"player_choice":"Success","damage_taken":25,"relics_obtained":["Meat on the Bone"],"max_hp_gain":0,"max_hp_loss":0,"event_name":"Scrap Ooze","floor":11,"gold_loss":0},{"damage_healed":0,"gold_gain":79,"player_choice":"Gained Gold","damage_taken":0,"max_hp_gain":0,"max_hp_loss":0,"event_name":"Golden Wing","floor":14,"gold_loss":0},{"damage_healed":0,"gold_gain":0,"player_choice":"Traded Relic","damage_taken":0,"relics_obtained":["Nloth\u0027s Gift"],"max_hp_gain":0,"max_hp_loss":0,"event_name":"N\u0027loth","floor":21,"relics_lost":["Bag of Preparation"],"gold_loss":0},{"damage_healed":0,"gold_gain":0,"player_choice":"Became a vampire","damage_taken":0,"max_hp_gain":0,"max_hp_loss":26,"event_name":"Vampires","floor":27,"gold_loss":0,"cards_obtained":["Bite","Bite","Bite","Bite","Bite"]},{"damage_healed":0,"gold_gain":0,"player_choice":"Ignored","damage_taken":0,"max_hp_gain":0,"max_hp_loss":0,"event_name":"SecretPortal","floor":37,"gold_loss":0},{"cards_removed":["Warcry"],"damage_healed":0,"gold_gain":0,"player_choice":"Removed Skill","damage_taken":0,"max_hp_gain":0,"max_hp_loss":0,"event_name":"Falling","floor":45,"gold_loss":0}],"is_beta":false,"boss_relics":[{"not_picked":["Sozu","Runic Dome"],"picked":"Coffee Dripper"},{"not_picked":["Snecko Eye","Pandora\u0027s Box"],"picked":"Velvet Choker"}],"items_purged_floors":[5,19,48],"is_endless":false,"potions_floor_spawned":[4,7,16,20,22,24,29,35,39,47],"killed_by":"The Heart","ascension_level":3}