{"gold_per_floor":[114,114,129,229,239,239,255,269,296,246,272,272,292,307,307,410,410,429,354,354,373,373],"floor_reached":22,"playtime":627,"items_purged":["Strike_R"],"score":188,"play_id":"3486a84e-50a3-4674-acbb-e56f28cb658a","local_time":"20180907155123","is_ascension_mode":false,"campfire_choices":[{"data":"Body Slam","floor":6,"key":"SMITH"},{"data":"Demon Form","floor":12,"key":"SMITH"},{"data":"True Grit","floor":15,"key":"SMITH"}],"neow_cost":"TEN_PERCENT_HP_LOSS","seed_source_timestamp":382105979655882,"circlet_count":0,"master_deck":["Strike_R","Strike_R","Defend_R","Defend_R","Defend_R","Bash","Armaments+1","Body Slam+1","Headbutt","Demon Form+1","True Grit+1","Limit Break"],"relics":["Burning Blood"],"potions_floor_usage":[21],"damage_taken":[{"damage":2,"enemies":"2 Louse","floor":1,"turns":3},{"damage":6,"enemies":"Cultist","floor":3,"turns":3},{"damage":8,"enemies":"Small Slimes","floor":5,"turns":3},{"damage":4,"enemies":"2 Fungi Beasts","floor":7,"turns":3},{"damage":0,"enemies":"Red Slaver","floor":8,"turns":4},{"damage":15,"enemies":"Gremlin Nob","floor":11,"turns":4},{"damage":27,"enemies":"Large Slime","floor":13,"turns":3},{"damage":0,"enemies":"2 Fungi Beasts","floor":14,"turns":4},{"damage":35,"enemies":"The Guardian","floor":16,"turns":10},{"damage":41,"enemies":"2 Thieves","floor":18,"turns":5},{"damage":25,"enemies":"Shell Parasite","floor":21,"turns":5},{"damage":29,"enemies":"3 Cultists","floor":22,"turns":5}],"seed_played":"-9035929615772156173","potions_obtained":[{"floor":5,"key":"BloodPotion"},{"floor":7,"key":"Dexterity Potion"},{"floor":11,"key":"Dexterity Potion"}],"is_trial":false,"path_per_floor":["M","?","M","?","M","R","M","M","T","?","E","R","M","M","R","B",null,"M","$","?","M"],"character_chosen":"IRONCLAD","items_purchased":[],"campfire_rested":0,"item_purchase_floors":[],"current_hp_per_floor":[72,72,72,72,70,70,72,72,72,72,63,63,42,48,48,19,72,37,37,37,25,0],"gold":373,"neow_bonus":"REMOVE_TWO","is_prod":false,"is_daily":false,"chose_seed":false,"campfire_upgraded":3,"win_rate":0,"timestamp":1536303083,"path_taken":["M","?","M","?","M","R","M","M","T","?","E","R","M","M","R","BOSS","M","$","?","M","M"],"build_version":"2018-09-06","purchased_purges":1,"victory":false,"max_hp_per_floor":[72,72,72,72,72,72,72,72,72,72,72,72,72,72,72,72,72,72,72,72,72,72],"card_choices":[{"not_picked":["Intimidate","Perfected Strike"],"picked":"Armaments","floor":1},{"not_picked":["Twin Strike","Wild Strike"],"picked":"Body Slam","floor":3},{"not_picked":["True Grit","Seeing Red"],"picked":"Headbutt","floor":5},{"not_picked":["Hemokinesis","Wild Strike","Pommel Strike"],"picked":"SKIP","floor":7},{"not_picked":["Blood for Blood","Body Slam"],"picked":"Demon Form","floor":8},{"not_picked":["Twin Strike","Shockwave","Pommel Strike"],"picked":"SKIP","floor":11},{"not_picked":["Headbutt","Perfected Strike","Carnage"],"picked":"SKIP","floor":13},{"not_picked":["Evolve","Cleave"],"picked":"True Grit","floor":14},{"not_picked":["Barricade","Immolate"],"picked":"Limit Break","floor":16},{"not_picked":["Heavy Blade","Bloodletting","Cleave+1"],"picked":"SKIP","floor":18},{"not_picked":["Hemokinesis","Clash+1","Infernal Blade"],"picked":"SKIP","floor":21}],"player_experience":640922,"relics_obtained":[],"event_choices":[{"event_name":"Upgrade Shrine","player_choice":"Upgraded","floor":2,"damage_taken":0},{"event_name":"Golden Shrine","player_choice":"Pray","floor":4,"damage_taken":0},{"event_name":"The Cleric","player_choice":"Card Removal","floor":10,"damage_taken":0},{"event_name":"The Woman in Blue","player_choice":"Bought 0 Potions","floor":20,"damage_taken":0}],"is_beta":false,"boss_relics":[{"not_picked":["Fusion Hammer","Orrery","Tiny House"]}],"items_purged_floors":[19],"is_endless":false,"potions_floor_spawned":[5,7,11,13,16],"killed_by":"3 Cultists","ascension_level":0}