{"gold_per_floor":[117,127,18,18,30,30,63,76,160,64,77,112,128,128],"floor_reached":14,"playtime":1054,"items_purged":["Strike_B"],"score":128,"play_id":"cbc1631a-9b6a-4a7e-aac3-c6c7b7d5cf77","local_time":"20180930212337","is_ascension_mode":true,"campfire_choices":[{"data":"Lockon","floor":6,"key":"SMITH"}],"neow_cost":"NONE","seed_source_timestamp":624430054217886,"circlet_count":0,"master_deck":["Strike_B","Defend_B","Defend_B","Defend_B","Defend_B","Zap","Dualcast","Beam Cell","Reinforced Body","Lockon+1","Meteor Strike","Cold Snap","Turbo","Capacitor+1","Forethought","White Noise","Self Repair+1","FTL"],"relics":["Cracked Core","Frozen Egg 2","Tiny Chest","Strawberry"],"potions_floor_usage":[8,12,14],"damage_taken":[{"damage":0,"enemies":"Small Slimes","floor":1,"turns":3},{"damage":1,"enemies":"Cultist","floor":2,"turns":3},{"damage":0,"enemies":"Jaw Worm","floor":5,"turns":3},{"damage":17,"enemies":"Lagavulin","floor":7,"turns":7},{"damage":2,"enemies":"Gremlin Gang","floor":8,"turns":5},{"damage":16,"enemies":"3 Louse","floor":11,"turns":3},{"damage":19,"enemies":"Gremlin Nob","floor":12,"turns":4},{"damage":26,"enemies":"Exordium Wildlife","floor":13,"turns":7},{"damage":16,"enemies":"Lagavulin","floor":14,"turns":4}],"seed_played":"3787814450900003995","potions_obtained":[{"floor":2,"key":"GamblersBrew"},{"floor":5,"key":"Dexterity Potion"},{"floor":7,"key":"FocusPotion"},{"floor":8,"key":"Weak Potion"}],"is_trial":false,"path_per_floor":["M","M","$","?","M","R","E","M","T","$","M","E","M"],"character_chosen":"DEFECT","items_purchased":["Lockon","Forethought"],"campfire_rested":0,"item_purchase_floors":[3,10],"current_hp_per_floor":[75,74,74,74,74,74,57,55,55,55,39,27,11,0],"gold":128,"neow_bonus":"REMOVE_CARD","is_prod":false,"is_daily":false,"chose_seed":false,"campfire_upgraded":1,"win_rate":0,"timestamp":1538367817,"path_taken":["M","M","$","?","?","R","E","M","T","$","M","E","M","E"],"build_version":"2018-09-27","purchased_purges":1,"victory":false,"max_hp_per_floor":[75,75,75,75,75,75,75,75,75,75,75,82,82,82],"card_choices":[{"not_picked":["Sweeping Beam","Darkness"],"picked":"Beam Cell","floor":1},{"not_picked":["Compile Driver","Barrage"],"picked":"Reinforced Body","floor":2},{"not_picked":["Skim","Reprogram"],"picked":"Cold Snap","floor":5},{"not_picked":["Barrage","Chill"],"picked":"Turbo","floor":7},{"not_picked":["Hologram","Turbo"],"picked":"Capacitor+1","floor":8},{"not_picked":["Force Field","Sweeping Beam"],"picked":"White Noise","floor":11},{"not_picked":["Rainbow","Storm+1"],"picked":"Self Repair+1","floor":12},{"not_picked":["Chaos","Streamline"],"picked":"FTL","floor":13}],"player_experience":209015,"relics_obtained":[{"floor":7,"key":"Frozen Egg 2"},{"floor":9,"key":"Tiny Chest"},{"floor":12,"key":"Strawberry"}],"event_choices":[{"event_name":"Transmorgrifier","player_choice":"Transform","floor":4,"damage_taken":0}],"is_beta":false,"boss_relics":[],"items_purged_floors":[3],"is_endless":false,"potions_floor_spawned":[2,5,7,8],"killed_by":"Lagavulin","ascension_level":5}