{"gold_per_floor":[113,133,149,162,162,162,193,193,193,204,174],"floor_reached":11,"playtime":417,"items_purged":[],"score":135,"play_id":"193c8664-0cab-429d-bd56-09edd1b2e3f5","local_time":"20190110201414","is_ascension_mode":true,"campfire_choices":[{"data":"Feed","floor":6,"key":"SMITH"},{"data":"Disarm","floor":8,"key":"SMITH"}],"neow_cost":"NONE","seed_source_timestamp":147362614100448,"circlet_count":0,"master_deck":["AscendersBane","Strike_R","Strike_R","Strike_R","Strike_R","Strike_R","Defend_R","Defend_R","Defend_R","Defend_R","Bash","Purity","Thunderclap","Wild Strike","Feed+1","Disarm+1","Twin Strike+1"],"relics":["Burning Blood","Molten Egg 2","Peace Pipe"],"potions_floor_usage":[],"damage_taken":[{"damage":6,"enemies":"2 Louse","floor":1,"turns":4},{"damage":5,"enemies":"Small Slimes","floor":2,"turns":3},{"damage":0,"enemies":"Jaw Worm","floor":3,"turns":3},{"damage":12,"enemies":"Exordium Thugs","floor":4,"turns":4},{"damage":32,"enemies":"Gremlin Nob","floor":7,"turns":4},{"damage":41,"enemies":"Exordium Wildlife","floor":10,"turns":7},{"damage":11,"enemies":"Looter","floor":11,"turns":2}],"seed_played":"-5058489132926793994","potions_obtained":[{"floor":1,"key":"Weak Potion"},{"floor":7,"key":"Weak Potion"}],"is_trial":false,"path_per_floor":["M","M","M","M","?","R","E","R","T","M","M"],"character_chosen":"IRONCLAD","items_purchased":[],"campfire_rested":0,"item_purchase_floors":[],"current_hp_per_floor":[68,69,75,72,72,72,46,46,46,11,0],"gold":174,"neow_bonus":"RANDOM_COLORLESS","is_prod":false,"is_daily":false,"chose_seed":false,"campfire_upgraded":2,"win_rate":0,"timestamp":1547169254,"path_taken":["M","M","M","M","?","R","E","R","T","M","M"],"build_version":"2019-01-09","purchased_purges":0,"victory":false,"max_hp_per_floor":[75,75,75,78,78,78,78,78,78,78,78],"card_choices":[{"not_picked":["Warcry","Clothesline"],"picked":"Thunderclap","floor":1},{"not_picked":["Burning Pact","Bloodletting"],"picked":"Wild Strike","floor":2},{"not_picked":["Blood for Blood","Whirlwind"],"picked":"Feed","floor":3},{"not_picked":["Warcry","Power Through"],"picked":"Disarm","floor":4},{"not_picked":["Reckless Charge","Barricade","Infernal Blade"],"picked":"SKIP","floor":7},{"not_picked":["Iron Wave+1","Spot Weakness"],"picked":"Twin Strike+1","floor":10}],"player_experience":450979,"relics_obtained":[{"floor":7,"key":"Molten Egg 2"},{"floor":9,"key":"Peace Pipe"}],"event_choices":[{"damage_healed":0,"gold_gain":0,"player_choice":"Ignored","damage_taken":0,"max_hp_gain":0,"max_hp_loss":0,"event_name":"Liars Game","floor":5,"gold_loss":0}],"is_beta":true,"boss_relics":[],"items_purged_floors":[],"is_endless":false,"potions_floor_spawned":[1,7,10],"killed_by":"Looter","ascension_level":16}