{"path_per_floor":["M","?","M","M","M","R","$","M","T","?","R","M","M","$","R","B",null,"M","M","?","M","?","R","M","R","T"],"character_chosen":"DEFECT","items_purchased":["Conserve Battery","Defragment"],"gold_per_floor":[11,11,25,45,65,65,14,27,27,27,27,47,72,36,36,157,157,175,199,199,218,0,0,20,20,46,46],"floor_reached":27,"campfire_rested":4,"playtime":1250,"item_purchase_floors":[7,14],"current_hp_per_floor":[68,61,61,61,38,60,60,58,58,58,58,58,50,50,69,45,69,54,42,42,15,15,35,16,36,36,0],"items_purged":[],"gold":46,"score":207,"play_id":"681a87b6-74e5-4085-8c0e-3fcbe240aa76","local_time":"20180624203938","is_prod":false,"is_daily":false,"chose_seed":false,"is_ascension_mode":false,"campfire_upgraded":1,"win_rate":0,"timestamp":1529836778,"campfire_choices":[{"floor":6,"key":"REST"},{"data":"Loop","floor":11,"key":"SMITH"},{"floor":15,"key":"REST"},{"floor":23,"key":"REST"},{"floor":25,"key":"REST"}],"path_taken":["M","?","M","M","?","R","?","M","T","?","R","M","M","?","R","BOSS","M","?","?","M","?","R","?","R","T","M"],"build_version":"2018-06-21","seed_source_timestamp":14025962475277,"purchased_purges":0,"circlet_count":0,"victory":false,"master_deck":["Defend_B","Defend_B","Zap","Dualcast","Leap","Gash","Loop+1","Conserve Battery","Gash","Doom and Gloom","Defragment","Reboot","Recycle+1","Heatsinks+1","Undo+1","Auto Shields"],"max_hp_per_floor":[75,75,75,75,75,75,75,75,75,69,69,69,69,69,69,69,69,69,69,69,69,69,69,69,69,69,69],"relics":["Cracked Core","Bottled Tornado","Golden Idol","Astrolabe","Boot"],"card_choices":[{"not_picked":["Scrape","Rebound"],"picked":"Leap","floor":1},{"not_picked":["Sweeping Beam","Heatsinks","Sunder"],"picked":"SKIP","floor":3},{"not_picked":["Cold Snap","Stack"],"picked":"Gash","floor":4},{"not_picked":["Gash","Go for the Eyes"],"picked":"Loop","floor":5},{"not_picked":["Go for the Eyes","Coolheaded"],"picked":"Gash","floor":8},{"not_picked":["Consume","Reinforced Body","Cold Snap"],"picked":"SKIP","floor":12},{"not_picked":["Gash","Tempest"],"picked":"Doom and Gloom","floor":13},{"not_picked":["Machine Learning","All For One"],"picked":"Reboot","floor":16},{"not_picked":["Reprogram","Conserve Battery","Reinforced Body+1"],"picked":"SKIP","floor":18},{"not_picked":["Skim","Beam Cell","Melter"],"picked":"SKIP","floor":19},{"not_picked":["Stack","Skim","Hologram"],"picked":"SKIP","floor":21},{"not_picked":["Tempest+1","Cold Snap"],"picked":"Auto Shields","floor":24}],"player_experience":460063,"potions_floor_usage":[3,12,16,16,24,24,27],"damage_taken":[{"damage":7,"enemies":"2 Louse","floor":1,"turns":2},{"damage":0,"enemies":"Small Slimes","floor":3,"turns":3},{"damage":0,"enemies":"Cultist","floor":4,"turns":3},{"damage":23,"enemies":"Exordium Thugs","floor":5,"turns":5},{"damage":2,"enemies":"Blue Slaver","floor":8,"turns":3},{"damage":0,"enemies":"3 Louse","floor":12,"turns":3},{"damage":8,"enemies":"Looter","floor":13,"turns":3},{"damage":24,"enemies":"Hexaghost","floor":16,"turns":7},{"damage":15,"enemies":"3 Byrds","floor":18,"turns":4},{"damage":12,"enemies":"Shell Parasite","floor":19,"turns":5},{"damage":27,"enemies":"Sentry and Sphere","floor":21,"turns":6},{"damage":19,"enemies":"Snecko","floor":24,"turns":5},{"damage":46,"enemies":"Cultist and Chosen","floor":27,"turns":5}],"relics_obtained":[{"floor":9,"key":"Bottled Tornado"},{"floor":26,"key":"Boot"}],"event_choices":[{"event_name":"Golden Wing","player_choice":"Card Removal","floor":2,"damage_taken":0},{"event_name":"Golden Idol","player_choice":"Lose Max HP","floor":10,"damage_taken":0},{"event_name":"Drug Dealer","player_choice":"Ignored","floor":20,"damage_taken":0},{"event_name":"Masked Bandits","player_choice":"Paid Bandits 218 gold","floor":22,"damage_taken":0}],"boss_relics":[{"not_picked":["Snecko Eye","Coffee Dripper"],"picked":"Astrolabe"}],"items_purged_floors":[],"is_endless":true,"potions_floor_spawned":[1,4,5,13,16,19,24],"seed_played":"-3924189286884488926","killed_by":"Cultist and Chosen","ascension_level":0,"potions_obtained":[{"floor":1,"key":"LiquidBronze"},{"floor":4,"key":"Swift Potion"},{"floor":5,"key":"Block Potion"},{"floor":13,"key":"Regen Potion"},{"floor":16,"key":"FearPotion"},{"floor":19,"key":"FearPotion"},{"floor":24,"key":"LiquidBronze"}],"is_trial":false}