{"gold_per_floor":[116,191,204,129,149,178,29,29,29,62,62,87,87,112,112,232,232,256,63,63,77,77,77,102,102,128,152,168,168],"floor_reached":29,"playtime":1336,"items_purged":["Strike_R","Strike_R","Berserk"],"score":317,"play_id":"7413fdc7-5bb2-4c29-9da4-9593ed949ff6","local_time":"20190203150022","is_ascension_mode":true,"campfire_choices":[{"floor":8,"key":"REST"},{"floor":15,"key":"REST"},{"floor":23,"key":"RECALL"},{"data":"Flame Barrier","floor":25,"key":"SMITH"}],"neow_cost":"NONE","seed_source_timestamp":2215574105892034,"circlet_count":0,"master_deck":["Bash","Headbutt","Cleave","Anger","Uppercut","Shrug It Off","Flame Barrier+1","Parasite","Shrug It Off","Immolate","Searing Blow","Headbutt","Disarm","Rupture","Entrench","Perfected Strike","Ghostly Armor","Demon Form+1","Shockwave+1","Bite","Bite","Bite","Bite","Bite","Flex+1","Warcry","Flame Barrier+1"],"relics":["Burning Blood","Meat on the Bone","Gremlin Horn","Bird Faced Urn","Bag of Preparation","Golden Idol","Pandora\u0027s Box","Oddly Smooth Stone"],"potions_floor_usage":[10,29],"damage_taken":[{"damage":0,"enemies":"Small Slimes","floor":1,"turns":3},{"damage":10,"enemies":"2 Louse","floor":3,"turns":3},{"damage":1,"enemies":"Cultist","floor":5,"turns":3},{"damage":32,"enemies":"Gremlin Nob","floor":6,"turns":4},{"damage":22,"enemies":"Lagavulin","floor":10,"turns":7},{"damage":34,"enemies":"Gremlin Nob","floor":12,"turns":5},{"damage":0,"enemies":"Large Slime","floor":14,"turns":3},{"damage":62,"enemies":"The Guardian","floor":16,"turns":15},{"damage":25,"enemies":"Spheric Guardian","floor":18,"turns":4},{"damage":13,"enemies":"3 Byrds","floor":21,"turns":3},{"damage":37,"enemies":"Cultist and Chosen","floor":24,"turns":8},{"damage":8,"enemies":"Chosen and Byrds","floor":27,"turns":3},{"damage":40,"enemies":"Snake Plant","floor":28,"turns":5},{"damage":35,"enemies":"Gremlin Leader","floor":29,"turns":2}],"seed_played":"2423078837835973992","potions_obtained":[{"floor":6,"key":"FearPotion"},{"floor":16,"key":"Weak Potion"},{"floor":24,"key":"Ancient Potion"},{"floor":27,"key":"PowerPotion"}],"is_trial":false,"path_per_floor":["M","?","M","$","M","E","$","R","T","E","?","E","?","M","R","B",null,"M","$","?","M","?","R","M","R","T","M","M","E"],"character_chosen":"IRONCLAD","items_purchased":["Shrug It Off","Demon Form"],"campfire_rested":2,"item_purchase_floors":[7,19],"current_hp_per_floor":[80,69,65,65,70,44,44,68,68,52,72,56,36,54,78,34,80,61,61,61,54,54,54,37,37,37,41,29,0],"gold":168,"neow_bonus":"THREE_CARDS","is_prod":false,"is_daily":false,"chose_seed":false,"campfire_upgraded":1,"win_rate":0,"timestamp":1549224022,"path_taken":["M","?","M","$","M","E","$","R","T","E","?","E","?","M","R","BOSS","M","$","?","?","?","R","M","R","T","M","M","E"],"build_version":"2019-01-23","purchased_purges":3,"victory":false,"max_hp_per_floor":[80,80,80,80,80,80,80,80,80,80,80,80,80,80,80,80,80,80,80,80,80,56,56,56,56,56,56,56,56],"card_choices":[{"not_picked":["Heavy Blade","Intimidate"],"picked":"Headbutt","floor":1},{"not_picked":["Iron Wave","Spot Weakness"],"picked":"Cleave","floor":3},{"not_picked":["Second Wind","Thunderclap"],"picked":"Anger","floor":5},{"not_picked":["Flex","Iron Wave"],"picked":"Uppercut","floor":6},{"not_picked":["Shrug It Off","Offering"],"picked":"Flame Barrier","floor":10},{"not_picked":["Rupture","Perfected Strike","Flex"],"picked":"SKIP","floor":12},{"not_picked":["Flex","Burning Pact"],"picked":"Shrug It Off","floor":14},{"not_picked":["Limit Break","Exhume"],"picked":"Immolate","floor":16},{"not_picked":["Clash","Heavy Blade"],"picked":"Ghostly Armor","floor":18},{"not_picked":["Sword Boomerang+1","Cleave"],"picked":"Shockwave+1","floor":21},{"not_picked":["Wild Strike+1","Reaper"],"picked":"Flex+1","floor":24},{"not_picked":["Flex","Sword Boomerang+1"],"picked":"Warcry","floor":27},{"not_picked":["Warcry","Perfected Strike+1"],"picked":"Flame Barrier+1","floor":28}],"player_experience":140617,"relics_obtained":[{"floor":6,"key":"Meat on the Bone"},{"floor":9,"key":"Gremlin Horn"},{"floor":10,"key":"Bird Faced Urn"},{"floor":12,"key":"Bag of Preparation"},{"floor":26,"key":"Oddly Smooth Stone"}],"event_choices":[{"damage_healed":0,"gold_gain":75,"player_choice":"Gather Gold","damage_taken":11,"max_hp_gain":0,"max_hp_loss":0,"event_name":"World of Goop","floor":2,"gold_loss":0},{"damage_healed":20,"gold_gain":0,"player_choice":"Healed and dodged fight","damage_taken":0,"max_hp_gain":0,"max_hp_loss":0,"event_name":"Mushrooms","floor":11,"gold_loss":0,"cards_obtained":["Parasite"]},{"damage_healed":0,"gold_gain":0,"player_choice":"Take Damage","damage_taken":20,"relics_obtained":["Golden Idol"],"max_hp_gain":0,"max_hp_loss":0,"event_name":"Golden Idol","floor":13,"gold_loss":0},{"damage_healed":0,"gold_gain":0,"player_choice":"Upgraded","damage_taken":0,"max_hp_gain":0,"max_hp_loss":0,"event_name":"Upgrade Shrine","floor":20,"gold_loss":0,"cards_upgraded":["Demon Form"]},{"damage_healed":0,"gold_gain":0,"player_choice":"Became a vampire","damage_taken":0,"max_hp_gain":0,"max_hp_loss":24,"event_name":"Vampires","floor":22,"gold_loss":0,"cards_obtained":["Bite","Bite","Bite","Bite","Bite"]}],"is_beta":false,"boss_relics":[{"not_picked":["Velvet Choker","Sozu"],"picked":"Pandora\u0027s Box"}],"items_purged_floors":[4,7,19],"is_endless":false,"potions_floor_spawned":[6,16,24,27,28],"killed_by":"Gremlin Leader","ascension_level":4}