{"gold_per_floor":[359,379,17,17,34,34,11,11,11,11,46,46,46,59,59,164,164,183,108,8,23,298,298,298],"floor_reached":24,"playtime":991,"items_purged":[],"score":230,"play_id":"103a675f-335a-4cb8-bf4a-72b21a0dcc38","local_time":"20180928032721","is_ascension_mode":true,"campfire_choices":[{"data":"Defragment","floor":6,"key":"SMITH"},{"data":"Defragment","floor":8,"key":"SMITH"},{"data":"Zap","floor":10,"key":"SMITH"},{"data":"Static Discharge","floor":13,"key":"SMITH"},{"data":"Go for the Eyes","floor":15,"key":"SMITH"},{"data":"Creative AI","floor":23,"key":"SMITH"}],"neow_cost":"PERCENT_DAMAGE","seed_source_timestamp":387126441075114,"circlet_count":0,"master_deck":["Strike_B","Strike_B","Strike_B+1","Defend_B","Defend_B","Defend_B","Defend_B","Zap+1","Dualcast","Leap","Leap+1","Defragment+1","Defragment+1","Go for the Eyes+1","Rebound","Static Discharge+1","Beam Cell+1","Creative AI+1","Redo+1","Rip and Tear+1","Coolheaded","Compile Driver+1","Regret"],"relics":["Cracked Core","DollysMirror","Lantern","Molten Egg 2","Eternal Feather"],"potions_floor_usage":[24,24],"damage_taken":[{"damage":6,"enemies":"Small Slimes","floor":1,"turns":4},{"damage":0,"enemies":"Cultist","floor":2,"turns":3},{"damage":2,"enemies":"2 Louse","floor":5,"turns":3},{"damage":12,"enemies":"3 Sentries","floor":11,"turns":6},{"damage":11,"enemies":"Exordium Wildlife","floor":14,"turns":2},{"damage":9,"enemies":"Hexaghost","floor":16,"turns":6},{"damage":14,"enemies":"Shell Parasite","floor":18,"turns":4},{"damage":29,"enemies":"Chosen","floor":21,"turns":5},{"damage":44,"enemies":"Gremlin Leader","floor":24,"turns":3}],"seed_played":"1542710134979598743","potions_obtained":[{"floor":5,"key":"PowerPotion"},{"floor":16,"key":"Swift Potion"}],"is_trial":false,"path_per_floor":["M","M","$","?","M","R","$","R","T","R","E","?","R","M","R","B",null,"M","?","$","M","?","R"],"character_chosen":"DEFECT","items_purchased":["Defragment","DollysMirror","Glacier","Rebound","Rip and Tear+1","Coolheaded"],"campfire_rested":0,"item_purchase_floors":[3,3,3,7,20,20],"current_hp_per_floor":[48,48,48,75,73,73,73,73,73,73,61,46,46,35,35,26,75,61,61,61,32,32,44,0],"gold":298,"neow_bonus":"TWO_FIFTY_GOLD","is_prod":false,"is_daily":false,"chose_seed":false,"campfire_upgraded":6,"win_rate":0,"timestamp":1538130441,"path_taken":["M","M","$","?","M","R","$","R","T","R","E","?","R","M","R","BOSS","M","?","$","M","?","R","E"],"build_version":"2018-09-27","purchased_purges":0,"victory":false,"max_hp_per_floor":[75,75,75,75,75,75,75,75,75,75,75,75,75,75,75,75,75,75,75,75,75,75,75,75],"card_choices":[{"not_picked":["Coolheaded","Hologram"],"picked":"Leap","floor":1},{"not_picked":["Rip and Tear","Cold Snap"],"picked":"Leap","floor":2},{"not_picked":["Fusion","Hologram"],"picked":"Go for the Eyes","floor":5},{"not_picked":["Amplify","Steam Power"],"picked":"Static Discharge","floor":11},{"not_picked":["Sweeping Beam+1","Hologram"],"picked":"Beam Cell+1","floor":14},{"not_picked":["Hyperbeam+1","Multi-Cast"],"picked":"Creative AI","floor":16},{"not_picked":["Steam","Barrage+1"],"picked":"Redo+1","floor":18},{"not_picked":["Steam","Cold Snap+1"],"picked":"Compile Driver+1","floor":21}],"player_experience":179964,"relics_obtained":[{"floor":9,"key":"Lantern"},{"floor":11,"key":"Molten Egg 2"}],"event_choices":[{"event_name":"Bonfire Elementals","player_choice":"UNCOMMON","floor":4,"damage_taken":0},{"event_name":"Shining Light","player_choice":"Entered Light","floor":12,"damage_taken":0},{"event_name":"Beggar","player_choice":"Gave Gold","floor":19,"damage_taken":0},{"event_name":"Golden Shrine","player_choice":"Desecrate","floor":22,"damage_taken":0}],"is_beta":false,"boss_relics":[{"not_picked":["Pandora\u0027s Box","Tiny House"],"picked":"Eternal Feather"}],"items_purged_floors":[],"is_endless":false,"potions_floor_spawned":[5,16],"killed_by":"Gremlin Leader","ascension_level":4}