{"gold_per_floor":[115,65,65,83,60,94,94,94,94,94,113,123,123,139,139,243,243,262,262,7,7,7,7,23,53,53,53,71,71,85,104,104,204,204,214,214,228,228,245,245,262,276,324,356,356,356,356,105,105,105],"floor_reached":51,"playtime":3328,"items_purged":[],"score":960,"play_id":"5cf7b8cb-db43-4972-becb-0e47d5311df3","local_time":"20180920174920","is_ascension_mode":true,"campfire_choices":[{"data":"Chaos","floor":8,"key":"SMITH"},{"data":"Dualcast","floor":13,"key":"SMITH"},{"data":"Zap","floor":15,"key":"SMITH"},{"data":"Secret Technique","floor":23,"key":"SMITH"},{"data":"Chaos","floor":27,"key":"SMITH"},{"floor":29,"key":"REST"},{"floor":32,"key":"REST"},{"floor":40,"key":"REST"},{"floor":45,"key":"REST"},{"floor":47,"key":"REST"},{"floor":49,"key":"REST"}],"neow_cost":"NONE","seed_source_timestamp":514238352148512,"circlet_count":0,"master_deck":["Zap+1","Dualcast+1","Leap","Chaos+1","Gash","Auto Shields","Sweeping Beam+1","Compile Driver+1","Cold Snap+1","All For One+1","Chaos+1","Consume","Genetic Algorithm","Gash+1","Chill","Stack","Go for the Eyes+1","Secret Technique+1","Sweeping Beam+1","Beam Cell+1","FTL+1","FTL+1","Stack+1","Echo Form","Hologram","Compile Driver+1","Seek","Steam","White Noise+1","Rebound+1","Dark Shackles","Master of Strategy","Go for the Eyes+1","Apotheosis"],"relics":["Cracked Core","Oddly Smooth Stone","Sundial","Molten Egg 2","Pandora\u0027s Box","MutagenicStrength","Bronze Scales","Question Card","Fusion Hammer","Anchor","Gremlin Horn"],"potions_floor_usage":[16,25,33,50,50,50],"damage_taken":[{"damage":0,"enemies":"Jaw Worm","floor":1,"turns":3},{"damage":0,"enemies":"2 Louse","floor":4,"turns":2},{"damage":33,"enemies":"Lagavulin","floor":6,"turns":6},{"damage":0,"enemies":"Cultist","floor":11,"turns":3},{"damage":1,"enemies":"Looter","floor":12,"turns":3},{"damage":0,"enemies":"Gremlin Gang","floor":14,"turns":4},{"damage":4,"enemies":"Slime Boss","floor":16,"turns":8},{"damage":10,"enemies":"Chosen","floor":18,"turns":3},{"damage":0,"enemies":"Spheric Guardian","floor":24,"turns":3},{"damage":8,"enemies":"Slavers","floor":25,"turns":4},{"damage":14,"enemies":"Snake Plant","floor":28,"turns":3},{"damage":0,"enemies":"3 Cultists","floor":30,"turns":4},{"damage":9,"enemies":"Shelled Parasite and Fungi","floor":31,"turns":2},{"damage":16,"enemies":"Automaton","floor":33,"turns":10},{"damage":47,"enemies":"3 Shapes","floor":35,"turns":3},{"damage":0,"enemies":"Orb Walker","floor":37,"turns":3},{"damage":0,"enemies":"Sphere and 2 Shapes","floor":39,"turns":7},{"damage":9,"enemies":"Spire Growth","floor":41,"turns":3},{"damage":13,"enemies":"Transient","floor":42,"turns":5},{"damage":11,"enemies":"Nemesis","floor":44,"turns":7},{"damage":74,"enemies":"Time Eater","floor":50,"turns":11}],"seed_played":"7972350026443106287","potions_obtained":[{"floor":6,"key":"SpeedPotion"},{"floor":12,"key":"SkillPotion"},{"floor":14,"key":"Fruit Juice"},{"floor":24,"key":"Energy Potion"},{"floor":25,"key":"FocusPotion"},{"floor":30,"key":"Energy Potion"},{"floor":42,"key":"FearPotion"},{"floor":44,"key":"Ancient Potion"}],"is_trial":false,"path_per_floor":["M","?","?","M","$","E","?","R","T","?","M","M","R","M","R","B",null,"M","?","$","?","$","R","M","E","T","R","M","R","M","M","R","B",null,"M","?","M","?","M","R","M","M","T","E","R","?","R","$","R","B"],"character_chosen":"DEFECT","items_purchased":["Gash","Secret Technique","Sweeping Beam+1","Go for the Eyes+1","Apotheosis"],"campfire_rested":6,"item_purchase_floors":[5,20,20,48,48],"current_hp_per_floor":[68,68,75,75,75,42,42,42,42,42,42,41,41,41,41,42,71,61,61,61,61,61,61,61,53,53,53,39,63,63,54,78,62,76,29,29,29,29,29,53,44,31,31,27,51,46,70,70,80,6],"gold":105,"neow_bonus":"RANDOM_COMMON_RELIC","is_prod":false,"is_daily":false,"chose_seed":false,"campfire_upgraded":5,"win_rate":0,"timestamp":1537480160,"path_taken":["M","?","?","?","$","E","?","R","T","?","?","M","R","?","R","BOSS","M","?","$","?","$","R","M","E","T","R","M","R","?","M","R","BOSS","M","?","M","?","M","R","M","M","T","E","R","?","R","$","R","BOSS"],"build_version":"2018-09-06","purchased_purges":0,"victory":true,"max_hp_per_floor":[75,75,75,75,75,75,75,75,75,75,75,75,75,75,75,80,80,80,80,80,80,80,80,80,80,80,80,80,80,80,80,80,80,80,80,80,80,80,80,80,80,80,80,80,80,80,80,80,80,80],"card_choices":[{"not_picked":["Stack","Sweeping Beam"],"picked":"Leap","floor":1},{"not_picked":["BootSequence","Hologram"],"picked":"Chaos","floor":4},{"not_picked":["Streamline","Thunder Strike"],"picked":"Auto Shields","floor":6},{"not_picked":["Cold Snap+1","Ball Lightning+1"],"picked":"Sweeping Beam+1","floor":11},{"not_picked":["Redo","Glacier"],"picked":"Compile Driver+1","floor":12},{"not_picked":["Turbo","Rebound+1"],"picked":"Cold Snap+1","floor":14},{"not_picked":["Biased Cognition","Machine Learning"],"picked":"All For One+1","floor":16},{"not_picked":["White Noise","Streamline+1"],"picked":"Go for the Eyes+1","floor":18},{"not_picked":["Redo","Hologram"],"picked":"Beam Cell+1","floor":24},{"not_picked":["Recycle","Static Discharge"],"picked":"FTL+1","floor":25},{"not_picked":["Conserve Battery","Cold Snap+1","Rip and Tear+1","Leap"],"picked":"SKIP","floor":28},{"not_picked":["Rebound+1","Chaos","Go for the Eyes+1"],"picked":"FTL+1","floor":30},{"not_picked":["Sweeping Beam+1","Undo","Compile Driver+1"],"picked":"Stack+1","floor":31},{"not_picked":["Meteor Strike+1","Machine Learning","Electrodynamics"],"picked":"Echo Form","floor":33},{"not_picked":["Reinforced Body+1","Rebound+1","Lockon+1"],"picked":"Hologram","floor":35},{"not_picked":["Reprogram+1","Steam+1","Turbo+1"],"picked":"Compile Driver+1","floor":37},{"not_picked":["Ball Lightning+1","Capacitor+1","Blizzard+1"],"picked":"Seek","floor":39},{"not_picked":["Glacier","Streamline+1","Darkness+1"],"picked":"Steam","floor":41},{"not_picked":["Turbo","Defragment+1","Ball Lightning+1"],"picked":"White Noise+1","floor":42},{"not_picked":["Capacitor","Turbo","Aggregate"],"picked":"Rebound+1","floor":44},{"not_picked":["Good Instincts","Mayhem","Thinking Ahead"],"picked":"Dark Shackles","floor":46},{"not_picked":["The Bomb","Discovery","Finesse"],"picked":"Master of Strategy","floor":46}],"player_experience":215866,"relics_obtained":[{"floor":6,"key":"Sundial"},{"floor":9,"key":"Molten Egg 2"},{"floor":25,"key":"Bronze Scales"},{"floor":26,"key":"Question Card"},{"floor":43,"key":"Anchor"},{"floor":44,"key":"Gremlin Horn"}],"event_choices":[{"event_name":"The Cleric","player_choice":"Card Removal","floor":2,"damage_taken":0},{"event_name":"Wheel of Change","player_choice":"Full Heal","floor":3,"damage_taken":0},{"event_name":"Bonfire Elementals","player_choice":"BASIC","floor":7,"damage_taken":0},{"event_name":"Liars Game","player_choice":"disagreed","floor":10,"damage_taken":0},{"event_name":"Drug Dealer","player_choice":"Inject Mutagens","floor":19,"damage_taken":0},{"event_name":"Cursed Tome","player_choice":"Ignored","floor":21,"damage_taken":0},{"event_name":"Mysterious Sphere","player_choice":"Ignore","floor":36,"damage_taken":0},{"event_name":"The Moai Head","player_choice":"Ignored","floor":38,"damage_taken":0},{"event_name":"SensoryStone","player_choice":"Memory 2","floor":46,"damage_taken":0}],"is_beta":false,"boss_relics":[{"not_picked":["Coffee Dripper","Orrery"],"picked":"Pandora\u0027s Box"},{"not_picked":["FrozenCore","Inserter"],"picked":"Fusion Hammer"}],"items_purged_floors":[],"is_endless":false,"potions_floor_spawned":[6,12,14,24,25,30,42,44],"ascension_level":9}