{"gold_per_floor":[109,259,24,42,42,42,57,57,126,142,142,154,154,154],"floor_reached":14,"playtime":442,"items_purged":[],"score":160,"play_id":"f1ed34a6-cbae-4d75-8555-ca8fd666e13b","local_time":"20190204215750","is_ascension_mode":true,"campfire_choices":[{"data":"Barricade","floor":6,"key":"SMITH"},{"data":"Bash","floor":8,"key":"SMITH"},{"data":"Feel No Pain","floor":11,"key":"SMITH"},{"floor":13,"key":"REST"}],"neow_cost":"NONE","seed_source_timestamp":208718196358160,"circlet_count":0,"master_deck":["AscendersBane","Strike_R","Strike_R","Strike_R","Strike_R","Strike_R","Defend_R","Defend_R","Defend_R","Defend_R","Bash+1","Barricade+1","Doubt","Shrug It Off","Feel No Pain+1","Shrug It Off"],"relics":["Burning Blood","Membership Card","CultistMask","Mummified Hand"],"potions_floor_usage":[7,12],"damage_taken":[{"damage":7,"enemies":"Small Slimes","floor":1,"turns":4},{"damage":10,"enemies":"2 Louse","floor":4,"turns":3},{"damage":12,"enemies":"Cultist","floor":7,"turns":5},{"damage":30,"enemies":"Exordium Thugs","floor":10,"turns":7},{"damage":11,"enemies":"Large Slime","floor":12,"turns":13},{"damage":59,"enemies":"Gremlin Nob","floor":14,"turns":5}],"seed_played":"-6838711777374702287","potions_obtained":[{"floor":4,"key":"Block Potion"},{"floor":10,"key":"BloodPotion"}],"is_trial":false,"path_per_floor":["M","?","$","M","?","R","M","R","T","M","R","M","R","E"],"character_chosen":"IRONCLAD","items_purchased":["Membership Card","Shrug It Off"],"campfire_rested":1,"item_purchase_floors":[3,3],"current_hp_per_floor":[67,67,67,63,63,63,57,57,57,33,33,35,57,0],"gold":154,"neow_bonus":"ONE_RANDOM_RARE_CARD","is_prod":false,"is_daily":false,"chose_seed":false,"campfire_upgraded":3,"win_rate":0,"timestamp":1549346270,"path_taken":["M","?","$","M","?","R","M","R","T","?","R","M","R","E"],"build_version":"2019-01-23","purchased_purges":0,"victory":false,"max_hp_per_floor":[75,75,75,75,75,75,75,75,75,75,75,75,75,75],"card_choices":[{"not_picked":["Heavy Blade","Wild Strike","Pommel Strike"],"picked":"SKIP","floor":1},{"not_picked":["Rage","Clothesline"],"picked":"Feel No Pain","floor":4},{"not_picked":["Seeing Red","Searing Blow"],"picked":"Shrug It Off","floor":7},{"not_picked":["Cleave","Wild Strike","Reckless Charge"],"picked":"SKIP","floor":10},{"not_picked":["Hemokinesis","Wild Strike","Reckless Charge"],"picked":"SKIP","floor":12}],"player_experience":712717,"relics_obtained":[{"floor":9,"key":"Mummified Hand"}],"event_choices":[{"damage_healed":0,"gold_gain":150,"player_choice":"AGREE","damage_taken":0,"max_hp_gain":0,"max_hp_loss":0,"event_name":"Liars Game","floor":2,"gold_loss":0,"cards_obtained":["Doubt"]},{"damage_healed":0,"gold_gain":0,"player_choice":"Trade","damage_taken":0,"relics_obtained":["CultistMask"],"max_hp_gain":0,"max_hp_loss":0,"event_name":"FaceTrader","floor":5,"gold_loss":0}],"is_beta":false,"boss_relics":[],"items_purged_floors":[],"is_endless":false,"potions_floor_spawned":[4,10],"killed_by":"Gremlin Nob","ascension_level":20}