{"path_per_floor":["M","?","?","$","?","R","M","M","T","R","?","M","M","M","R"],"character_chosen":"THE_SILENT","items_purchased":["Torii"],"gold_per_floor":[116,116,291,6,81,81,96,112,112,112,112,123,140,151,151,151],"floor_reached":16,"campfire_rested":3,"playtime":641,"current_hp_per_floor":[61,61,61,61,50,63,45,39,39,57,57,53,46,45,63,0],"items_purged":[],"gold":151,"score":92,"play_id":"05de56b4-63d4-4204-8b65-05388b3df72f","local_time":"20180411211801","is_prod":false,"is_daily":false,"chose_seed":false,"is_ascension_mode":false,"campfire_upgraded":0,"timestamp":1523445481,"path_taken":["M","?","?","$","?","R","M","?","T","R","?","M","?","M","R","BOSS"],"build_version":"2018-04-10","seed_source_timestamp":184580155859071,"purchased_purges":0,"victory":false,"master_deck":["Defend_G","Defend_G","Defend_G","Defend_G","Strike_G","Strike_G","Strike_G","Strike_G","Survivor","Neutralize","Grand Finale","Eviscerate","Slice","Regret","Doubt","Deadly Poison","Slice","Neutralize","Endless Agony","Poisoned Stab","Deflect"],"max_hp_per_floor":[63,63,63,63,63,63,63,63,63,63,63,63,63,63,63,63],"relics":["Ring of the Snake","Letter Opener","Torii","Unceasing Top"],"card_choices":[{"not_picked":["Quick Slash","Calculated Gamble"],"picked":"Slice","floor":1},{"not_picked":["Acrobatics","Deflect"],"picked":"Deadly Poison","floor":7},{"not_picked":["Expertise","Dagger Throw"],"picked":"Slice","floor":8},{"not_picked":["Outmaneuver","Dodge and Roll"],"picked":"Endless Agony","floor":12},{"not_picked":["Deflect","Dagger Throw"],"picked":"Poisoned Stab","floor":13},{"not_picked":["Bullet Time","PiercingWail"],"picked":"Deflect","floor":14}],"player_experience":113541,"potions_floor_usage":[13],"damage_taken":[{"damage":2,"enemies":"Jaw Worm","floor":1,"turns":6},{"damage":18,"enemies":"2 Louse","floor":7,"turns":5},{"damage":6,"enemies":"Cultist","floor":8,"turns":5},{"damage":4,"enemies":"Blue Slaver","floor":12,"turns":4},{"damage":7,"enemies":"Looter","floor":13,"turns":3},{"damage":1,"enemies":"Large Slime","floor":14,"turns":5},{"damage":63,"enemies":"The Guardian","floor":16,"turns":14}],"event_choices":[{"event_name":"Big Fish","player_choice":"Box","floor":2,"damage_taken":0},{"event_name":"Liars Game","player_choice":"agreed","floor":3,"damage_taken":0},{"event_name":"World of Goop","player_choice":"Gather Gold","floor":5,"damage_taken":0},{"event_name":"Match and Keep!","player_choice":"1 cards matched","floor":11,"damage_taken":0}],"boss_relics":[],"potions_floor_spawned":[12],"seed_played":"-6186445895699822196","killed_by":"The Guardian","ascension_level":0,"is_trial":false}