{"gold_per_floor":[113,24,38,56,71,71,71,87,113,140,140,140],"floor_reached":12,"playtime":1685,"items_purged":[],"score":156,"play_id":"19856009-3ebf-490b-b3a7-67180c456a3c","local_time":"20190113160605","is_ascension_mode":true,"campfire_choices":[{"floor":6,"key":"REST"},{"data":"Clothesline","floor":11,"key":"SMITH"}],"neow_cost":"TEN_PERCENT_HP_LOSS","seed_source_timestamp":97536846444434,"circlet_count":0,"master_deck":["AscendersBane","Strike_R","Strike_R","Strike_R","Strike_R","Strike_R","Defend_R","Defend_R","Defend_R","Defend_R","Bash","Twin Strike","Evolve","Power Through","Offering","Clothesline+1"],"relics":["Burning Blood","Ginger","Bronze Scales","Omamori"],"potions_floor_usage":[10],"damage_taken":[{"damage":9,"enemies":"Jaw Worm","floor":1,"turns":5},{"damage":12,"enemies":"Cultist","floor":3,"turns":4},{"damage":5,"enemies":"Small Slimes","floor":4,"turns":4},{"damage":38,"enemies":"Exordium Wildlife","floor":5,"turns":5},{"damage":12,"enemies":"2 Fungi Beasts","floor":8,"turns":3},{"damage":32,"enemies":"Gremlin Nob","floor":10,"turns":4},{"damage":9,"enemies":"Large Slime","floor":12,"turns":4}],"seed_played":"2579294131743771409","potions_obtained":[{"floor":3,"key":"Poison Potion"},{"floor":5,"key":"Regen Potion"},{"floor":10,"key":"Weak Potion"}],"is_trial":false,"path_per_floor":["M","$","M","M","M","R","?","M","T","E","R","M"],"character_chosen":"IRONCLAD","items_purchased":["Evolve"],"campfire_rested":1,"item_purchase_floors":[2],"current_hp_per_floor":[65,65,59,60,28,48,48,42,42,16,16,7],"gold":140,"neow_bonus":"ONE_RARE_RELIC","is_prod":false,"is_daily":false,"chose_seed":false,"campfire_upgraded":1,"win_rate":0,"timestamp":1547363165,"path_taken":["M","$","M","M","M","R","?","M","T","E","R","M"],"build_version":"2019-01-10","purchased_purges":0,"victory":false,"max_hp_per_floor":[68,68,68,68,68,68,68,68,68,68,68,68],"card_choices":[{"not_picked":["Heavy Blade","Bloodletting"],"picked":"Twin Strike","floor":1},{"not_picked":["Havoc","Searing Blow","Headbutt"],"picked":"SKIP","floor":3},{"not_picked":["Entrench","Blood for Blood","Corruption"],"picked":"SKIP","floor":4},{"not_picked":["Anger","Feel No Pain"],"picked":"Power Through","floor":5},{"not_picked":["Clash","Flex","Double Tap"],"picked":"SKIP","floor":8},{"not_picked":["Thunderclap","Flex"],"picked":"Clothesline","floor":10}],"player_experience":772163,"relics_obtained":[{"floor":9,"key":"Bronze Scales"},{"floor":10,"key":"Omamori"}],"event_choices":[{"damage_healed":0,"gold_gain":0,"player_choice":"1 cards matched","damage_taken":0,"max_hp_gain":0,"max_hp_loss":0,"event_name":"Match and Keep!","floor":7,"gold_loss":0,"cards_obtained":["Offering"]},{"damage_healed":0,"gold_gain":0,"player_choice":"1 cards matched","damage_taken":0,"max_hp_gain":0,"max_hp_loss":0,"event_name":"Match and Keep!","floor":7,"gold_loss":0,"cards_obtained":["Offering"]}],"is_beta":false,"boss_relics":[],"items_purged_floors":[],"is_endless":false,"potions_floor_spawned":[3,5,10],"killed_by":"Large Slime","ascension_level":19}