{"gold_per_floor":[116,96,43,55,75,75,101,101,124,199,199,212,212,237,237,311,311,331,221,68,82,82,82,108,108,108,134,152,152,181,181,181,257,257,277,34,34,54,67,93,109,109,109,109],"floor_reached":44,"playtime":1817,"items_purged":["Strike_R"],"score":1053,"play_id":"7ee6aa01-4dd8-48dc-844a-cd7b2ce83526","local_time":"20190227171648","is_ascension_mode":true,"campfire_choices":[{"data":"Body Slam","floor":6.0,"key":"SMITH"},{"data":"True Grit","floor":8.0,"key":"SMITH"},{"data":"Anger","floor":13.0,"key":"SMITH"},{"data":"Fiend Fire","floor":15.0,"key":"SMITH"},{"data":"Whirlwind","floor":23.0,"key":"SMITH"},{"data":"Uppercut","floor":29.0,"key":"SMITH"},{"data":"Rampage","floor":32.0,"key":"SMITH"},{"data":"Disarm","floor":42,"key":"SMITH"}],"neow_cost":"NONE","seed_source_timestamp":325168838436143,"circlet_count":0,"master_deck":["AscendersBane","Strike_R","Defend_R","Defend_R","Defend_R+1","Defend_R","Bash+1","Anger+1","True Grit+1","Body Slam+1","Shrug It Off+1","Rampage+1","Clash","Fiend Fire+1","Feed","Whirlwind+1","Uppercut+1","Power Through+1","Immolate","Evolve+1","Shrug It Off","Offering","Power Through+1","Demon Form","Disarm+1","Sentinel+1","Offering","Shockwave","Dual Wield+1"],"special_seed":0,"relics":["Burning Blood","Potion Belt","Ancient Tea Set","Bag of Preparation","Mark of Pain","Unceasing Top","War Paint","Prayer Wheel","Bottled Lightning","Mango","Empty Cage","Self Forming Clay"],"potions_floor_usage":[41],"damage_taken":[{"damage":1.0,"enemies":"Cultist","floor":1.0,"turns":3.0},{"damage":7.0,"enemies":"Jaw Worm","floor":4.0,"turns":3.0},{"damage":2.0,"enemies":"2 Louse","floor":5.0,"turns":4.0},{"damage":10.0,"enemies":"Gremlin Nob","floor":7.0,"turns":3.0},{"damage":2.0,"enemies":"Looter","floor":12.0,"turns":2.0},{"damage":23.0,"enemies":"3 Sentries","floor":14.0,"turns":9.0},{"damage":50.0,"enemies":"The Guardian","floor":16.0,"turns":11.0},{"damage":17.0,"enemies":"3 Byrds","floor":18.0,"turns":7.0},{"damage":0.0,"enemies":"Chosen","floor":21.0,"turns":2.0},{"damage":5.0,"enemies":"Book of Stabbing","floor":24.0,"turns":3.0},{"damage":9.0,"enemies":"Gremlin Leader","floor":27.0,"turns":4.0},{"damage":34.0,"enemies":"Shelled Parasite and Fungi","floor":28.0,"turns":4.0},{"damage":0.0,"enemies":"Slavers","floor":30.0,"turns":2.0},{"damage":99.0,"enemies":"Champ","floor":33.0,"turns":11.0},{"damage":24.0,"enemies":"3 Darklings","floor":35.0,"turns":4.0},{"damage":3.0,"enemies":"3 Shapes","floor":38.0,"turns":8.0},{"damage":12.0,"enemies":"Jaw Worm Horde","floor":39.0,"turns":3.0},{"damage":57.0,"enemies":"Reptomancer","floor":40.0,"turns":6.0},{"damage":8,"enemies":"3 Darklings","floor":41,"turns":5},{"damage":6,"enemies":"Nemesis","floor":44,"turns":6}],"seed_played":"-4978676908697632371","potions_obtained":[{"floor":2.0,"key":"Dexterity Potion"},{"floor":5.0,"key":"SkillPotion"},{"floor":12.0,"key":"GamblersBrew"},{"floor":16.0,"key":"SteroidPotion"},{"floor":18.0,"key":"FearPotion"},{"floor":27.0,"key":"Fire Potion"},{"floor":28.0,"key":"SkillPotion"},{"floor":37.0,"key":"Poison Potion"},{"floor":37.0,"key":"Explosive Potion"},{"floor":38.0,"key":"SneckoOil"},{"floor":40.0,"key":"Regen Potion"}],"is_trial":false,"path_per_floor":["M","?","$","M","M","R","E","R","T","?","?","M","R","E","R","B",null,"M","?","$","M","T","R","E","?","T","E","M","R","E","?","R","B",null,"M","$","?","M","M","E","M","R","T","E"],"character_chosen":"IRONCLAD","items_purchased":["True Grit","Uppercut","Demon Form","Disarm"],"campfire_rested":0,"item_purchase_floors":[3,20,36,36],"current_hp_per_floor":[73,73,73,72,75,75,71,71,71,60,65,69,69,52,52,8,62,54,54,54,60,60,60,64,64,64,61,36,36,56,103,103,10,80,62,62,62,68,65,14,26,26,26,20],"gold":109,"neow_bonus":"UPGRADE_CARD","is_prod":false,"is_daily":false,"chose_seed":false,"campfire_upgraded":8,"win_rate":0,"timestamp":1551305808,"path_taken":["M","?","?","?","M","R","E","R","T","?","?","M","R","E","R","BOSS","M","?","$","?","?","R","E","?","T","E","M","R","E","?","R","BOSS","M","?","?","M","M","E","M","R","T","E"],"build_version":"2019-01-23","purchased_purges":1,"victory":false,"max_hp_per_floor":[75,75,75,75,75,75,75,75,75,75,80,80,80,80,80,80,80,83,83,83,83,83,83,86,86,86,86,89,89,103,103,103,103,103,103,103,103,106,109,109,109,109,109,109],"card_choices":[{"not_picked":["Intimidate","Pommel Strike"],"picked":"Anger","floor":1.0},{"not_picked":["Warcry","Headbutt"],"picked":"Body Slam","floor":4.0},{"not_picked":["Havoc","Twin Strike"],"picked":"Shrug It Off","floor":5.0},{"not_picked":["Battle Trance","Anger"],"picked":"Rampage","floor":7.0},{"not_picked":["Warcry","Rupture"],"picked":"Clash","floor":12.0},{"not_picked":["Corruption","Iron Wave"],"picked":"Fiend Fire","floor":14.0},{"not_picked":["Fiend Fire","Bludgeon"],"picked":"Feed","floor":16.0},{"not_picked":["Armaments","Cleave"],"picked":"Whirlwind","floor":18.0},{"not_picked":["True Grit","Blood for Blood","Combust"],"picked":"SKIP","floor":21.0},{"not_picked":["Uppercut","Twin Strike+1"],"picked":"Power Through","floor":24.0},{"not_picked":["Anger","Wild Strike","True Grit"],"picked":"SKIP","floor":27.0},{"not_picked":["Dual Wield+1","Wild Strike+1"],"picked":"Evolve+1","floor":28.0},{"not_picked":["Rage","Burning Pact"],"picked":"Shrug It Off","floor":28.0},{"not_picked":["Wild Strike","Heavy Blade+1","Combust"],"picked":"SKIP","floor":30.0},{"not_picked":["Exhume","Bludgeon"],"picked":"Offering","floor":33.0},{"not_picked":["Iron Wave","Clash"],"picked":"Power Through+1","floor":35.0},{"not_picked":["Thunderclap","Cleave+1","Twin Strike"],"picked":"SKIP","floor":35.0},{"not_picked":["Clash","Clothesline+1"],"picked":"Sentinel+1","floor":38.0},{"not_picked":["Heavy Blade","Shrug It Off","Flame Barrier"],"picked":"SKIP","floor":38.0},{"not_picked":["Havoc+1","Iron Wave"],"picked":"Offering","floor":39.0},{"not_picked":["Headbutt","True Grit"],"picked":"Shockwave","floor":39.0},{"not_picked":["Clash","Evolve"],"picked":"Dual Wield+1","floor":40.0},{"not_picked":["Anger","Power Through","Second Wind"],"picked":"SKIP","floor":41},{"not_picked":["True Grit","Disarm","Offering"],"picked":"SKIP","floor":41}],"player_experience":594218,"relics_obtained":[{"floor":7.0,"key":"Potion Belt"},{"floor":9.0,"key":"Ancient Tea Set"},{"floor":14.0,"key":"Bag of Preparation"},{"floor":22.0,"key":"Unceasing Top"},{"floor":24.0,"key":"War Paint"},{"floor":26.0,"key":"Prayer Wheel"},{"floor":27.0,"key":"Bottled Lightning"},{"floor":30.0,"key":"Mango"},{"floor":40.0,"key":"Self Forming Clay"}],"event_choices":[{"damage_healed":0.0,"max_hp_gain":0.0,"max_hp_loss":0.0,"gold_gain":0.0,"event_name":"The Woman in Blue","player_choice":"Bought 1 Potion","floor":2.0,"gold_loss":0.0,"damage_taken":0.0},{"damage_healed":0.0,"max_hp_gain":0.0,"max_hp_loss":0.0,"gold_gain":75.0,"event_name":"World of Goop","player_choice":"Gather Gold","floor":10.0,"gold_loss":0.0,"damage_taken":11.0},{"damage_healed":0.0,"max_hp_gain":5.0,"max_hp_loss":0.0,"gold_gain":0.0,"event_name":"Big Fish","player_choice":"Donut","floor":11.0,"gold_loss":0.0,"damage_taken":0.0},{"cards_removed":["Strike_R"],"damage_healed":0.0,"max_hp_gain":0.0,"max_hp_loss":0.0,"gold_gain":0.0,"event_name":"Designer","player_choice":"Upgrade and Remove","floor":19.0,"gold_loss":110.0,"damage_taken":0.0,"cards_upgraded":["Shrug It Off"]},{"damage_healed":0.0,"max_hp_gain":0.0,"max_hp_loss":0.0,"gold_gain":0.0,"event_name":"The Library","player_choice":"Read","floor":25.0,"gold_loss":0.0,"damage_taken":0.0,"cards_obtained":["Immolate"]},{"damage_healed":47.0,"max_hp_gain":0.0,"max_hp_loss":0.0,"gold_gain":0.0,"event_name":"Wheel of Change","player_choice":"Full Heal","floor":31.0,"gold_loss":0.0,"damage_taken":0.0},{"damage_healed":0.0,"max_hp_gain":0.0,"max_hp_loss":0.0,"gold_gain":0.0,"event_name":"Lab","player_choice":"Got Potions","floor":37.0,"gold_loss":0.0,"damage_taken":0.0}],"is_beta":false,"boss_relics":[{"not_picked":["Orrery","Velvet Choker"],"picked":"Mark of Pain"},{"not_picked":["Black Star","Sozu"],"picked":"Empty Cage"}],"items_purged_floors":[20],"is_endless":false,"potions_floor_spawned":[5,12,16,18,27,28,38,40],"killed_by":"Nemesis","ascension_level":19}