{"gold_per_floor":[13,29,46,58,58,58,58,74,74,24,37,37,37,57,57,157,157,168,168,96,109,109],"floor_reached":22,"playtime":903,"items_purged":[],"score":319,"play_id":"bef10d30-4ca2-4281-b4de-507b4481da63","local_time":"20180920160419","is_ascension_mode":true,"campfire_choices":[{"data":"Storm","floor":6,"key":"SMITH"},{"floor":13,"key":"REST"},{"floor":15,"key":"REST"}],"neow_cost":"NO_GOLD","seed_source_timestamp":510378037109743,"circlet_count":0,"master_deck":["Zap","Dualcast","Creative AI+1","Turbo","Multi-Cast","FTL","Storm+1","White Noise","Steam","Self Repair","Core Surge","Steam Power","Stack","Steam","Steam Power","Auto Shields","Ball Lightning","Barrage","Steam+1","Necronomicurse","Hello World","BootSequence"],"relics":["Cracked Core","Pantograph","Pandora\u0027s Box","Necronomicon"],"potions_floor_usage":[16,18],"damage_taken":[{"damage":4,"enemies":"Small Slimes","floor":1,"turns":3},{"damage":1,"enemies":"2 Louse","floor":2,"turns":2},{"damage":3,"enemies":"Jaw Worm","floor":3,"turns":4},{"damage":1,"enemies":"Exordium Thugs","floor":4,"turns":3},{"damage":12,"enemies":"3 Louse","floor":8,"turns":3},{"damage":36,"enemies":"Exordium Wildlife","floor":11,"turns":4},{"damage":24,"enemies":"Exordium Thugs","floor":14,"turns":4},{"damage":0,"enemies":"Slime Boss","floor":16,"turns":6},{"damage":21,"enemies":"2 Thieves","floor":18,"turns":3},{"damage":1,"enemies":"3 Byrds","floor":21,"turns":4},{"damage":47,"enemies":"Snecko","floor":22,"turns":4}],"seed_played":"3073688492556249016","potions_obtained":[{"floor":1,"key":"FocusPotion"},{"floor":3,"key":"Poison Potion"},{"floor":4,"key":"FocusPotion"},{"floor":8,"key":"FocusPotion"}],"is_trial":false,"path_per_floor":["M","M","M","M","$","R","?","M","T","?","M","?","R","M","R","B",null,"M","?","$","M"],"character_chosen":"DEFECT","items_purchased":["Hello World"],"campfire_rested":2,"item_purchase_floors":[20],"current_hp_per_floor":[64,63,60,59,59,59,59,47,47,47,11,4,26,2,24,56,70,56,40,40,46,0],"gold":109,"neow_bonus":"THREE_RARE_CARDS","is_prod":false,"is_daily":false,"chose_seed":false,"campfire_upgraded":1,"win_rate":0,"timestamp":1537473859,"path_taken":["M","M","M","M","$","R","?","M","T","?","M","?","R","?","R","BOSS","M","?","$","M","M"],"build_version":"2018-09-06","purchased_purges":0,"victory":false,"max_hp_per_floor":[75,75,75,75,75,75,75,75,75,75,75,75,75,75,75,75,75,75,75,75,75,75],"card_choices":[{"not_picked":["Seek","Reboot"],"picked":"Creative AI","floor":0},{"not_picked":["FTL","Barrage"],"picked":"Turbo","floor":1},{"not_picked":["Streamline","Steam"],"picked":"Multi-Cast","floor":2},{"not_picked":["Conserve Battery","Stack"],"picked":"FTL","floor":3},{"not_picked":["Gash","Stack"],"picked":"Storm","floor":4},{"not_picked":["Streamline","Hello World"],"picked":"White Noise","floor":8},{"not_picked":["Cold Snap","Ball Lightning"],"picked":"Steam","floor":11},{"not_picked":["Conserve Battery","Defragment"],"picked":"Self Repair","floor":14},{"not_picked":["All For One","Meteor Strike"],"picked":"Core Surge","floor":16},{"not_picked":["Conserve Battery","Doom and Gloom"],"picked":"Steam+1","floor":18},{"not_picked":["Skim","Cold Snap+1"],"picked":"BootSequence","floor":21}],"player_experience":212648,"relics_obtained":[{"floor":9,"key":"Pantograph"},{"floor":19,"key":"Necronomicon"}],"event_choices":[{"event_name":"Living Wall","player_choice":"Grow","floor":7,"damage_taken":0},{"event_name":"The Cleric","player_choice":"Card Removal","floor":10,"damage_taken":0},{"event_name":"Scrap Ooze","player_choice":"unsuccessful","floor":12,"damage_taken":7},{"event_name":"Cursed Tome","player_choice":"Obtained Book","floor":19,"damage_taken":0}],"is_beta":false,"boss_relics":[{"not_picked":["Black Star","Lizard Tail"],"picked":"Pandora\u0027s Box"}],"items_purged_floors":[],"is_endless":false,"potions_floor_spawned":[1,3,4,8],"killed_by":"Snecko","ascension_level":8}