{"path_per_floor":["M","?","M","M","?","R","M","R","T","$","?","M","?","$","R","B",null,"M","?","?","?","$","R","?","M","T","?","R","$","M","M","R"],"character_chosen":"THE_SILENT","items_purchased":["Strange Spoon","Blood Vial","Poisoned Stab","Deadly Poison","Apotheosis","Backstab"],"gold_per_floor":[368,368,386,402,577,577,595,595,619,194,269,293,258,22,22,146,146,161,161,86,86,86,86,86,104,104,104,104,104,122,138,138,138],"floor_reached":33,"campfire_rested":2,"playtime":1176,"current_hp_per_floor":[70,65,64,63,63,63,56,56,56,56,45,43,59,59,59,44,65,37,37,37,37,37,56,56,57,57,57,57,57,44,47,65,0],"items_purged":[],"gold":138,"score":308,"play_id":"8aa64b82-cea1-49c7-8596-dfc5f805cd17","local_time":"20180426195216","is_prod":false,"is_daily":false,"chose_seed":false,"is_ascension_mode":false,"campfire_upgraded":4,"timestamp":1524736336,"path_taken":["M","?","?","M","?","R","M","R","T","$","?","M","?","?","R","BOSS","M","?","?","?","$","R","?","M","T","?","R","?","?","M","R","BOSS"],"build_version":"2018-04-19","seed_source_timestamp":162891053860155,"purchased_purges":0,"victory":false,"master_deck":["Defend_G","Defend_G","Defend_G","Defend_G","Defend_G","Survivor","Neutralize","Poisoned Stab+1","Slice+1","Adrenaline","Doubt","Deadly Poison","Poisoned Stab","Deadly Poison","Deadly Poison","Apotheosis+1","Backstab","Burst","Crippling Poison","Cloak And Dagger","Catalyst+1","Bane","Deadly Poison","Bane","Writhe","Deep Breath","Neutralize","Backstab+1","Backflip","Bite","Bite","Bite","Bite","Bite","Prepared+1","Dodge and Roll+1"],"max_hp_per_floor":[70,65,65,65,65,65,65,65,65,65,65,65,65,65,65,65,65,65,65,65,65,65,65,65,65,65,65,65,65,65,65,65,65],"relics":["Ring of the Snake","Golden Idol","Art of War","Strange Spoon","Orrery","Prayer Wheel","Darkstone Periapt"],"card_choices":[{"not_picked":["Prepared","Underhanded Strike"],"picked":"Poisoned Stab","floor":1},{"not_picked":["Deflect","Quick Slash"],"picked":"Slice","floor":3},{"not_picked":["Masterful Stab","Concentrate"],"picked":"Adrenaline","floor":4},{"not_picked":["Sucker Punch","Expertise"],"picked":"Deadly Poison","floor":7},{"not_picked":["Underhanded Strike","Leg Sweep"],"picked":"Deadly Poison","floor":12},{"not_picked":["After Image","Storm of Steel"],"picked":"Burst","floor":16},{"not_picked":["Backflip","Terror"],"picked":"Crippling Poison","floor":17},{"not_picked":["Blur","PiercingWail"],"picked":"Cloak And Dagger","floor":17},{"not_picked":["Escape Plan","Slice"],"picked":"Catalyst","floor":17},{"not_picked":["Dodge and Roll","Heel Hook"],"picked":"Bane","floor":17},{"not_picked":["Cloak And Dagger","PiercingWail"],"picked":"Deadly Poison","floor":17},{"not_picked":["Concentrate","Slice"],"picked":"Bane","floor":18},{"not_picked":["Poisoned Stab","Cloak And Dagger"],"picked":"Backstab","floor":25},{"not_picked":["Dagger Throw","Tactician"],"picked":"Backflip","floor":26},{"not_picked":["Quick Slash","Concentrate"],"picked":"Prepared","floor":30},{"not_picked":["Deflect","Dagger Throw"],"picked":"Dodge and Roll","floor":31}],"player_experience":134648,"potions_floor_usage":[3,16,25,30,31],"damage_taken":[{"damage":0,"enemies":"2 Louse","floor":1,"turns":3},{"damage":1,"enemies":"Jaw Worm","floor":3,"turns":5},{"damage":1,"enemies":"Cultist","floor":4,"turns":4},{"damage":7,"enemies":"Lots of Slimes","floor":7,"turns":5},{"damage":4,"enemies":"Blue Slaver","floor":12,"turns":3},{"damage":17,"enemies":"The Guardian","floor":16,"turns":7},{"damage":28,"enemies":"2 Thieves","floor":18,"turns":4},{"damage":1,"enemies":"Shell Parasite","floor":25,"turns":3},{"damage":15,"enemies":"Snake Plant","floor":30,"turns":3},{"damage":0,"enemies":"Snecko","floor":31,"turns":2},{"damage":87,"enemies":"Automaton","floor":33,"turns":8}],"event_choices":[{"event_name":"Golden Idol","player_choice":"Lose Max HP","floor":2,"damage_taken":0},{"event_name":"Liars Game","player_choice":"agreed","floor":5,"damage_taken":0},{"event_name":"World of Goop","player_choice":"Gather Gold","floor":11,"damage_taken":0},{"event_name":"The Cleric","player_choice":"Healed","floor":13,"damage_taken":0},{"event_name":"The Mausoleum","player_choice":"Yes","floor":19,"damage_taken":0},{"event_name":"Beggar","player_choice":"Gave Gold","floor":20,"damage_taken":0},{"event_name":"Match and Keep!","player_choice":"2 cards matched","floor":21,"damage_taken":0},{"event_name":"Drug Dealer","player_choice":"Ignored","floor":24,"damage_taken":0},{"event_name":"Vampires","player_choice":"Became a vampire (Vial)","floor":27,"damage_taken":0}],"boss_relics":[{"not_picked":["Cursed Key","Eternal Feather"],"picked":"Orrery"}],"potions_floor_spawned":[1,7,12,25,30],"seed_played":"-7674285397408350801","killed_by":"Automaton","ascension_level":0,"is_trial":false}