{"gold_per_floor":[116,196,216,232,246,275,275,308,308,325,295,307,307,12,12,86,86,96,110,110,26,42,42],"floor_reached":23,"playtime":974,"items_purged":["Strike_R"],"score":379,"play_id":"aa33b92f-5ade-4801-9251-6f47e94e0df9","local_time":"20181227221646","is_ascension_mode":true,"campfire_choices":[{"floor":7.0,"key":"REST"},{"data":"Armaments","floor":15,"key":"SMITH"}],"neow_cost":"NONE","seed_source_timestamp":93306753751353,"circlet_count":0,"master_deck":["AscendersBane","Strike_R","Strike_R","Strike_R","Strike_R","Defend_R","Defend_R","Defend_R","Defend_R","Bash","Feel No Pain","Armaments+1","Whirlwind","True Grit","Fiend Fire","Flame Barrier","Battle Trance","Impervious","Clothesline+1","Feel No Pain"],"special_seed":0,"relics":["Burning Blood","NeowsBlessing","Singing Bowl","Nunchaku","Ancient Tea Set","Bottled Tornado","Membership Card","Sozu","Happy Flower"],"potions_floor_usage":[8,8,16,16],"damage_taken":[{"damage":0.0,"enemies":"Cultist","floor":1.0,"turns":1.0},{"damage":0.0,"enemies":"Jaw Worm","floor":3.0,"turns":1.0},{"damage":0.0,"enemies":"Small Slimes","floor":4.0,"turns":1.0},{"damage":11.0,"enemies":"Looter","floor":5.0,"turns":5.0},{"damage":60.0,"enemies":"Lagavulin","floor":6.0,"turns":9.0},{"damage":10,"enemies":"3 Sentries","floor":8,"turns":5},{"damage":19,"enemies":"Blue Slaver","floor":10,"turns":5},{"damage":10,"enemies":"Exordium Thugs","floor":11,"turns":4},{"damage":7,"enemies":"Large Slime","floor":12,"turns":5},{"damage":11,"enemies":"Hexaghost","floor":16,"turns":11},{"damage":16,"enemies":"Spheric Guardian","floor":18,"turns":4},{"damage":9,"enemies":"2 Thieves","floor":19,"turns":5},{"damage":7,"enemies":"Chosen and Byrds","floor":22,"turns":12},{"damage":40,"enemies":"Gremlin Leader","floor":23,"turns":7}],"seed_played":"-8438404909891717141","potions_obtained":[{"floor":4.0,"key":"Explosive Potion"},{"floor":6.0,"key":"Strength Potion"},{"floor":8,"key":"Weak Potion"},{"floor":12,"key":"SteroidPotion"}],"is_trial":false,"path_per_floor":["M","T","M","M","M","E","R","E","T","M","M","M","?","$","R","B",null,"M","M","?","$","M","E"],"character_chosen":"IRONCLAD","items_purchased":["Membership Card","Battle Trance","Happy Flower"],"campfire_rested":1,"item_purchase_floors":[14,14,21],"current_hp_per_floor":[74,74,75,75,72,18,41,37,37,24,22,23,23,23,23,18,65,55,52,29,29,30,0],"gold":42,"neow_bonus":"THREE_ENEMY_KILL","is_prod":false,"is_daily":false,"chose_seed":false,"campfire_upgraded":1,"win_rate":0,"timestamp":1545916606,"path_taken":["M","?","?","M","M","E","R","E","T","M","M","M","?","$","R","BOSS","M","M","?","$","M","E"],"build_version":"2018-12-20","purchased_purges":1,"victory":false,"max_hp_per_floor":[75,75,75,75,77,77,77,77,77,77,79,81,81,81,81,81,81,81,81,86,86,88,88],"card_choices":[{"not_picked":["Havoc","Body Slam"],"picked":"Feel No Pain","floor":1.0},{"not_picked":["Thunderclap","Havoc"],"picked":"Armaments","floor":3.0},{"not_picked":["Disarm","Havoc"],"picked":"Whirlwind","floor":4.0},{"not_picked":["Rage","Headbutt","Shrug It Off"],"picked":"Singing Bowl","floor":5.0},{"not_picked":["Clash","Thunderclap"],"picked":"True Grit","floor":6.0},{"not_picked":["Clothesline","Thunderclap"],"picked":"Fiend Fire","floor":8},{"not_picked":["Pommel Strike","Armaments"],"picked":"Flame Barrier","floor":10},{"not_picked":["Intimidate","Burning Pact","Rupture"],"picked":"Singing Bowl","floor":11},{"not_picked":["Hemokinesis","Shrug It Off","Clash"],"picked":"Singing Bowl","floor":12},{"not_picked":["Fiend Fire","Brutality"],"picked":"Impervious","floor":16},{"not_picked":["Armaments","Flex"],"picked":"Clothesline+1","floor":18},{"not_picked":["Havoc","Clash"],"picked":"Feel No Pain","floor":19},{"not_picked":["Havoc","Entrench","Pommel Strike"],"picked":"SKIP","floor":22},{"not_picked":["Havoc","Entrench","Pommel Strike"],"picked":"Singing Bowl","floor":22}],"player_experience":762103,"relics_obtained":[{"floor":2.0,"key":"Singing Bowl"},{"floor":6.0,"key":"Nunchaku"},{"floor":8,"key":"Ancient Tea Set"},{"floor":9,"key":"Bottled Tornado"}],"event_choices":[{"damage_healed":0,"gold_gain":0,"player_choice":"Ignored","damage_taken":0,"max_hp_gain":0,"max_hp_loss":0,"event_name":"Shining Light","floor":13,"gold_loss":0},{"damage_healed":0,"gold_gain":0,"player_choice":"Shed Blood","damage_taken":28,"max_hp_gain":5,"max_hp_loss":0,"event_name":"Forgotten Altar","floor":20,"gold_loss":0}],"is_beta":false,"boss_relics":[{"not_picked":["Calling Bell","Philosopher\u0027s Stone"],"picked":"Sozu"}],"items_purged_floors":[14],"is_endless":false,"potions_floor_spawned":[4,6,8,12,18,22],"killed_by":"Gremlin Leader","ascension_level":17}