{"gold_per_floor":[118,118,130,55,71,71,82,82,134,153,153,169,189,222,222,321,321,332,257,268,282,293,293,293,325,404,424,424,435,450,468,468,468],"floor_reached":33,"playtime":1822,"items_purged":["Strike_B"],"score":390,"play_id":"0acb225a-2edf-4112-98d1-5735d76649dc","local_time":"20190305195947","is_ascension_mode":true,"campfire_choices":[{"data":"Zap","floor":6.0,"key":"SMITH"},{"data":"Ball Lightning","floor":8.0,"key":"SMITH"},{"data":"Hologram","floor":11.0,"key":"SMITH"},{"data":"Glacier","floor":15,"key":"SMITH"},{"data":"Barrage","floor":23,"key":"SMITH"},{"data":"Conserve Battery","floor":28,"key":"SMITH"},{"floor":32,"key":"REST"}],"neow_cost":"NONE","seed_source_timestamp":0,"circlet_count":0,"master_deck":["Strike_B","Defend_B","Defend_B","Defend_B","Defend_B","Zap+1","Dualcast+1","Ball Lightning+1","Melter","Coolheaded+1","Barrage+1","Seek","Hologram+1","Glacier+1","Steam Power","Electrodynamics","Compile Driver","Rebound","Dualcast+1","Sunder+1","Conserve Battery+1","Capacitor","Capacitor+1"],"special_seed":0,"relics":["Cracked Core","Boot","War Paint","DataDisk","Nuclear Battery","Dream Catcher","The Courier"],"potions_floor_usage":[16,16,18,25,25,31,33],"damage_taken":[{"damage":3.0,"enemies":"Small Slimes","floor":1.0,"turns":3.0},{"damage":0.0,"enemies":"Cultist","floor":3.0,"turns":2.0},{"damage":0.0,"enemies":"Jaw Worm","floor":5.0,"turns":3.0},{"damage":3.0,"enemies":"Blue Slaver","floor":7.0,"turns":2.0},{"damage":4.0,"enemies":"Red Slaver","floor":10.0,"turns":2.0},{"damage":0.0,"enemies":"2 Fungi Beasts","floor":12.0,"turns":2.0},{"damage":0.0,"enemies":"Large Slime","floor":13.0,"turns":3.0},{"damage":4.0,"enemies":"Gremlin Nob","floor":14.0,"turns":3.0},{"damage":0,"enemies":"Hexaghost","floor":16,"turns":8},{"damage":0,"enemies":"Shell Parasite","floor":18,"turns":2},{"damage":6,"enemies":"2 Thieves","floor":20,"turns":3},{"damage":5,"enemies":"Snake Plant","floor":21,"turns":4},{"damage":0,"enemies":"3 Cultists","floor":22,"turns":2},{"damage":18,"enemies":"Gremlin Leader","floor":25,"turns":5},{"damage":6,"enemies":"Snecko","floor":27,"turns":3},{"damage":9,"enemies":"Shelled Parasite and Fungi","floor":29,"turns":2},{"damage":6,"enemies":"Cultist and Chosen","floor":30,"turns":6},{"damage":0,"enemies":"Sentry and Sphere","floor":31,"turns":2},{"damage":56,"enemies":"Champ","floor":33,"turns":10}],"seed_played":"1875540556107452536","potions_obtained":[{"floor":1.0,"key":"Dexterity Potion"},{"floor":3.0,"key":"Energy Potion"},{"floor":12.0,"key":"Energy Potion"},{"floor":14.0,"key":"Ancient Potion"},{"floor":16,"key":"Poison Potion"},{"floor":20,"key":"Weak Potion"},{"floor":27,"key":"GamblersBrew"},{"floor":29,"key":"Fire Potion"}],"is_trial":false,"path_per_floor":["M","?","M","$","M","R","M","R","T","M","R","M","M","E","R","B",null,"M","?","M","M","M","R","?","E","T","M","R","M","M","M","R","B"],"character_chosen":"DEFECT","items_purchased":[],"campfire_rested":1,"item_purchase_floors":[],"current_hp_per_floor":[72,72,72,72,72,72,69,69,69,65,65,65,65,61,61,61,75,75,75,69,64,64,64,64,46,46,40,40,31,25,25,47,0],"gold":468,"neow_bonus":"RANDOM_COMMON_RELIC","is_prod":false,"is_daily":false,"chose_seed":false,"campfire_upgraded":6,"win_rate":0,"timestamp":1551844787,"path_taken":["M","?","?","$","M","R","M","R","T","M","R","M","M","E","R","BOSS","M","?","M","M","M","R","?","E","T","M","R","M","M","M","R","BOSS"],"build_version":"2019-01-23","purchased_purges":1,"victory":false,"max_hp_per_floor":[75,75,75,75,75,75,75,75,75,75,75,75,75,75,75,75,75,75,75,75,75,75,75,75,75,75,75,75,75,75,75,75,75],"card_choices":[{"not_picked":["Lockon","Redo"],"picked":"Ball Lightning","floor":1.0},{"not_picked":["Undo","Static Discharge"],"picked":"Coolheaded","floor":3.0},{"not_picked":["Hologram","Genetic Algorithm"],"picked":"Barrage","floor":5.0},{"not_picked":["Compile Driver","Cold Snap"],"picked":"Seek","floor":7.0},{"not_picked":["Recycle","Turbo"],"picked":"Hologram","floor":10.0},{"not_picked":["Chill","Hologram"],"picked":"Glacier","floor":12.0},{"not_picked":["Skim","Gash","Redo"],"picked":"SKIP","floor":13.0},{"not_picked":["Stack","Turbo"],"picked":"Steam Power","floor":14.0},{"not_picked":["Seek","Thunder Strike"],"picked":"Electrodynamics","floor":16},{"not_picked":["Hologram","Stack"],"picked":"Compile Driver","floor":18},{"not_picked":["Undo","Melter","Coolheaded+1"],"picked":"SKIP","floor":20},{"not_picked":["Genetic Algorithm","Streamline","Coolheaded"],"picked":"SKIP","floor":21},{"not_picked":["Stack+1","Aggregate+1"],"picked":"Rebound","floor":22},{"not_picked":["Beam Cell","Steam+1"],"picked":"Sunder+1","floor":25},{"not_picked":["Hello World","Loop+1"],"picked":"Conserve Battery","floor":27},{"not_picked":["Fusion","Hologram"],"picked":"Capacitor","floor":29},{"not_picked":["Compile Driver","Cold Snap+1"],"picked":"Capacitor+1","floor":30},{"not_picked":["Stack+1","Reinforced Body","Rebound"],"picked":"SKIP","floor":31}],"player_experience":292469,"relics_obtained":[{"floor":9.0,"key":"War Paint"},{"floor":14.0,"key":"DataDisk"},{"floor":25,"key":"Dream Catcher"},{"floor":26,"key":"The Courier"}],"event_choices":[{"damage_healed":0.0,"max_hp_gain":0.0,"max_hp_loss":0.0,"gold_gain":0.0,"cards_transformed":["Strike_B"],"event_name":"Transmorgrifier","player_choice":"Transformed","floor":2.0,"gold_loss":0.0,"damage_taken":0.0,"cards_obtained":["Melter"]},{"cards_removed":["Strike_B"],"damage_healed":0,"gold_gain":0,"player_choice":"Gave Gold","damage_taken":0,"max_hp_gain":0,"max_hp_loss":0,"event_name":"Beggar","floor":19,"gold_loss":75},{"damage_healed":0,"gold_gain":0,"player_choice":"Copied","damage_taken":0,"max_hp_gain":0,"max_hp_loss":0,"event_name":"Duplicator","floor":24,"gold_loss":0,"cards_obtained":["Dualcast"]}],"is_beta":false,"boss_relics":[{"not_picked":["Philosopher\u0027s Stone","White Beast Statue"],"picked":"Nuclear Battery"}],"items_purged_floors":[4],"is_endless":false,"potions_floor_spawned":[1,3,12,14,16,20,27,29],"killed_by":"Champ","ascension_level":4}