{"gold_per_floor":[113,113,132,146,165,197,197,62,62,62,62,62],"floor_reached":12,"playtime":293,"items_purged":[],"score":152,"play_id":"5cc7b8fb-c2fe-4cdd-ab1b-ebe7b7f1ff5b","local_time":"20190205032406","is_ascension_mode":true,"campfire_choices":[{"floor":10,"key":"REST"}],"neow_cost":"NONE","seed_source_timestamp":205622608914500,"circlet_count":0,"master_deck":["AscendersBane","Strike_B","Strike_B","Strike_B","Defend_B","Defend_B","Defend_B","Defend_B","Zap","Dualcast","Ball Lightning","Genetic Algorithm","Consume","Loop","BootSequence","Leap"],"relics":["Cracked Core","Ornamental Fan","The Courier","Meat on the Bone"],"potions_floor_usage":[6,12],"damage_taken":[{"damage":1,"enemies":"Cultist","floor":1,"turns":3},{"damage":7,"enemies":"Small Slimes","floor":3,"turns":3},{"damage":9,"enemies":"2 Louse","floor":4,"turns":2},{"damage":10,"enemies":"Blue Slaver","floor":5,"turns":3},{"damage":20,"enemies":"Lagavulin","floor":6,"turns":6},{"damage":51,"enemies":"3 Sentries","floor":12,"turns":6}],"seed_played":"1923673733040303528","potions_obtained":[{"floor":4,"key":"Weak Potion"},{"floor":6,"key":"Regen Potion"}],"is_trial":false,"path_per_floor":["M","?","M","M","M","E","?","$","T","R","?","E"],"character_chosen":"DEFECT","items_purchased":["BootSequence","Leap"],"campfire_rested":1,"item_purchase_floors":[8,8],"current_hp_per_floor":[70,70,63,54,44,24,17,17,17,40,35,0],"gold":62,"neow_bonus":"TEN_PERCENT_HP_BONUS","is_prod":false,"is_daily":false,"chose_seed":false,"campfire_upgraded":0,"win_rate":0,"timestamp":1549365846,"path_taken":["M","?","M","M","M","E","?","$","T","R","?","E"],"build_version":"2019-01-23","purchased_purges":0,"victory":false,"max_hp_per_floor":[78,78,78,78,78,78,78,78,78,78,78,78],"card_choices":[{"not_picked":["Force Field","Coolheaded"],"picked":"Ball Lightning","floor":1},{"not_picked":["Blizzard","Streamline","Hologram"],"picked":"SKIP","floor":3},{"not_picked":["Self Repair","Barrage"],"picked":"Genetic Algorithm","floor":4},{"not_picked":["Blizzard","Scrape"],"picked":"Consume","floor":5},{"not_picked":["Double Energy","Ball Lightning"],"picked":"Loop","floor":6}],"player_experience":626296,"relics_obtained":[{"floor":6,"key":"Ornamental Fan"},{"floor":9,"key":"The Courier"}],"event_choices":[{"damage_healed":0,"gold_gain":0,"player_choice":"Ignored","damage_taken":0,"max_hp_gain":0,"max_hp_loss":0,"event_name":"Liars Game","floor":2,"gold_loss":0},{"cards_removed":["Strike_B"],"damage_healed":0,"gold_gain":0,"player_choice":"Card Removal","damage_taken":7,"max_hp_gain":0,"max_hp_loss":0,"event_name":"Golden Wing","floor":7,"gold_loss":0},{"damage_healed":0,"gold_gain":0,"player_choice":"Success","damage_taken":5,"relics_obtained":["Meat on the Bone"],"max_hp_gain":0,"max_hp_loss":0,"event_name":"Scrap Ooze","floor":11,"gold_loss":0}],"is_beta":false,"boss_relics":[],"items_purged_floors":[],"is_endless":false,"potions_floor_spawned":[4,6],"killed_by":"3 Sentries","ascension_level":19}