{"gold_per_floor":[361,375,375,390,404,437,437,362,362,33,74,95,116,132,132,252,252,227,250,271,291,291,321,336,365,365,365,380,408,408,434,434,538,538,554,567,583,405,405,405,433,433,433,759,859,878,225,225,225,225,225,225,5,39,39],"floor_reached":56,"playtime":5036,"items_purged":["Strike_G","Strike_G","Strike_G","Strike_G","Strike_G"],"score":1499,"play_id":"213e4559-30ae-4c69-9ac3-2b56f0d2ad79","local_time":"20190210235843","is_ascension_mode":true,"campfire_choices":[{"floor":7.0,"key":"REST"},{"data":"Neutralize","floor":15.0,"key":"SMITH"},{"data":"Dodge and Roll","floor":30.0,"key":"SMITH"},{"data":"Prepared","floor":32.0,"key":"SMITH"},{"data":"Panacea","floor":40.0,"key":"SMITH"},{"data":"Crippling Poison","floor":42.0,"key":"SMITH"},{"floor":49.0,"key":"RECALL"},{"data":"Malaise","floor":52.0,"key":"SMITH"}],"neow_cost":"TEN_PERCENT_HP_LOSS","seed_source_timestamp":0,"circlet_count":0,"master_deck":["Defend_G","Defend_G","Defend_G","Defend_G","Defend_G","Survivor","Neutralize+1","Dodge and Roll+1","Poisoned Stab","Prepared+1","Deadly Poison","Well Laid Plans+1","Footwork+1","Envenom+1","Poisoned Stab+1","Footwork+1","Deadly Poison+1","Deflect+1","Escape Plan","Noxious Fumes+1","Noxious Fumes+1","Acrobatics","Backflip+1","Crippling Poison+1","PiercingWail","Panacea+1","Caltrops+1","Footwork+1","Deadly Poison+1","Malaise+1","Dodge and Roll","Deadly Poison+1"],"special_seed":0,"relics":["Ring of the Snake","Bloody Idol","Frozen Egg 2","Art of War","Bird Faced Urn","Sozu","Tiny Chest","Question Card","Bottled Flame","Lantern","Du-Vu Doll","Black Star","Centennial Puzzle","Ornamental Fan","Mercury Hourglass","Prayer Wheel","Old Coin","Tough Bandages","Chemical X","Thread and Needle","Mummified Hand","Sundial"],"potions_floor_usage":[],"damage_taken":[{"damage":2.0,"enemies":"Jaw Worm","floor":1.0,"turns":6.0},{"damage":0.0,"enemies":"Small Slimes","floor":2.0,"turns":6.0},{"damage":1.0,"enemies":"Cultist","floor":4.0,"turns":5.0},{"damage":1.0,"enemies":"2 Fungi Beasts","floor":5.0,"turns":5.0},{"damage":28.0,"enemies":"3 Sentries","floor":6.0,"turns":11.0},{"damage":19.0,"enemies":"Gremlin Nob","floor":11.0,"turns":5.0},{"damage":0.0,"enemies":"3 Louse","floor":12.0,"turns":5.0},{"damage":8.0,"enemies":"Exordium Wildlife","floor":13.0,"turns":6.0},{"damage":1.0,"enemies":"2 Fungi Beasts","floor":14.0,"turns":4.0},{"damage":20.0,"enemies":"The Guardian","floor":16.0,"turns":12.0},{"damage":14.0,"enemies":"2 Thieves","floor":18.0,"turns":5.0},{"damage":0.0,"enemies":"3 Byrds","floor":19.0,"turns":7.0},{"damage":15.0,"enemies":"3 Cultists","floor":20.0,"turns":7.0},{"damage":0.0,"enemies":"Centurion and Healer","floor":21.0,"turns":10.0},{"damage":5.0,"enemies":"Snake Plant","floor":24.0,"turns":6.0},{"damage":41.0,"enemies":"Slavers","floor":25.0,"turns":7.0},{"damage":0.0,"enemies":"Gremlin Leader","floor":27.0,"turns":1.0},{"damage":4.0,"enemies":"Snecko","floor":28.0,"turns":5.0},{"damage":23.0,"enemies":"Book of Stabbing","floor":29.0,"turns":6.0},{"damage":21.0,"enemies":"Slavers","floor":31.0,"turns":5.0},{"damage":21.0,"enemies":"Champ","floor":33.0,"turns":12.0},{"damage":9.0,"enemies":"3 Shapes","floor":35.0,"turns":5.0},{"damage":25.0,"enemies":"3 Darklings","floor":36.0,"turns":6.0},{"damage":0.0,"enemies":"Jaw Worm Horde","floor":37.0,"turns":4.0},{"damage":8.0,"enemies":"Nemesis","floor":41.0,"turns":9.0},{"damage":20.0,"enemies":"Reptomancer","floor":44.0,"turns":7.0},{"damage":0.0,"enemies":"Mind Bloom Boss Battle","floor":45.0,"turns":7.0},{"damage":17.0,"enemies":"Spire Growth","floor":46.0,"turns":5.0},{"damage":37.0,"enemies":"Time Eater","floor":50.0,"turns":12.0},{"damage":8,"enemies":"Shield and Spear","floor":54,"turns":7},{"damage":45,"enemies":"The Heart","floor":55,"turns":11}],"seed_played":"4058261975479419899","potions_obtained":[{"floor":2.0,"key":"Strength Potion"},{"floor":12.0,"key":"SmokeBomb"},{"floor":14.0,"key":"GhostInAJar"}],"is_trial":false,"path_per_floor":["M","M","?","M","M","E","R","$","T","$","E","M","M","M","R","B",null,"M","M","M","M","?","?","M","E","T","E","M","E","R","E","R","B",null,"M","M","M","$","?","R","E","R","T","E","?","M","$","?","R","B",null,"R","$","E","B",null],"character_chosen":"THE_SILENT","items_purchased":["Footwork+1","Art of War","PiercingWail","Chemical X","Thread and Needle","Dodge and Roll"],"campfire_rested":1,"item_purchase_floors":[10,10,38,47,47,53],"current_hp_per_floor":[61,61,46,45,44,16,34,34,34,34,15,19,15,18,18,2,63,49,55,46,54,54,59,63,33,33,33,40,32,32,28,28,24,63,59,49,63,63,63,63,60,60,60,61,63,57,57,57,57,32,63,63,63,63,28],"gold":39,"neow_bonus":"TWO_FIFTY_GOLD","is_prod":false,"is_daily":false,"chose_seed":false,"campfire_upgraded":6,"win_rate":0,"timestamp":1549832323,"path_taken":["M","M","?","M","M","E","R","$","T","$","E","M","M","M","R","BOSS","M","M","M","M","?","?","?","E","T","E","M","E","R","E","R","BOSS","M","M","M","$","?","R","E","R","T","E","?","M","?","?","R","BOSS","R","$","E","BOSS"],"build_version":"2019-01-23","purchased_purges":5,"victory":true,"max_hp_per_floor":[63,63,63,63,63,63,63,63,63,63,63,63,63,63,63,63,63,63,63,63,63,63,63,63,63,63,63,63,63,63,63,63,63,63,63,63,63,63,63,63,63,63,63,63,63,63,63,63,63,63,63,63,63,63,63],"card_choices":[{"not_picked":["Leg Sweep","Outmaneuver"],"picked":"Dodge and Roll","floor":1.0},{"not_picked":["Tactician","Acrobatics"],"picked":"Poisoned Stab","floor":2.0},{"not_picked":["Finisher","Blade Dance"],"picked":"Prepared","floor":4.0},{"not_picked":["Leg Sweep","All Out Attack"],"picked":"Deadly Poison","floor":5.0},{"not_picked":["Finisher","Cloak And Dagger"],"picked":"Well Laid Plans","floor":6.0},{"not_picked":["Unload","Terror","Setup"],"picked":"SKIP","floor":11.0},{"not_picked":["Setup","Slice","Dagger Throw"],"picked":"SKIP","floor":12.0},{"not_picked":["Quick Slash","Well Laid Plans+1"],"picked":"Deflect","floor":13.0},{"not_picked":["Underhanded Strike","All Out Attack","Cloak And Dagger"],"picked":"SKIP","floor":14.0},{"not_picked":["A Thousand Cuts+1","Unload"],"picked":"Envenom+1","floor":16.0},{"not_picked":["Dash","Finisher"],"picked":"Poisoned Stab+1","floor":18.0},{"not_picked":["Riddle With Holes+1","Dagger Throw","Terror"],"picked":"SKIP","floor":19.0},{"not_picked":["Bouncing Flask","Backstab"],"picked":"Footwork+1","floor":20.0},{"not_picked":["Cloak And Dagger","Deflect"],"picked":"Deadly Poison+1","floor":21.0},{"not_picked":["Cloak And Dagger","Outmaneuver"],"picked":"Deflect+1","floor":24.0},{"not_picked":["Underhanded Strike+1","Setup"],"picked":"Escape Plan","floor":25.0},{"not_picked":["Cloak And Dagger+1","Skewer","Backflip"],"picked":"Noxious Fumes+1","floor":28.0},{"not_picked":["Concentrate","Poisoned Stab","Grand Finale"],"picked":"Noxious Fumes+1","floor":29.0},{"not_picked":["Underhanded Strike","Predator+1","Outmaneuver","Acrobatics"],"picked":"SKIP","floor":31.0},{"not_picked":["Flying Knee+1","Skewer+1","Quick Slash+1"],"picked":"Acrobatics","floor":35.0},{"not_picked":["Bane","Dodge and Roll","Noxious Fumes+1"],"picked":"Backflip+1","floor":36.0},{"not_picked":["Acrobatics","Flechettes+1","Infinite Blades+1"],"picked":"Crippling Poison","floor":37.0},{"not_picked":["Discovery","Dramatic Entrance","Flash of Steel"],"picked":"Panacea","floor":39.0},{"not_picked":["Dagger Spray+1","Dagger Throw+1","PiercingWail+1"],"picked":"Caltrops+1","floor":41.0},{"not_picked":["Doppelganger","Sucker Punch","Deflect"],"picked":"Footwork+1","floor":44.0},{"not_picked":["Masterful Stab+1","Flying Knee+1","All Out Attack"],"picked":"Deadly Poison+1","floor":46.0},{"not_picked":["Terror+1","Poisoned Stab","Underhanded Strike"],"picked":"Malaise","floor":46.0},{"not_picked":["Concentrate","Flying Knee+1","Choke+1"],"picked":"Deadly Poison+1","floor":54}],"player_experience":264205,"relics_obtained":[{"floor":6.0,"key":"Frozen Egg 2"},{"floor":11.0,"key":"Bird Faced Urn"},{"floor":23.0,"key":"Tiny Chest"},{"floor":25.0,"key":"Question Card"},{"floor":26.0,"key":"Bottled Flame"},{"floor":29.0,"key":"Lantern"},{"floor":31.0,"key":"Du-Vu Doll"},{"floor":41.0,"key":"Centennial Puzzle"},{"floor":41.0,"key":"Ornamental Fan"},{"floor":43.0,"key":"Mercury Hourglass"},{"floor":44.0,"key":"Prayer Wheel"},{"floor":44.0,"key":"Old Coin"},{"floor":45.0,"key":"Tough Bandages"},{"floor":54,"key":"Mummified Hand"},{"floor":54,"key":"Sundial"}],"event_choices":[{"damage_healed":0.0,"max_hp_gain":0.0,"max_hp_loss":0.0,"gold_gain":0.0,"event_name":"Golden Idol","player_choice":"Take Damage","floor":3.0,"gold_loss":0.0,"damage_taken":15.0,"relics_obtained":["Golden Idol"]},{"damage_healed":0.0,"max_hp_gain":0.0,"max_hp_loss":0.0,"gold_gain":0.0,"event_name":"Forgotten Altar","player_choice":"Gave Idol","floor":22.0,"relics_lost":["Golden Idol"],"gold_loss":0.0,"damage_taken":0.0,"relics_obtained":["Bloody Idol"]},{"damage_healed":0.0,"max_hp_gain":0.0,"max_hp_loss":0.0,"gold_gain":0.0,"event_name":"Wheel of Change","player_choice":"Relic","floor":23.0,"gold_loss":0.0,"damage_taken":0.0},{"damage_healed":0.0,"max_hp_gain":0.0,"max_hp_loss":0.0,"gold_gain":0.0,"event_name":"SensoryStone","player_choice":"Memory 1","floor":39.0,"gold_loss":0.0,"damage_taken":0.0},{"damage_healed":0.0,"max_hp_gain":0.0,"max_hp_loss":0.0,"gold_gain":0.0,"event_name":"MindBloom","player_choice":"Fight","floor":45.0,"gold_loss":0.0,"damage_taken":0.0},{"cards_removed":["Deflect"],"damage_healed":0.0,"max_hp_gain":0.0,"max_hp_loss":0.0,"gold_gain":0.0,"event_name":"Falling","player_choice":"Removed Skill","floor":48.0,"gold_loss":0.0,"damage_taken":0.0}],"is_beta":false,"boss_relics":[{"not_picked":["Fusion Hammer","Cursed Key"],"picked":"Sozu"},{"not_picked":["Calling Bell","Pandora\u0027s Box"],"picked":"Black Star"}],"items_purged_floors":[8,10,38,47,53],"is_endless":false,"potions_floor_spawned":[2,12,14,19,21,28,31,37,44,46],"ascension_level":4}