{"gold_per_floor":[367,203,203,215,215,215,244,255,255,88,88,88,113,131,131,205,205,221,121,121,140,140,140,140,140,192,225,225,252,252,267,267,340,340,358,374,393,393,15,26,38,38,89,101,128,140,185,47,47,47,47],"floor_reached":52,"playtime":2603,"items_purged":["Strike_G","Strike_G","Strike_G+1","Escape Plan"],"score":1902,"play_id":"2e180eef-922c-43e5-a8bd-5ccf5b310322","local_time":"20181119111306","is_ascension_mode":true,"campfire_choices":[{"data":"Catalyst","floor":6.0,"key":"SMITH"},{"data":"1","floor":11.0,"key":"LIFT"},{"data":"2","floor":15.0,"key":"LIFT"},{"data":"3","floor":23.0,"key":"LIFT"},{"data":"Bouncing Flask","floor":25.0,"key":"SMITH"},{"floor":30.0,"key":"REST"},{"data":"Crippling Poison","floor":32.0,"key":"SMITH"},{"data":"Envenom","floor":42,"key":"SMITH"},{"floor":46,"key":"REST"},{"data":"Footwork","floor":49,"key":"SMITH"}],"neow_cost":"TEN_PERCENT_HP_LOSS","seed_source_timestamp":0,"circlet_count":0,"master_deck":["AscendersBane","Defend_G+1","Defend_G+1","Defend_G+1","Defend_G+1","Defend_G+1","Strike_G+1","Strike_G+1","Survivor","Neutralize","Backstab","Bouncing Flask+1","Catalyst+1","Die Die Die","Tools of the Trade","Leg Sweep+1","Corpse Explosion","Crippling Poison+1","Backflip+1","Backflip+1","Dash+1","Envenom+1","Backstab","Finesse","Footwork+1","Escape Plan+1"],"special_seed":0,"relics":["Ring of the Snake","Bag of Marbles","PreservedInsect","Girya","Du-Vu Doll","Lantern","Pantograph","Velvet Choker","Nunchaku","Anchor","Centennial Puzzle","War Paint","Philosopher\u0027s Stone","ClockworkSouvenir","MawBank","FaceOfCleric","Snake Skull"],"potions_floor_usage":[41,51],"damage_taken":[{"damage":1.0,"enemies":"Cultist","floor":1.0,"turns":4.0},{"damage":0.0,"enemies":"Jaw Worm","floor":4.0,"turns":2.0},{"damage":11.0,"enemies":"Gremlin Nob","floor":7.0,"turns":3.0},{"damage":0.0,"enemies":"Small Slimes","floor":8.0,"turns":2.0},{"damage":12.0,"enemies":"3 Sentries","floor":13.0,"turns":4.0},{"damage":1.0,"enemies":"Blue Slaver","floor":14.0,"turns":2.0},{"damage":20.0,"enemies":"The Guardian","floor":16.0,"turns":9.0},{"damage":0.0,"enemies":"3 Byrds","floor":18.0,"turns":2.0},{"damage":5.0,"enemies":"Chosen","floor":21.0,"turns":5.0},{"damage":0.0,"enemies":"Gremlin Leader","floor":27.0,"turns":2.0},{"damage":12.0,"enemies":"Book of Stabbing","floor":29.0,"turns":3.0},{"damage":0.0,"enemies":"Snake Plant","floor":31.0,"turns":2.0},{"damage":44.0,"enemies":"Automaton","floor":33.0,"turns":8.0},{"damage":1.0,"enemies":"3 Shapes","floor":35.0,"turns":2.0},{"damage":0.0,"enemies":"3 Darklings","floor":36.0,"turns":2.0},{"damage":0.0,"enemies":"Jaw Worm Horde","floor":37.0,"turns":3.0},{"damage":0.0,"enemies":"Sphere and 2 Shapes","floor":40.0,"turns":2.0},{"damage":5,"enemies":"Maw","floor":41,"turns":6},{"damage":6,"enemies":"Transient","floor":45,"turns":6},{"damage":11,"enemies":"Giant Head","floor":47,"turns":6},{"damage":22,"enemies":"Awakened One","floor":50,"turns":19},{"damage":20,"enemies":"Time Eater","floor":51,"turns":13}],"seed_played":"-3290012915408876606","potions_obtained":[{"floor":1.0,"key":"Block Potion"},{"floor":8.0,"key":"SpeedPotion"},{"floor":13.0,"key":"SpeedPotion"},{"floor":16.0,"key":"FearPotion"},{"floor":21.0,"key":"SpeedPotion"},{"floor":29.0,"key":"Ancient Potion"},{"floor":35.0,"key":"AttackPotion"},{"floor":41,"key":"Ancient Potion"}],"is_trial":false,"path_per_floor":["M","$","T","M","?","R","E","M","T","$","R","$","E","M","R","B",null,"M","$","?","M","T","R","?","R","T","E","?","E","R","M","R","B",null,"M","M","M","?","$","M","M","R","T","?","M","R","E","$","R","B","B",null],"character_chosen":"THE_SILENT","items_purchased":["Bouncing Flask","Lantern","Footwork","ClockworkSouvenir"],"campfire_rested":2,"item_purchase_floors":[2,10,39,39],"current_hp_per_floor":[58,58,58,58,58,58,47,47,47,47,47,47,35,34,34,39,55,55,55,55,50,50,50,50,50,50,50,50,38,56,56,56,16,49,48,48,48,48,48,48,43,43,43,43,38,56,46,46,46,41,44],"gold":47,"neow_bonus":"TWO_FIFTY_GOLD","is_prod":false,"is_daily":false,"chose_seed":false,"campfire_upgraded":5,"win_rate":0,"timestamp":1542654786,"path_taken":["M","$","?","M","?","R","E","M","T","$","R","$","E","M","R","BOSS","M","?","?","M","?","R","?","R","T","E","?","E","R","M","R","BOSS","M","?","M","?","$","M","M","R","T","?","?","R","E","?","R","BOSS","BOSS"],"build_version":"2018-11-15","purchased_purges":4,"victory":true,"max_hp_per_floor":[60,60,60,60,60,60,60,60,60,60,60,60,60,60,60,60,60,60,60,60,60,60,60,60,60,60,60,60,60,60,60,60,60,60,60,60,60,60,60,60,60,60,60,60,61,61,62,62,62,63,64],"card_choices":[{"not_picked":["Caltrops","Dodge and Roll"],"picked":"Backstab","floor":1.0},{"not_picked":["PiercingWail","Deflect"],"picked":"Catalyst","floor":4.0},{"not_picked":["Acrobatics","Poisoned Stab","Dodge and Roll"],"picked":"SKIP","floor":7.0},{"not_picked":["PiercingWail","Outmaneuver"],"picked":"Die Die Die","floor":8.0},{"not_picked":["Finisher","Underhanded Strike"],"picked":"Tools of the Trade","floor":13.0},{"not_picked":["Blade Dance","Deflect"],"picked":"Leg Sweep","floor":14.0},{"not_picked":["Storm of Steel","Wraith Form v2"],"picked":"Corpse Explosion","floor":16.0},{"not_picked":["Prepared","Dash"],"picked":"Crippling Poison","floor":18.0},{"not_picked":["Caltrops","Acrobatics"],"picked":"Backflip+1","floor":21.0},{"not_picked":["Escape Plan","Envenom"],"picked":"Dash+1","floor":27.0},{"not_picked":["Tactician","Backflip","Expertise"],"picked":"SKIP","floor":29.0},{"not_picked":["Accuracy","PiercingWail"],"picked":"Escape Plan","floor":31.0},{"not_picked":["Phantasmal Killer","Bullet Time"],"picked":"Envenom","floor":33.0},{"not_picked":["Deadly Poison","Quick Slash","Blade Dance"],"picked":"SKIP","floor":35.0},{"not_picked":["Dodge and Roll","PiercingWail"],"picked":"Backstab","floor":36.0},{"not_picked":["Cloak And Dagger+1","A Thousand Cuts","Prepared"],"picked":"SKIP","floor":37.0},{"not_picked":["Impatience","Mind Blast"],"picked":"Finesse","floor":38.0},{"not_picked":["Underhanded Strike","Prepared","Blade Dance"],"picked":"SKIP","floor":40.0},{"not_picked":["Acrobatics","Underhanded Strike","Escape Plan"],"picked":"SKIP","floor":41},{"not_picked":["Quick Slash","Slice+1","Poisoned Stab"],"picked":"SKIP","floor":45},{"not_picked":["Backstab","Tactician"],"picked":"Escape Plan+1","floor":47}],"player_experience":652119,"relics_obtained":[{"floor":3.0,"key":"Bag of Marbles"},{"floor":7.0,"key":"Girya"},{"floor":9.0,"key":"Du-Vu Doll"},{"floor":13.0,"key":"Pantograph"},{"floor":22.0,"key":"Nunchaku"},{"floor":26.0,"key":"Anchor"},{"floor":27.0,"key":"Centennial Puzzle"},{"floor":29.0,"key":"War Paint"},{"floor":43,"key":"MawBank"},{"floor":47,"key":"Snake Skull"}],"event_choices":[{"damage_healed":0.0,"max_hp_gain":0.0,"max_hp_loss":0.0,"gold_gain":0.0,"event_name":"WeMeetAgain","player_choice":"Gave Potion","floor":5.0,"gold_loss":0.0,"damage_taken":0.0,"relics_obtained":["PreservedInsect"]},{"damage_healed":0.0,"max_hp_gain":0.0,"max_hp_loss":0.0,"gold_gain":0.0,"event_name":"The Library","player_choice":"Read","floor":20.0,"gold_loss":0.0,"damage_taken":0.0,"cards_obtained":["Backflip"]},{"damage_healed":0.0,"max_hp_gain":0.0,"max_hp_loss":0.0,"gold_gain":0.0,"event_name":"Back to Basics","player_choice":"Simplicity","floor":24.0,"gold_loss":0.0,"damage_taken":0.0,"cards_upgraded":["Defend_G","Defend_G","Defend_G","Defend_G","Defend_G","Strike_G","Strike_G","Strike_G"]},{"damage_healed":0.0,"max_hp_gain":0.0,"max_hp_loss":0.0,"gold_gain":0.0,"event_name":"Match and Keep!","player_choice":"0 cards matched","floor":28.0,"gold_loss":0.0,"damage_taken":0.0,"cards_obtained":[]},{"damage_healed":0.0,"max_hp_gain":0.0,"max_hp_loss":0.0,"gold_gain":0.0,"event_name":"SensoryStone","player_choice":"Memory 1","floor":38.0,"gold_loss":0.0,"damage_taken":0.0},{"damage_healed":0,"gold_gain":0,"player_choice":"Trade","damage_taken":0,"relics_obtained":["FaceOfCleric"],"max_hp_gain":0,"max_hp_loss":0,"event_name":"FaceTrader","floor":44,"gold_loss":0}],"is_beta":false,"boss_relics":[{"not_picked":["Runic Pyramid","Tiny House"],"picked":"Velvet Choker"},{"not_picked":["Ring of the Serpent","HoveringKite"],"picked":"Philosopher\u0027s Stone"}],"items_purged_floors":[2,19,39,48],"is_endless":false,"potions_floor_spawned":[1,8,13,16,21,29,35,36,41],"ascension_level":20}