{"gold_per_floor":[113,130,130,55,72,72,106,106,106,106,118,193,36,52,52,123,123,133,133,33,45,56,56,56],"floor_reached":24,"playtime":632,"items_purged":["Shame","Pain"],"score":392,"play_id":"7c7cc49c-aced-4e17-9469-b0544b4adbc3","local_time":"20181121000923","is_ascension_mode":true,"campfire_choices":[{"data":"White Noise","floor":6.0,"key":"SMITH"},{"data":"Hyperbeam","floor":8.0,"key":"SMITH"},{"data":"Defend_B","floor":10.0,"key":"SMITH"},{"floor":15.0,"key":"REST"},{"floor":23.0,"key":"REST"}],"neow_cost":"CURSE","seed_source_timestamp":134603438550209,"circlet_count":0,"master_deck":["AscendersBane","Strike_B","Strike_B","Strike_B","Defend_B+1","Defend_B","Defend_B","Defend_B","Zap","Dualcast","Chill","White Noise+1","Hyperbeam+1","Buffer","Sunder","Echo Form","Go for the Eyes"],"special_seed":0,"relics":["Cracked Core","Bottled Flame","Oddly Smooth Stone","Busted Crown","WarpedTongs"],"potions_floor_usage":[24,24],"damage_taken":[{"damage":6.0,"enemies":"Cultist","floor":1.0,"turns":3.0},{"damage":0.0,"enemies":"Small Slimes","floor":2.0,"turns":3.0},{"damage":0.0,"enemies":"Jaw Worm","floor":5.0,"turns":3.0},{"damage":18.0,"enemies":"Lagavulin","floor":7.0,"turns":7.0},{"damage":0.0,"enemies":"Lots of Slimes","floor":11.0,"turns":1.0},{"damage":0.0,"enemies":"2 Fungi Beasts","floor":14.0,"turns":1.0},{"damage":45.0,"enemies":"The Guardian","floor":16.0,"turns":11.0},{"damage":12.0,"enemies":"3 Byrds","floor":18.0,"turns":4.0},{"damage":44.0,"enemies":"Chosen","floor":21.0,"turns":7.0},{"damage":0.0,"enemies":"Centurion and Healer","floor":22.0,"turns":4.0},{"damage":78,"enemies":"Book of Stabbing","floor":24,"turns":6}],"seed_played":"4824603396868425142","potions_obtained":[{"floor":2.0,"key":"Weak Potion"},{"floor":7.0,"key":"GamblersBrew"},{"floor":14.0,"key":"Energy Potion"},{"floor":16.0,"key":"Dexterity Potion"},{"floor":18.0,"key":"Regen Potion"},{"floor":21.0,"key":"Regen Potion"},{"floor":22.0,"key":"FocusPotion"}],"is_trial":false,"path_per_floor":["M","M","?","$","M","R","E","R","T","R","M","?","$","M","R","B",null,"M","?","$","M","M","R","E"],"character_chosen":"DEFECT","items_purchased":["Oddly Smooth Stone"],"campfire_rested":2,"item_purchase_floors":[13],"current_hp_per_floor":[72,72,72,72,72,72,54,54,54,54,54,43,43,43,68,23,70,58,58,58,29,41,66,0],"gold":56,"neow_bonus":"TWENTY_PERCENT_HP_BONUS","is_prod":false,"is_daily":false,"chose_seed":false,"campfire_upgraded":3,"win_rate":0,"timestamp":1542787763,"path_taken":["M","M","?","$","M","R","E","R","T","R","?","?","$","M","R","BOSS","M","?","$","?","M","R","E"],"build_version":"2018-11-15","purchased_purges":2,"victory":false,"max_hp_per_floor":[85,85,85,85,85,85,85,85,85,85,85,85,85,85,85,85,85,85,85,85,85,85,85,85],"card_choices":[{"not_picked":["Heatsinks","Stack"],"picked":"Chill","floor":1.0},{"not_picked":["Streamline","Compile Driver"],"picked":"White Noise","floor":2.0},{"not_picked":["Barrage","Undo"],"picked":"Buffer","floor":5.0},{"not_picked":["Stack","Streamline","Rebound"],"picked":"SKIP","floor":7.0},{"not_picked":["Gash","Compile Driver"],"picked":"Sunder","floor":11.0},{"not_picked":["Steam Power","Turbo","Cold Snap"],"picked":"SKIP","floor":14.0},{"not_picked":["Buffer","Hyperbeam"],"picked":"Echo Form","floor":16.0},{"not_picked":["Coolheaded"],"picked":"SKIP","floor":18.0},{"not_picked":[],"picked":"Go for the Eyes","floor":21.0},{"not_picked":["Hello World"],"picked":"SKIP","floor":22.0},{"not_picked":["Hello World"],"picked":"SKIP","floor":22.0}],"player_experience":664981,"relics_obtained":[{"floor":7.0,"key":"Bottled Flame"}],"event_choices":[{"damage_healed":0.0,"max_hp_gain":0.0,"max_hp_loss":0.0,"gold_gain":0.0,"cards_transformed":["Strike_B"],"event_name":"Transmorgrifier","player_choice":"Transformed","floor":3.0,"gold_loss":0.0,"damage_taken":0.0,"cards_obtained":["Hyperbeam"]},{"damage_healed":0.0,"max_hp_gain":0.0,"max_hp_loss":0.0,"gold_gain":75.0,"event_name":"World of Goop","player_choice":"Gather Gold","floor":12.0,"gold_loss":0.0,"damage_taken":11.0},{"damage_healed":0.0,"max_hp_gain":0.0,"max_hp_loss":0.0,"gold_gain":0.0,"event_name":"Accursed Blacksmith","player_choice":"Rummage","floor":19.0,"gold_loss":0.0,"damage_taken":0.0,"relics_obtained":["WarpedTongs"],"cards_obtained":["Pain"]}],"is_beta":false,"boss_relics":[{"not_picked":["White Beast Statue","FrozenCore"],"picked":"Busted Crown"}],"items_purged_floors":[4,20],"is_endless":false,"potions_floor_spawned":[2,7,14,16,18,21,22],"killed_by":"Book of Stabbing","ascension_level":20}