{"gold_per_floor":[110,35,35,47,66,101,101,101,101,15,31,56,56,75,75,75],"floor_reached":16,"playtime":391,"items_purged":[],"score":204,"play_id":"ed4914a4-3703-4f29-bd7b-95c94525a914","local_time":"20190116105526","is_ascension_mode":true,"campfire_choices":[{"data":"Sunder","floor":7,"key":"SMITH"},{"data":"Defragment","floor":13,"key":"SMITH"},{"data":"Zap","floor":15,"key":"SMITH"}],"neow_cost":"NONE","seed_source_timestamp":499062086246200,"circlet_count":0,"master_deck":["AscendersBane","Strike_B","Strike_B","Strike_B","Defend_B","Defend_B","Defend_B","Defend_B","Zap+1","Dualcast","Conserve Battery","Loop","Sunder+1","Gash","Capacitor","Defragment+1","Self Repair","Reinforced Body","Ball Lightning+1"],"relics":["Cracked Core","NeowsBlessing","Bottled Flame","Mummified Hand","Molten Egg 2"],"potions_floor_usage":[6,16,16],"damage_taken":[{"damage":0,"enemies":"2 Louse","floor":1,"turns":1},{"damage":0,"enemies":"Cultist","floor":4,"turns":1},{"damage":0,"enemies":"Small Slimes","floor":5,"turns":1},{"damage":18,"enemies":"Gremlin Nob","floor":6,"turns":3},{"damage":9,"enemies":"Blue Slaver","floor":11,"turns":4},{"damage":20,"enemies":"Lagavulin","floor":12,"turns":7},{"damage":12,"enemies":"3 Louse","floor":14,"turns":3},{"damage":26,"enemies":"The Guardian","floor":16,"turns":2}],"seed_played":"1614856995222273163","potions_obtained":[{"floor":1,"key":"SmokeBomb"},{"floor":3,"key":"FearPotion"},{"floor":3,"key":"SneckoOil"},{"floor":11,"key":"Strength Potion"}],"is_trial":false,"path_per_floor":["M","$","?","M","M","E","R","?","T","$","M","E","R","M","R","B"],"character_chosen":"DEFECT","items_purchased":["Loop","Defragment"],"campfire_rested":0,"item_purchase_floors":[2,10],"current_hp_per_floor":[64,64,64,64,64,46,46,46,46,46,37,24,24,19,19,0],"gold":75,"neow_bonus":"THREE_ENEMY_KILL","is_prod":false,"is_daily":false,"chose_seed":false,"campfire_upgraded":3,"win_rate":0,"timestamp":1547664926,"path_taken":["M","$","?","M","?","E","R","?","T","$","M","E","R","M","R","BOSS"],"build_version":"2019-01-10","purchased_purges":0,"victory":false,"max_hp_per_floor":[71,71,71,71,71,71,71,71,71,71,71,71,71,71,71,71],"card_choices":[{"not_picked":["Undo","Turbo"],"picked":"Conserve Battery","floor":1},{"not_picked":["Stack","Force Field"],"picked":"Sunder","floor":4},{"not_picked":["Loop","Doom and Gloom"],"picked":"Gash","floor":5},{"not_picked":["Ball Lightning","Barrage"],"picked":"Capacitor","floor":6},{"not_picked":["Steam","Sunder"],"picked":"Self Repair","floor":11},{"not_picked":["Compile Driver","Reprogram"],"picked":"Reinforced Body","floor":12},{"not_picked":["Double Energy","Rebound+1"],"picked":"Ball Lightning+1","floor":14}],"player_experience":497597,"relics_obtained":[{"floor":6,"key":"Bottled Flame"},{"floor":9,"key":"Mummified Hand"},{"floor":12,"key":"Molten Egg 2"}],"event_choices":[{"damage_healed":0,"gold_gain":0,"player_choice":"Got Potions","damage_taken":0,"max_hp_gain":0,"max_hp_loss":0,"event_name":"Lab","floor":3,"gold_loss":0},{"cards_removed":["Strike_B"],"damage_healed":0,"gold_gain":0,"player_choice":"Purged","damage_taken":0,"max_hp_gain":0,"max_hp_loss":0,"event_name":"Purifier","floor":8,"gold_loss":0}],"is_beta":false,"boss_relics":[],"items_purged_floors":[],"is_endless":false,"potions_floor_spawned":[1,4,11],"killed_by":"The Guardian","ascension_level":17}