{"path_per_floor":["M","?","M","M","M","R","?","R","T","M","M","M","?","?","R","B",null,"M","$","?","M","?","E"],"character_chosen":"THE_SILENT","items_purchased":["Orichalcum","Transmutation"],"gold_per_floor":[111,111,126,144,158,158,158,158,158,173,192,202,202,263,263,360,360,374,37,37,53,53,87],"floor_reached":24,"campfire_rested":1,"playtime":2453,"current_hp_per_floor":[70,70,68,66,42,42,42,42,42,39,37,37,34,13,34,13,70,57,57,57,45,45,4],"items_purged":[],"gold":87,"play_id":"3ec715d1-4cd4-4fb2-870e-8a251ee22c0d","is_prod":false,"is_daily":false,"is_ascension_mode":false,"campfire_upgraded":2,"path_taken":["M","?","M","M","M","R","?","R","T","M","M","?","?","?","R","BOSS","M","$","?","M","?","E","M"],"build_version":"2018-01-25-PROD3","purchased_purges":1,"victory":false,"master_deck":["Defend_G","Defend_G","Defend_G","Defend_G","Defend_G","Strike_G","Strike_G","Strike_G","Strike_G","Strike_G","Survivor","Neutralize+1","Deadly Poison","Skewer+1","PiercingWail","Well Laid Plans+1","Flying Knee","Predator","Backflip","Noxious Fumes","A Thousand Cuts","Riddle With Holes","Transmutation","Noxious Fumes","Predator+1","Prepared"],"max_hp_per_floor":[70,70,70,70,70,70,70,70,70,70,70,70,70,70,70,70,70,70,70,70,70,70,70],"relics":["Ring of the Snake","Kunai","Gambling Chip","Juzu Bracelet","Centennial Puzzle","Snecko Eye","Orichalcum","Unceasing Top"],"card_choices":[{"not_picked":["Acrobatics","Dagger Throw"],"picked":"Deadly Poison"},{"not_picked":["Quick Slash","Eviscerate"],"picked":"Skewer"},{"not_picked":["Sucker Punch","Calculated Gamble"],"picked":"PiercingWail"},{"not_picked":["Malaise","Calculated Gamble"],"picked":"Well Laid Plans"},{"not_picked":["Poisoned Stab","Malaise"],"picked":"Flying Knee"},{"not_picked":["PiercingWail","Sucker Punch"],"picked":"Predator"},{"not_picked":["Quick Slash","Prepared"],"picked":"Backflip"},{"not_picked":["Bullet Time","Sucker Punch"],"picked":"Noxious Fumes"},{"not_picked":["Night Terror","Glass Knife"],"picked":"A Thousand Cuts"},{"not_picked":["Dagger Throw","Calculated Gamble"],"picked":"Riddle With Holes"},{"not_picked":["PiercingWail","Flying Knee"],"picked":"Predator"},{"not_picked":["Crippling Poison","Night Terror"],"picked":"Prepared"}],"player_experience":17307,"potions_floor_usage":[23,23,23],"damage_taken":[{"damage":0,"enemies":"Jaw Worm","floor":1,"turns":4},{"damage":2,"enemies":"Small Slimes","floor":3,"turns":3},{"damage":2,"enemies":"Cultist","floor":4,"turns":4},{"damage":24,"enemies":"2 Fungi Beasts","floor":5,"turns":5},{"damage":3,"enemies":"Red Slaver","floor":10,"turns":3},{"damage":2,"enemies":"Large Slime","floor":11,"turns":4},{"damage":0,"enemies":"3 Louse","floor":12,"turns":3},{"damage":21,"enemies":"3 Sentries","floor":14,"turns":7},{"damage":21,"enemies":"Slime Boss","floor":16,"turns":9},{"damage":13,"enemies":"Spheric Guardian","floor":18,"turns":6},{"damage":16,"enemies":"Shell Parasite","floor":21,"turns":5},{"damage":41,"enemies":"Book of Stabbing","floor":23,"turns":6},{"damage":4,"enemies":"3 Cultists","floor":24,"turns":2}],"event_choices":[{"event_name":"Big Fish","player_choice":"Box","floor":2,"damage_taken":0},{"event_name":"Living Wall","player_choice":"Forget","floor":7,"damage_taken":0},{"event_name":"Scrap Ooze","player_choice":"success","floor":13,"damage_taken":3},{"event_name":"Dead Adventurer","player_choice":"Searched \u00272\u0027 times","floor":14,"damage_taken":0},{"event_name":"Duplicator","player_choice":"One dupe","floor":20,"damage_taken":0},{"event_name":"Drug Dealer","player_choice":"Ignored","floor":22,"damage_taken":0}],"boss_relics":[{"not_picked":["Lizard Tail","Runic Dome"],"picked":"Snecko Eye"}],"potions_floor_spawned":[4,11,14,16,18,21],"seed_played":"2755202397926529156","killed_by":"3 Cultists","ascension_level":0,"is_trial":false}