{"gold_per_floor":[119,269,44,119,174,203,220,220,220,238,1,33,51,51],"floor_reached":14,"playtime":328,"items_purged":["Doubt","Strike_R"],"score":176,"play_id":"d830884c-a7bf-4cdb-bc0c-4b8a0228c9c1","local_time":"20180927204404","is_ascension_mode":true,"campfire_choices":[{"data":"Uppercut","floor":8.0,"key":"SMITH"}],"neow_cost":"","seed_source_timestamp":15258584785197,"circlet_count":0,"master_deck":["Strike_R","Strike_R","Strike_R","Strike_R","Defend_R","Defend_R","Defend_R","Defend_R","Bash","AscendersBane","Spot Weakness","Twin Strike","Uppercut+1","Twin Strike","Headbutt","Carnage","Power Through","Limit Break"],"special_seed":0,"relics":["Burning Blood","Art of War","Dream Catcher","Question Card","Bronze Scales"],"potions_floor_usage":[14],"damage_taken":[{"damage":11.0,"enemies":"2 Louse","floor":1.0,"turns":3.0},{"damage":34.0,"enemies":"Gremlin Nob","floor":6.0,"turns":4.0},{"damage":7.0,"enemies":"Jaw Worm","floor":7.0,"turns":3.0},{"damage":2.0,"enemies":"Small Slimes","floor":10.0,"turns":3.0},{"damage":25.0,"enemies":"3 Sentries","floor":12.0,"turns":9.0},{"damage":7.0,"enemies":"Looter","floor":13.0,"turns":3.0},{"damage":12,"enemies":"Exordium Wildlife","floor":14,"turns":2}],"seed_played":"1147136844007073844","potions_obtained":[{"floor":1.0,"key":"SkillPotion"},{"floor":7.0,"key":"Ancient Potion"},{"floor":12.0,"key":"Ancient Potion"}],"is_trial":false,"path_per_floor":["M","?","$","?","T","E","M","R","T","M","$","E","M"],"character_chosen":"IRONCLAD","items_purchased":["Twin Strike","Uppercut","Carnage","Power Through"],"campfire_rested":0,"item_purchase_floors":[3,3,11,11],"current_hp_per_floor":[63,63,63,52,52,24,23,23,23,27,27,8,7,0],"gold":51,"neow_bonus":"","is_prod":false,"is_daily":false,"chose_seed":false,"campfire_upgraded":1,"win_rate":0,"timestamp":1538048644,"path_taken":["M","?","$","?","?","E","?","R","T","M","?","E","M","?"],"build_version":"2018-09-20","purchased_purges":2,"victory":false,"max_hp_per_floor":[75,75,75,75,75,75,75,75,75,75,75,75,75,75],"card_choices":[{"not_picked":["Dual Wield","Infernal Blade"],"picked":"Spot Weakness","floor":1.0},{"not_picked":["True Grit","Body Slam"],"picked":"Twin Strike","floor":6.0},{"not_picked":["Hemokinesis","Wild Strike","Twin Strike"],"picked":"SKIP","floor":7.0},{"not_picked":["Infernal Blade","Bloodletting","Juggernaut"],"picked":"Headbutt","floor":10.0},{"not_picked":["Entrench","Pommel Strike","Warcry"],"picked":"Limit Break","floor":12.0},{"not_picked":["Twin Strike","Havoc","Headbutt","Anger"],"picked":"SKIP","floor":13.0}],"player_experience":674885,"relics_obtained":[{"floor":5.0,"key":"Art of War"},{"floor":6.0,"key":"Dream Catcher"},{"floor":9.0,"key":"Question Card"},{"floor":12.0,"key":"Bronze Scales"}],"event_choices":[{"event_name":"Liars Game","player_choice":"agreed","floor":2.0,"damage_taken":0.0},{"event_name":"World of Goop","player_choice":"Gather Gold","floor":4.0,"damage_taken":0.0}],"is_beta":false,"boss_relics":[],"items_purged_floors":[3,11],"is_endless":false,"potions_floor_spawned":[1,7,12,13],"killed_by":"Exordium Wildlife","ascension_level":16}