{"gold_per_floor":[111,121,121,71,88,88,120,120,120,120,140,140,140,155,155,254,284,265,17,17,17,33,33,33,33,59,78,4,14,14,27,27,127,127,146,197,208,53,153,153,170,170,170,182,199,199,199,199,199,199,199,199,76,102,102],"floor_reached":55,"playtime":3073,"items_purged":["Pain"],"score":640,"play_id":"c0d1842a-896c-4e80-a3f1-fb4d4edd3a18","local_time":"20190111223937","is_ascension_mode":false,"campfire_choices":[{"floor":6.0,"key":"RECALL"},{"floor":10.0,"key":"REST"},{"floor":13.0,"key":"REST"},{"data":"Sucker Punch","floor":15.0,"key":"SMITH"},{"floor":23.0,"key":"REST"},{"floor":25.0,"key":"REST"},{"floor":32,"key":"REST"},{"data":"Envenom","floor":40,"key":"SMITH"},{"floor":46,"key":"REST"},{"floor":49,"key":"REST"},{"data":"Noxious Fumes","floor":52,"key":"SMITH"}],"neow_cost":"NONE","seed_source_timestamp":0,"circlet_count":0,"master_deck":["Defend_G","Defend_G","Defend_G","Defend_G","Defend_G","Strike_G","Strike_G","Strike_G","Strike_G","Strike_G","Survivor","Neutralize+1","Slice","Sucker Punch+1","Dagger Throw","Sucker Punch","Deadly Poison","Backstab","Blade Dance","Wraith Form v2","Normality","Injury","Accuracy","Apotheosis+1","Deflect+1","Acrobatics+1","Poisoned Stab","Terror+1","Skewer+1","Blade Dance+1","Envenom+1","Endless Agony+1","Skewer+1","Noxious Fumes+1","Dodge and Roll+1","Dramatic Entrance","Distraction+1","Noxious Fumes+1","PanicButton+1","Backstab","Neutralize","Infinite Blades","Cloak And Dagger+1","Quick Slash"],"special_seed":0,"relics":["Busted Crown","Kunai","Paper Crane","Calling Bell","Toxic Egg 2","Tiny Chest","Torii","Pocketwatch","Bronze Scales","WristBlade","Bag of Marbles","Du-Vu Doll","Bag of Preparation","Bird Faced Urn"],"potions_floor_usage":[41,41,50,50,50],"damage_taken":[{"damage":0.0,"enemies":"2 Louse","floor":1.0,"turns":3.0},{"damage":0.0,"enemies":"Small Slimes","floor":2.0,"turns":4.0},{"damage":0.0,"enemies":"Jaw Worm","floor":5.0,"turns":3.0},{"damage":19.0,"enemies":"Gremlin Nob","floor":7.0,"turns":5.0},{"damage":2.0,"enemies":"2 Fungi Beasts","floor":11.0,"turns":3.0},{"damage":0.0,"enemies":"Blue Slaver","floor":14.0,"turns":3.0},{"damage":17.0,"enemies":"Slime Boss","floor":16.0,"turns":13.0},{"damage":13.0,"enemies":"2 Thieves","floor":18.0,"turns":4.0},{"damage":23.0,"enemies":"Spheric Guardian","floor":22.0,"turns":4.0},{"damage":13.0,"enemies":"Chosen and Byrds","floor":27.0,"turns":6.0},{"damage":13,"enemies":"Shelled Parasite and Fungi","floor":29,"turns":5},{"damage":3,"enemies":"3 Cultists","floor":31,"turns":5},{"damage":30,"enemies":"Champ","floor":33,"turns":13},{"damage":12,"enemies":"3 Darklings","floor":35,"turns":5},{"damage":10,"enemies":"Orb Walker","floor":37,"turns":2},{"damage":2,"enemies":"Mind Bloom Boss Battle","floor":39,"turns":5},{"damage":23,"enemies":"Transient","floor":41,"turns":5},{"damage":1,"enemies":"4 Shapes","floor":44,"turns":2},{"damage":11,"enemies":"Writhing Mass","floor":45,"turns":4},{"damage":21,"enemies":"Donu and Deca","floor":50,"turns":8},{"damage":70,"enemies":"Shield and Spear","floor":54,"turns":6},{"damage":5,"enemies":"The Heart","floor":55,"turns":2}],"seed_played":"-6052734032363915088","potions_obtained":[{"floor":2.0,"key":"Weak Potion"},{"floor":5.0,"key":"SteroidPotion"},{"floor":14.0,"key":"SpeedPotion"},{"floor":16.0,"key":"AttackPotion"},{"floor":18.0,"key":"PowerPotion"},{"floor":37,"key":"Block Potion"},{"floor":41,"key":"AttackPotion"},{"floor":45,"key":"SkillPotion"}],"is_trial":false,"path_per_floor":["M","M","?","$","M","R","E","?","T","R","M","?","R","M","R","B",null,"M","$","?","T","M","R","?","R","T","M","$","M","$","M","R","B",null,"M","T","M","$","?","R","M","?","T","M","M","R","?","?","R","B",null,"R","$","E","B"],"character_chosen":"THE_SILENT","items_purchased":["Dagger Throw","Apotheosis+1","Deflect+1","Terror+1","Noxious Fumes","Infinite Blades","Cloak And Dagger+1"],"campfire_rested":7,"item_purchase_floors":[4,19,19,28,38,53,53],"current_hp_per_floor":[70,70,37,37,37,37,18,18,18,39,37,37,58,58,58,41,70,57,57,44,44,21,43,43,65,65,52,52,39,39,36,58,28,75,63,63,53,53,51,51,28,28,28,27,16,38,38,38,59,38,71,71,71,1,0],"gold":102,"neow_bonus":"BOSS_RELIC","is_prod":false,"is_daily":false,"chose_seed":false,"campfire_upgraded":3,"win_rate":0,"timestamp":1547264377,"path_taken":["M","M","?","$","M","R","E","?","T","R","M","?","R","M","R","BOSS","M","$","?","?","M","R","?","R","T","M","$","M","?","M","R","BOSS","M","?","M","$","?","R","M","?","T","?","M","R","?","?","R","BOSS","R","$","E","BOSS"],"build_version":"2019-01-10","purchased_purges":1,"victory":false,"max_hp_per_floor":[70,70,70,70,70,70,70,70,70,70,70,70,70,70,70,70,70,70,70,75,75,75,75,75,75,75,75,75,75,75,75,75,75,75,75,75,75,75,75,75,75,75,75,75,75,75,71,71,71,71,71,71,71,71,71],"card_choices":[{"not_picked":[],"picked":"Slice","floor":1.0},{"not_picked":[],"picked":"Sucker Punch","floor":2.0},{"not_picked":[],"picked":"Sucker Punch","floor":5.0},{"not_picked":[],"picked":"Deadly Poison","floor":7.0},{"not_picked":[],"picked":"Backstab","floor":11.0},{"not_picked":[],"picked":"Blade Dance","floor":14.0},{"not_picked":[],"picked":"Wraith Form v2","floor":16.0},{"not_picked":[],"picked":"Accuracy","floor":18.0},{"not_picked":[],"picked":"Acrobatics+1","floor":22.0},{"not_picked":[],"picked":"Poisoned Stab","floor":27.0},{"not_picked":[],"picked":"Skewer+1","floor":29},{"not_picked":[],"picked":"Blade Dance+1","floor":31},{"not_picked":[],"picked":"Envenom","floor":33},{"not_picked":[],"picked":"Endless Agony+1","floor":35},{"not_picked":[],"picked":"Skewer+1","floor":37},{"not_picked":[],"picked":"Dodge and Roll+1","floor":41},{"not_picked":[],"picked":"Dramatic Entrance","floor":42},{"not_picked":[],"picked":"Distraction+1","floor":44},{"not_picked":[],"picked":"Noxious Fumes+1","floor":45},{"not_picked":[],"picked":"Quick Slash","floor":54}],"player_experience":50804,"relics_obtained":[{"floor":7.0,"key":"Paper Crane"},{"floor":17.0,"key":"Toxic Egg 2"},{"floor":17.0,"key":"Tiny Chest"},{"floor":17.0,"key":"Torii"},{"floor":21.0,"key":"Pocketwatch"},{"floor":26.0,"key":"Bronze Scales"},{"floor":36,"key":"Bag of Marbles"},{"floor":39,"key":"Du-Vu Doll"},{"floor":43,"key":"Bag of Preparation"},{"floor":54,"key":"Bird Faced Urn"}],"event_choices":[{"damage_healed":0.0,"max_hp_gain":0.0,"max_hp_loss":0.0,"gold_gain":0.0,"event_name":"Scrap Ooze","player_choice":"Success","floor":3.0,"gold_loss":0.0,"damage_taken":33.0,"relics_obtained":["Kunai"]},{"damage_healed":0.0,"max_hp_gain":0.0,"max_hp_loss":0.0,"gold_gain":0.0,"event_name":"Shining Light","player_choice":"Ignored","floor":8.0,"gold_loss":0.0,"damage_taken":0.0},{"damage_healed":0.0,"max_hp_gain":0.0,"max_hp_loss":0.0,"gold_gain":0.0,"event_name":"Living Wall","player_choice":"Grow","floor":12.0,"gold_loss":0.0,"damage_taken":0.0,"cards_upgraded":["Neutralize"]},{"damage_healed":0.0,"max_hp_gain":5.0,"max_hp_loss":0.0,"gold_gain":0.0,"event_name":"Forgotten Altar","player_choice":"Shed Blood","floor":20.0,"gold_loss":0.0,"damage_taken":18.0},{"damage_healed":0.0,"max_hp_gain":0.0,"max_hp_loss":0.0,"gold_gain":0.0,"event_name":"Beggar","player_choice":"Ignored","floor":24.0,"gold_loss":0.0,"damage_taken":0.0},{"damage_healed":0,"gold_gain":0,"player_choice":"Fight","damage_taken":0,"max_hp_gain":0,"max_hp_loss":0,"event_name":"MindBloom","floor":39,"gold_loss":0},{"damage_healed":0,"gold_gain":0,"player_choice":"Memory 1","damage_taken":0,"max_hp_gain":0,"max_hp_loss":0,"event_name":"SensoryStone","floor":42,"gold_loss":0},{"damage_healed":0,"gold_gain":0,"player_choice":"Max HP","damage_taken":0,"max_hp_gain":0,"max_hp_loss":4,"event_name":"Winding Halls","floor":47,"gold_loss":0},{"damage_healed":0,"gold_gain":0,"player_choice":"3 cards matched","damage_taken":0,"max_hp_gain":0,"max_hp_loss":0,"event_name":"Match and Keep!","floor":48,"gold_loss":0,"cards_obtained":["PanicButton","Backstab","Neutralize"]}],"is_beta":false,"boss_relics":[{"not_picked":["Snecko Eye","Fusion Hammer"],"picked":"Calling Bell"},{"not_picked":["HoveringKite","Velvet Choker"],"picked":"WristBlade"}],"items_purged_floors":[38],"is_endless":false,"potions_floor_spawned":[2,5,14,16,18,27,37,41,45],"killed_by":"The Heart","ascension_level":0}