{"gold_per_floor":[109,109,59,70,84,118,118,129,129,129,142,142,155,80,80,181,181,195,95,114,126,1,1,17,17,63,63,63,73,104,124,124,224,274,294,313,323,173,187,187,12,24,50,69,89,102,136,155,155,155],"floor_reached":51,"playtime":2298,"items_purged":["Defend_G","Strike_G","Defend_G","Riddle With Holes","Terror+1"],"score":907,"play_id":"730481c6-8e7f-4063-9a89-098528608292","local_time":"20180903224230","is_ascension_mode":false,"campfire_choices":[{"data":"Dagger Spray","floor":7,"key":"SMITH"},{"data":"Strike_G","floor":10,"key":"PURGE"},{"data":"Strike_G","floor":15,"key":"PURGE"},{"data":"Neutralize","floor":23,"key":"SMITH"},{"data":"Reflex","floor":27,"key":"SMITH"},{"floor":32,"key":"REST"},{"data":"Unload","floor":40,"key":"PURGE"},{"data":"Survivor+1","floor":49,"key":"PURGE"}],"neow_cost":"PERCENT_DAMAGE","seed_source_timestamp":184033134569522,"circlet_count":0,"master_deck":["Neutralize+1","Reflex+1","Heel Hook","Acrobatics","Heel Hook+1"],"relics":["Ring of the Snake","Peace Pipe","Prayer Wheel","Paper Crane","Orrery","Lantern","Tough Bandages","Tiny House","Bronze Scales","Molten Egg 2"],"potions_floor_usage":[16,16,24,24,33],"damage_taken":[{"damage":0,"enemies":"Small Slimes","floor":1,"turns":3},{"damage":0,"enemies":"Cultist","floor":4,"turns":3},{"damage":0,"enemies":"Jaw Worm","floor":5,"turns":3},{"damage":24,"enemies":"3 Sentries","floor":6,"turns":8},{"damage":2,"enemies":"Looter","floor":8,"turns":3},{"damage":0,"enemies":"Red Slaver","floor":11,"turns":3},{"damage":0,"enemies":"Gremlin Gang","floor":13,"turns":3},{"damage":32,"enemies":"The Guardian","floor":16,"turns":13},{"damage":31,"enemies":"Shell Parasite","floor":18,"turns":8},{"damage":9,"enemies":"2 Thieves","floor":20,"turns":3},{"damage":9,"enemies":"Snake Plant","floor":21,"turns":5},{"damage":12,"enemies":"Sentry and Sphere","floor":24,"turns":5},{"damage":0,"enemies":"Chosen and Byrds","floor":29,"turns":4},{"damage":4,"enemies":"Book of Stabbing","floor":30,"turns":4},{"damage":0,"enemies":"Centurion and Healer","floor":31,"turns":1},{"damage":0,"enemies":"Automaton","floor":33,"turns":1},{"damage":0,"enemies":"3 Shapes","floor":35,"turns":1},{"damage":0,"enemies":"Orb Walker","floor":36,"turns":1},{"damage":0,"enemies":"4 Shapes","floor":37,"turns":3},{"damage":0,"enemies":"Reptomancer","floor":39,"turns":1},{"damage":0,"enemies":"3 Darklings","floor":42,"turns":1},{"damage":0,"enemies":"Maw","floor":44,"turns":1},{"damage":0,"enemies":"4 Shapes","floor":45,"turns":2},{"damage":0,"enemies":"3 Darklings","floor":46,"turns":1},{"damage":0,"enemies":"Nemesis","floor":47,"turns":1},{"damage":0,"enemies":"Maw","floor":48,"turns":1},{"damage":0,"enemies":"Awakened One","floor":50,"turns":2}],"seed_played":"2967845610197233874","potions_obtained":[{"floor":4,"key":"Regen Potion"},{"floor":11,"key":"Explosive Potion"},{"floor":16,"key":"AttackPotion"},{"floor":18,"key":"Explosive Potion"},{"floor":30,"key":"Poison Potion"},{"floor":34,"key":"Block Potion"},{"floor":39,"key":"Block Potion"},{"floor":42,"key":"Explosive Potion"}],"is_trial":false,"path_per_floor":["M","?","?","M","M","E","R","M","T","R","M","T","M","$","R","B",null,"M","$","M","M","$","R","M","?","T","R","?","M","E","M","R","B",null,"M","M","M","$","M","R","$","M","T","M","M","M","E","M","R","B"],"character_chosen":"THE_SILENT","items_purchased":[],"campfire_rested":1,"item_purchase_floors":[],"current_hp_per_floor":[49,49,49,49,49,25,25,23,23,23,23,23,23,23,23,6,70,39,39,30,21,21,21,9,9,9,9,9,9,5,5,26,26,75,75,75,75,75,75,75,75,75,75,75,75,75,75,75,75,75],"gold":155,"neow_bonus":"REMOVE_TWO","is_prod":false,"is_daily":false,"chose_seed":false,"campfire_upgraded":3,"win_rate":0,"timestamp":1535982150,"path_taken":["M","?","?","M","?","E","R","M","T","R","M","?","M","$","R","BOSS","M","$","M","M","$","R","M","?","T","R","?","M","E","M","R","BOSS","M","M","?","$","M","R","$","M","T","M","M","M","E","M","R","BOSS"],"build_version":"2018-08-30","purchased_purges":5,"victory":true,"max_hp_per_floor":[70,70,70,70,70,70,70,70,70,70,70,70,70,70,70,70,70,70,70,70,70,70,70,70,70,70,70,70,70,70,70,70,70,75,75,75,75,75,75,75,75,75,75,75,75,75,75,75,75,75],"card_choices":[{"not_picked":["Cloak And Dagger","Bane"],"picked":"Dagger Spray","floor":1},{"not_picked":["Cloak And Dagger","PiercingWail","Accuracy"],"picked":"SKIP","floor":4},{"not_picked":["Sucker Punch","Quick Slash"],"picked":"Unload","floor":5},{"not_picked":["Riddle With Holes","Reflex","Concentrate"],"picked":"SKIP","floor":6},{"not_picked":["Tactician","Dash","Backflip"],"picked":"SKIP","floor":8},{"not_picked":["Bane","Dodge and Roll","Bullet Time"],"picked":"SKIP","floor":11},{"not_picked":["Underhanded Strike","Blade Dance","Dodge and Roll"],"picked":"SKIP","floor":11},{"not_picked":["Backflip","Cloak And Dagger"],"picked":"Reflex","floor":13},{"not_picked":["Setup","Calculated Gamble","Reflex"],"picked":"SKIP","floor":13},{"not_picked":["Infinite Blades","Expertise"],"picked":"Heel Hook","floor":17},{"not_picked":["Cloak And Dagger","Crippling Poison"],"picked":"Acrobatics","floor":18},{"not_picked":["Backflip","Well Laid Plans","Flying Knee"],"picked":"SKIP","floor":18},{"not_picked":["Deadly Poison","Riddle With Holes","Well Laid Plans"],"picked":"SKIP","floor":20},{"not_picked":["Blur","Prepared","Cloak And Dagger"],"picked":"SKIP","floor":20},{"not_picked":["Deadly Poison","Setup+1","Dagger Spray+1"],"picked":"SKIP","floor":21},{"not_picked":["Catalyst","Deflect","Slice+1"],"picked":"SKIP","floor":21},{"not_picked":["Leg Sweep","Skewer+1"],"picked":"Terror+1","floor":24},{"not_picked":["Dodge and Roll","Outmaneuver","Bouncing Flask"],"picked":"SKIP","floor":24},{"not_picked":["Caltrops+1","Calculated Gamble","Predator"],"picked":"SKIP","floor":29},{"not_picked":["Expertise","PiercingWail","Quick Slash"],"picked":"SKIP","floor":29},{"not_picked":["Die Die Die","Storm of Steel"],"picked":"Heel Hook+1","floor":30},{"not_picked":["Flechettes","PiercingWail","Terror+1"],"picked":"SKIP","floor":31},{"not_picked":["Quick Slash","Deflect","Outmaneuver"],"picked":"SKIP","floor":31},{"not_picked":["Bane","Endless Agony+1","Dash"],"picked":"SKIP","floor":35},{"not_picked":["Dodge and Roll+1","Distraction","Crippling Poison"],"picked":"SKIP","floor":35},{"not_picked":["Dagger Throw+1","Cloak And Dagger+1","Backstab"],"picked":"SKIP","floor":36},{"not_picked":["PiercingWail+1","Deflect","Dagger Throw"],"picked":"SKIP","floor":36},{"not_picked":["Sucker Punch+1","Calculated Gamble+1","Concentrate"],"picked":"SKIP","floor":37},{"not_picked":["Underhanded Strike","Flying Knee","Poisoned Stab"],"picked":"SKIP","floor":37},{"not_picked":["Slice","Dagger Spray","Blade Dance+1"],"picked":"SKIP","floor":39},{"not_picked":["After Image","Slice+1","Sucker Punch"],"picked":"SKIP","floor":39},{"not_picked":["Calculated Gamble+1","Endless Agony","Dagger Spray"],"picked":"SKIP","floor":42},{"not_picked":["Eviscerate","Blade Dance+1","Leg Sweep+1"],"picked":"SKIP","floor":42},{"not_picked":["Infinite Blades+1","Quick Slash+1","Prepared"],"picked":"SKIP","floor":44},{"not_picked":["Slice","Reflex","Blade Dance"],"picked":"SKIP","floor":44},{"not_picked":["Wraith Form v2","Prepared+1","Acrobatics+1"],"picked":"SKIP","floor":45},{"not_picked":["Noxious Fumes","Sucker Punch","Flying Knee+1"],"picked":"SKIP","floor":45},{"not_picked":["PiercingWail+1","Choke","Poisoned Stab+1"],"picked":"SKIP","floor":46},{"not_picked":["Setup+1","Underhanded Strike+1","Dagger Spray"],"picked":"SKIP","floor":46},{"not_picked":["Backflip","A Thousand Cuts","Cloak And Dagger+1"],"picked":"SKIP","floor":47},{"not_picked":["Calculated Gamble","Dodge and Roll","Deflect"],"picked":"SKIP","floor":48},{"not_picked":["Well Laid Plans","Prepared+1","Outmaneuver+1"],"picked":"SKIP","floor":48}],"player_experience":625527,"relics_obtained":[{"floor":6,"key":"Peace Pipe"},{"floor":9,"key":"Prayer Wheel"},{"floor":12,"key":"Paper Crane"},{"floor":26,"key":"Lantern"},{"floor":30,"key":"Tough Bandages"},{"floor":43,"key":"Bronze Scales"},{"floor":47,"key":"Molten Egg 2"}],"event_choices":[{"event_name":"Purifier","player_choice":"One Purge","floor":2,"damage_taken":0},{"event_name":"The Cleric","player_choice":"Card Removal","floor":3,"damage_taken":0},{"event_name":"Back to Basics","player_choice":"Elegance","floor":25,"damage_taken":0},{"event_name":"Transmorgrifier","player_choice":"Transform","floor":28,"damage_taken":0}],"is_beta":false,"boss_relics":[{"not_picked":["Velvet Choker","Ectoplasm"],"picked":"Orrery"},{"not_picked":["Eternal Feather","Coffee Dripper"],"picked":"Tiny House"}],"items_purged_floors":[14,19,22,38,41],"is_endless":false,"potions_floor_spawned":[4,11,16,18,30,39,42,44,47],"ascension_level":0}