{"gold_per_floor":[113,113,137,158,172,172,193,193,219,219],"floor_reached":10,"playtime":432,"items_purged":[],"score":60,"play_id":"9b91f2bc-5ce4-4c22-b282-aaae8dc3327f","local_time":"20181213043923","daily_mods":["Draft"],"is_ascension_mode":false,"campfire_choices":[{"floor":6,"key":"REST"},{"floor":8,"key":"REST"}],"neow_cost":"","seed_source_timestamp":0,"circlet_count":0,"master_deck":["Backstab","Concentrate","Deflect","Concentrate","Infinite Blades","Acrobatics","Outmaneuver","Accuracy","Deflect","Outmaneuver","Finisher","Dagger Throw","Deflect","Blade Dance","Flying Knee","Backstab"],"relics":["Ring of the Snake","Golden Idol","Orichalcum"],"potions_floor_usage":[7],"damage_taken":[{"damage":5,"enemies":"2 Louse","floor":1,"turns":2},{"damage":7,"enemies":"Jaw Worm","floor":3,"turns":3},{"damage":2,"enemies":"Cultist","floor":4,"turns":3},{"damage":3,"enemies":"Blue Slaver","floor":5,"turns":3},{"damage":1,"enemies":"Lots of Slimes","floor":7,"turns":4},{"damage":15,"enemies":"3 Sentries","floor":10,"turns":4}],"seed_played":"5424559047930375969","potions_obtained":[{"floor":3,"key":"GhostInAJar"},{"floor":5,"key":"Poison Potion"}],"is_trial":true,"path_per_floor":["M","?","M","M","M","R","M","R","T","E"],"character_chosen":"THE_SILENT","items_purchased":[],"campfire_rested":2,"item_purchase_floors":[],"current_hp_per_floor":[65,48,41,39,36,57,56,70,70,55],"gold":219,"neow_bonus":"","is_prod":false,"is_daily":false,"chose_seed":false,"campfire_upgraded":0,"win_rate":0,"timestamp":1544693963,"path_taken":["M","?","M","M","M","R","M","R","T","E"],"build_version":"2018-12-06","purchased_purges":0,"victory":false,"max_hp_per_floor":[70,70,70,70,70,70,70,70,70,70],"card_choices":[{"not_picked":["Slice","Flying Knee"],"picked":"Backstab","floor":0},{"not_picked":["Endless Agony","Bane"],"picked":"Concentrate","floor":0},{"not_picked":["Footwork","Outmaneuver"],"picked":"Deflect","floor":0},{"not_picked":["Dodge and Roll","Predator"],"picked":"Concentrate","floor":0},{"not_picked":["Bouncing Flask","Outmaneuver"],"picked":"Infinite Blades","floor":0},{"not_picked":["Noxious Fumes","Underhanded Strike"],"picked":"Acrobatics","floor":0},{"not_picked":["Leg Sweep","Choke"],"picked":"Outmaneuver","floor":0},{"not_picked":["Infinite Blades","Dagger Spray"],"picked":"Accuracy","floor":0},{"not_picked":["Blur","Flying Knee"],"picked":"Deflect","floor":0},{"not_picked":["Backflip","Dagger Throw"],"picked":"Outmaneuver","floor":0},{"not_picked":["Dagger Throw","Backflip"],"picked":"Finisher","floor":0},{"not_picked":["All Out Attack","Backflip"],"picked":"Dagger Throw","floor":0},{"not_picked":["Sucker Punch","Quick Slash"],"picked":"Deflect","floor":0},{"not_picked":["Blur","Eviscerate"],"picked":"Blade Dance","floor":0},{"not_picked":["Choke","Eviscerate"],"picked":"Flying Knee","floor":0},{"not_picked":["Bane","Masterful Stab"],"picked":"Backstab","floor":1},{"not_picked":["Calculated Gamble","Underhanded Strike","Poisoned Stab"],"picked":"SKIP","floor":3},{"not_picked":["Poisoned Stab","Deadly Poison","Escape Plan"],"picked":"SKIP","floor":4},{"not_picked":["Dagger Throw","Flying Knee","Slice"],"picked":"SKIP","floor":5},{"not_picked":["Bane","Expertise","Dodge and Roll"],"picked":"SKIP","floor":7}],"player_experience":278575,"relics_obtained":[{"floor":9,"key":"Orichalcum"}],"event_choices":[{"damage_healed":0,"gold_gain":0,"player_choice":"Take Damage","damage_taken":17,"relics_obtained":["Golden Idol"],"max_hp_gain":0,"max_hp_loss":0,"event_name":"Golden Idol","floor":2,"gold_loss":0}],"is_beta":false,"boss_relics":[],"items_purged_floors":[],"is_endless":false,"potions_floor_spawned":[3,5],"killed_by":"3 Sentries","ascension_level":0}