{"gold_per_floor":[113,130,30,30,49,49,105,105],"floor_reached":8,"playtime":221,"items_purged":["Strike_B"],"score":92,"play_id":"4e47df26-d850-4056-aea8-43ffe619b839","local_time":"20190220204325","is_ascension_mode":true,"campfire_choices":[{"data":"Darkness","floor":6,"key":"SMITH"}],"neow_cost":"PERCENT_DAMAGE","seed_source_timestamp":1248753013793100,"circlet_count":0,"master_deck":["AscendersBane","Strike_B","Strike_B","Strike_B","Defend_B","Defend_B","Defend_B","Defend_B","Zap+1","Dualcast","Sweeping Beam","Darkness+1","Leap","Ball Lightning","Darkness"],"relics":["Cracked Core","Turnip","PreservedInsect"],"potions_floor_usage":[8],"damage_taken":[{"damage":2,"enemies":"Cultist","floor":1,"turns":4},{"damage":7,"enemies":"Jaw Worm","floor":2,"turns":3},{"damage":10,"enemies":"Small Slimes","floor":5,"turns":4},{"damage":24,"enemies":"Lagavulin Event","floor":7,"turns":4},{"damage":4,"enemies":"Red Slaver","floor":8,"turns":1}],"seed_played":"-6119230007934389039","potions_obtained":[{"floor":1,"key":"Swift Potion"},{"floor":7,"key":"LiquidBronze"}],"is_trial":false,"path_per_floor":["M","M","$","?","M","R","?","M"],"character_chosen":"DEFECT","items_purchased":["Leap"],"campfire_rested":0,"item_purchase_floors":[3],"current_hp_per_floor":[44,37,37,37,27,27,3,0],"gold":105,"neow_bonus":"ONE_RARE_RELIC","is_prod":false,"is_daily":false,"chose_seed":false,"campfire_upgraded":1,"win_rate":0,"timestamp":1550724205,"path_taken":["M","M","$","?","M","R","?","M"],"build_version":"2019-01-23","purchased_purges":1,"victory":false,"max_hp_per_floor":[71,71,71,71,71,71,71,71],"card_choices":[{"not_picked":["Capacitor","Beam Cell"],"picked":"Sweeping Beam","floor":1},{"not_picked":["Barrage","Stack"],"picked":"Darkness","floor":2},{"not_picked":["Melter","Genetic Algorithm"],"picked":"Ball Lightning","floor":5},{"not_picked":["Turbo","Steam"],"picked":"Darkness","floor":7}],"player_experience":747950,"relics_obtained":[{"floor":7,"key":"PreservedInsect"}],"event_choices":[{"damage_healed":0,"gold_gain":0,"player_choice":"Grow","damage_taken":0,"max_hp_gain":0,"max_hp_loss":0,"event_name":"Living Wall","floor":4,"gold_loss":0,"cards_upgraded":["Zap"]},{"damage_healed":0,"gold_gain":30,"player_choice":"Searched \u00272\u0027 times","damage_taken":0,"max_hp_gain":0,"max_hp_loss":0,"event_name":"Dead Adventurer","floor":7,"gold_loss":0}],"is_beta":false,"boss_relics":[],"items_purged_floors":[3],"is_endless":false,"potions_floor_spawned":[1,7],"killed_by":"Red Slaver","ascension_level":20}