{"path_per_floor":["M","M","M","?","?","E","R","E","T","E","M","$","M","M","R","B",null,"M","M","?","M","$","R","E","R","T","R","$","E","?","E","R"],"character_chosen":"THE_SILENT","items_purchased":["Infinite Blades","Vajra","Toxic Egg 2"],"gold_per_floor":[117,129,143,143,200,226,226,259,259,289,303,125,136,154,154,227,227,247,261,261,271,27,27,58,58,58,58,58,90,90,118,118,118],"floor_reached":33,"campfire_rested":4,"playtime":2163,"current_hp_per_floor":[59,58,58,49,49,25,44,30,30,21,21,21,21,21,21,19,54,24,20,20,3,3,22,12,31,31,50,50,45,45,45,45,0],"items_purged":[],"gold":118,"score":609,"play_id":"07259d4e-c1bf-485b-b863-41effc32295f","local_time":"20180426202044","is_prod":false,"is_daily":false,"chose_seed":false,"is_ascension_mode":true,"campfire_upgraded":2,"timestamp":1524766844,"path_taken":["M","M","?","?","?","E","R","E","T","E","?","$","M","?","R","BOSS","M","?","?","M","$","R","E","R","T","R","$","E","?","E","R","BOSS"],"build_version":"2018-04-19","seed_source_timestamp":302046789972594,"purchased_purges":0,"victory":false,"master_deck":["Defend_G","Defend_G+1","Defend_G","Defend_G+1","Defend_G","Strike_G","Strike_G","Strike_G","Strike_G","Strike_G","Survivor","Neutralize","AscendersBane","Riddle With Holes","Acrobatics","Predator","Footwork+1","Predator","Skewer+1","Infinite Blades+1","Cloak And Dagger","Acrobatics","Night Terror","Noxious Fumes+1","Sucker Punch+1","Accuracy+1","Outmaneuver+1","Dagger Throw"],"max_hp_per_floor":[66,66,66,66,66,66,66,66,66,66,66,66,66,66,66,66,66,66,66,66,66,66,66,66,66,66,66,66,66,66,66,66,66],"relics":["Snecko Eye","Snake Skull","Gremlin Horn","Frozen Egg 2","War Paint","Vajra","Sozu","Toxic Egg 2","Paper Crane","Tough Bandages","Pantograph","Girya"],"card_choices":[{"not_picked":["Quick Slash","Slice"],"picked":"Riddle With Holes","floor":1},{"not_picked":["Cloak And Dagger","Deflect"],"picked":"Acrobatics","floor":2},{"not_picked":["Bane","Backflip"],"picked":"Predator","floor":3},{"not_picked":["Dash","Malaise"],"picked":"Footwork","floor":6},{"not_picked":["Deadly Poison","Backflip"],"picked":"Predator","floor":8},{"not_picked":["Adrenaline","Poisoned Stab"],"picked":"Skewer","floor":11},{"not_picked":["Dodge and Roll","Sucker Punch"],"picked":"Cloak And Dagger","floor":13},{"not_picked":["Dagger Throw","Cloak And Dagger"],"picked":"Acrobatics","floor":14},{"not_picked":["Venomology","Burst"],"picked":"Night Terror","floor":16},{"not_picked":["Expertise","Backstab"],"picked":"Noxious Fumes","floor":19},{"not_picked":["Acrobatics","Poisoned Stab"],"picked":"Sucker Punch","floor":21},{"not_picked":["Expertise","Deadly Poison"],"picked":"Accuracy","floor":24},{"not_picked":["Die Die Die","Skewer"],"picked":"Outmaneuver","floor":29},{"not_picked":["Poisoned Stab","Expertise"],"picked":"Dagger Throw","floor":31}],"player_experience":454415,"potions_floor_usage":[10,10,14,16],"damage_taken":[{"damage":0,"enemies":"Cultist","floor":1,"turns":4},{"damage":1,"enemies":"2 Louse","floor":2,"turns":3},{"damage":0,"enemies":"Jaw Worm","floor":3,"turns":3},{"damage":24,"enemies":"3 Sentries","floor":6,"turns":11},{"damage":14,"enemies":"Gremlin Nob","floor":8,"turns":4},{"damage":9,"enemies":"3 Sentries","floor":10,"turns":5},{"damage":0,"enemies":"2 Fungi Beasts","floor":11,"turns":2},{"damage":0,"enemies":"Gremlin Gang","floor":13,"turns":3},{"damage":0,"enemies":"Lots of Slimes","floor":14,"turns":2},{"damage":14,"enemies":"Slime Boss","floor":16,"turns":7},{"damage":30,"enemies":"2 Thieves","floor":18,"turns":3},{"damage":4,"enemies":"3 Byrds","floor":19,"turns":4},{"damage":17,"enemies":"Slaver and Parasite","floor":21,"turns":6},{"damage":10,"enemies":"Gremlin Leader","floor":24,"turns":6},{"damage":5,"enemies":"Book of Stabbing","floor":29,"turns":6},{"damage":0,"enemies":"Gremlin Leader","floor":31,"turns":4},{"damage":76,"enemies":"Automaton","floor":33,"turns":6}],"event_choices":[{"event_name":"Wheel of Change","player_choice":"Damage","floor":4,"damage_taken":0},{"event_name":"Golden Wing","player_choice":"Gained Gold","floor":5,"damage_taken":0},{"event_name":"Accursed Blacksmith","player_choice":"Forge","floor":20,"damage_taken":0},{"event_name":"Ghosts","player_choice":"Ignored","floor":30,"damage_taken":0}],"boss_relics":[{"not_picked":["Cursed Key","Philosopher\u0027s Stone"],"picked":"Sozu"}],"potions_floor_spawned":[2,8,10,13,14,18,24,29,31],"seed_played":"-2739035778492634471","killed_by":"Automaton","ascension_level":15,"is_trial":false}