{"gold_per_floor":[212,229,29,49,66,66,82,82,82,82,112,112,112,112,112,211,211,230,240,240,251,251],"floor_reached":22,"playtime":1716,"items_purged":[],"score":186,"play_id":"7fc3abe0-7b50-45cd-97b7-a68370971986","local_time":"20190308114740","is_ascension_mode":false,"campfire_choices":[{"data":"Heavy Blade","floor":6,"key":"SMITH"},{"data":"Limit Break","floor":10,"key":"SMITH"},{"data":"Dual Wield","floor":13,"key":"SMITH"},{"data":"Disarm","floor":15,"key":"SMITH"}],"neow_cost":"NONE","seed_source_timestamp":171463841263924,"circlet_count":0,"master_deck":["Strike_R","Strike_R","Strike_R","Strike_R","Defend_R","Defend_R","Defend_R","Defend_R","Bash","Heavy Blade+1","Disarm+1","Shrug It Off","Shrug It Off","Heavy Blade","Thunderclap","Limit Break+1","Dual Wield+1","Parasite","Carnage","Armaments+1","J.A.X.","Clash"],"relics":["Black Blood","Bronze Scales","Pantograph","Bottled Flame","Potion Belt"],"potions_floor_usage":[7,12,16,21,22],"damage_taken":[{"damage":6,"enemies":"Cultist","floor":1,"turns":3},{"damage":6,"enemies":"Small Slimes","floor":2,"turns":4},{"damage":9,"enemies":"Jaw Worm","floor":4,"turns":4},{"damage":8,"enemies":"Looter","floor":5,"turns":3},{"damage":4,"enemies":"Blue Slaver","floor":7,"turns":2},{"damage":58,"enemies":"Lagavulin","floor":11,"turns":9},{"damage":0,"enemies":"Gremlin Nob","floor":12,"turns":3},{"damage":54,"enemies":"The Guardian","floor":16,"turns":15},{"damage":29,"enemies":"Shell Parasite","floor":18,"turns":7},{"damage":27,"enemies":"Chosen","floor":19,"turns":6},{"damage":21,"enemies":"Snake Plant","floor":21,"turns":5},{"damage":34,"enemies":"Shelled Parasite and Fungi","floor":22,"turns":4}],"seed_played":"-7391615163950379460","potions_obtained":[{"floor":4,"key":"Energy Potion"},{"floor":5,"key":"SmokeBomb"},{"floor":11,"key":"GamblersBrew"},{"floor":19,"key":"SkillPotion"},{"floor":21,"key":"EssenceOfSteel"}],"is_trial":false,"path_per_floor":["M","?","?","?","?"],"character_chosen":"IRONCLAD","items_purchased":["Shrug It Off","Bronze Scales"],"campfire_rested":0,"item_purchase_floors":[3,3],"current_hp_per_floor":[80,80,80,77,75,75,77,77,77,77,25,31,31,51,51,28,80,61,44,44,33,0],"gold":251,"neow_bonus":"HUNDRED_GOLD","is_prod":false,"is_daily":false,"chose_seed":false,"campfire_upgraded":4,"win_rate":0.0,"timestamp":1552042060,"path_taken":["M","?","$","M","M","R","M","?","T","R","E","?","R","?","R","BOSS","M","M","?","M","M"],"build_version":"2019-01-23","purchased_purges":0,"victory":false,"max_hp_per_floor":[80,80,80,80,80,80,80,80,80,80,80,80,80,80,80,80,80,80,80,80,80,80],"card_choices":[{"not_picked":["Sword Boomerang","Rupture"],"picked":"Heavy Blade","floor":1},{"not_picked":["Combust","Anger"],"picked":"Disarm","floor":2},{"not_picked":["Twin Strike","Thunderclap"],"picked":"Shrug It Off","floor":4},{"not_picked":["Twin Strike","Body Slam"],"picked":"Heavy Blade","floor":5},{"not_picked":["Heavy Blade","Sword Boomerang"],"picked":"Thunderclap","floor":7},{"not_picked":["Searing Blow","Bloodletting"],"picked":"Dual Wield","floor":11},{"not_picked":["Thunderclap","Anger"],"picked":"Carnage","floor":18},{"not_picked":["True Grit","Iron Wave"],"picked":"Armaments+1","floor":19},{"not_picked":["Rage","Shrug It Off"],"picked":"Clash","floor":21}],"player_experience":65607,"relics_obtained":[{"floor":9,"key":"Pantograph"},{"floor":11,"key":"Bottled Flame"}],"event_choices":[{"damage_healed":0,"gold_gain":0,"cards_transformed":["Strike_R"],"player_choice":"Change","damage_taken":0,"max_hp_gain":0,"max_hp_loss":0,"event_name":"Living Wall","floor":8,"gold_loss":0,"cards_obtained":["Limit Break"]},{"damage_healed":0,"gold_gain":0,"player_choice":"Searched \u00272\u0027 times","damage_taken":0,"relics_obtained":["Potion Belt"],"max_hp_gain":0,"max_hp_loss":0,"event_name":"Dead Adventurer","floor":12,"gold_loss":0},{"damage_healed":20,"gold_gain":0,"player_choice":"Healed and dodged fight","damage_taken":0,"max_hp_gain":0,"max_hp_loss":0,"event_name":"Mushrooms","floor":14,"gold_loss":0,"cards_obtained":["Parasite"]},{"damage_healed":0,"gold_gain":0,"player_choice":"Obtain J.A.X.","damage_taken":0,"max_hp_gain":0,"max_hp_loss":0,"event_name":"Drug Dealer","floor":20,"gold_loss":0,"cards_obtained":["J.A.X."]}],"is_beta":false,"boss_relics":[{"not_picked":["White Beast Statue","Orrery"],"picked":"Black Blood"}],"items_purged_floors":[],"is_endless":false,"potions_floor_spawned":[4,5,11,19,21],"killed_by":"Shelled Parasite and Fungi","ascension_level":0}