{"gold_per_floor":[116,128,128,128,4,34,34,64,90,101,129,129,129,148,148,220,220,234,234,234,234],"floor_reached":21,"playtime":999,"items_purged":[],"score":341,"play_id":"c337db32-d9d5-4daa-b753-f096b8334f8e","local_time":"20180703223257","is_ascension_mode":true,"campfire_choices":[{"data":"Malaise","floor":7,"key":"SMITH"},{"floor":12,"key":"REST"},{"data":"Noxious Fumes","floor":15,"key":"SMITH"}],"neow_cost":"NONE","seed_source_timestamp":1385818260877540,"circlet_count":0,"master_deck":["Defend_G","Defend_G","Defend_G","Defend_G","Defend_G","Strike_G","Strike_G","Strike_G","Strike_G","Strike_G","Survivor","Neutralize","AscendersBane","Infinite Blades","Noxious Fumes+1","Malaise+1","Sucker Punch","Caltrops","Decay","Wraith Form v2","Decay","Necronomicurse"],"relics":["Ring of the Snake","Oddly Smooth Stone","Happy Flower","Smiling Mask","Strawberry","Juzu Bracelet","Cursed Key","Necronomicon"],"potions_floor_usage":[6,11,16],"damage_taken":[{"damage":3,"enemies":"Jaw Worm","floor":1,"turns":7},{"damage":0,"enemies":"Cultist","floor":2,"turns":4},{"damage":15,"enemies":"3 Sentries","floor":6,"turns":7},{"damage":18,"enemies":"Lagavulin","floor":8,"turns":12},{"damage":0,"enemies":"2 Louse","floor":10,"turns":3},{"damage":12,"enemies":"3 Sentries","floor":11,"turns":7},{"damage":1,"enemies":"Blue Slaver","floor":14,"turns":5},{"damage":19,"enemies":"The Guardian","floor":16,"turns":10},{"damage":32,"enemies":"Shell Parasite","floor":18,"turns":8},{"damage":0,"enemies":"Spheric Guardian","floor":21,"turns":1}],"seed_played":"4016826005032635783","potions_obtained":[{"floor":8,"key":"EssenceOfSteel"},{"floor":11,"key":"Poison Potion"}],"is_trial":false,"path_per_floor":["M","M","?","?","$","E","R","E","T","M","E","R","?","M","R","B",null,"M","?","?"],"character_chosen":"THE_SILENT","items_purchased":["Noxious Fumes","Poison Potion"],"campfire_rested":1,"item_purchase_floors":[5,5],"current_hp_per_floor":[56,56,66,66,66,51,51,33,40,40,28,49,49,48,48,29,62,30,30,9,9],"gold":234,"neow_bonus":"RANDOM_COMMON_RELIC","is_prod":false,"is_daily":false,"chose_seed":false,"campfire_upgraded":2,"win_rate":0,"timestamp":1530649977,"path_taken":["M","M","?","?","$","E","R","E","T","M","E","R","?","M","R","BOSS","M","?","?","M"],"build_version":"2018-06-28","purchased_purges":0,"victory":false,"max_hp_per_floor":[66,66,66,66,66,66,66,66,73,73,73,73,73,73,73,73,73,73,73,73,73],"card_choices":[{"not_picked":["Outmaneuver","Deflect"],"picked":"Endless Agony","floor":1},{"not_picked":["Quick Slash","Deflect"],"picked":"Infinite Blades","floor":2},{"not_picked":["Tools of the Trade","Choke"],"picked":"Malaise","floor":6},{"not_picked":["Dagger Throw","Noxious Fumes"],"picked":"Sucker Punch","floor":8},{"not_picked":["Deflect","Dagger Throw","Quick Slash"],"picked":"SKIP","floor":10},{"not_picked":["Venomology","Bane"],"picked":"Caltrops","floor":11},{"not_picked":["Prepared","Quick Slash","Escape Plan"],"picked":"SKIP","floor":14},{"not_picked":["Unload","Storm of Steel"],"picked":"Wraith Form v2","floor":16},{"not_picked":["Deflect","Choke","Catalyst"],"picked":"SKIP","floor":18}],"player_experience":743376,"relics_obtained":[{"floor":6,"key":"Happy Flower"},{"floor":8,"key":"Smiling Mask"},{"floor":9,"key":"Strawberry"},{"floor":11,"key":"Juzu Bracelet"},{"floor":20,"key":"Necronomicon"}],"event_choices":[{"event_name":"Bonfire Elementals","player_choice":"UNCOMMON","floor":3,"damage_taken":0},{"event_name":"Scrap Ooze","player_choice":"unsuccessful","floor":4,"damage_taken":0},{"event_name":"Wheel of Change","player_choice":"Curse","floor":13,"damage_taken":0},{"event_name":"Forgotten Altar","player_choice":"Smashed Altar","floor":19,"damage_taken":0},{"event_name":"Cursed Tome","player_choice":"Obtained Book","floor":20,"damage_taken":0}],"boss_relics":[{"not_picked":["Orrery","Eternal Feather"],"picked":"Cursed Key"}],"items_purged_floors":[],"is_endless":false,"potions_floor_spawned":[8,11],"killed_by":"Spheric Guardian","ascension_level":15}