{"gold_per_floor":[117,129,142,142,160,160,190,190,217,217,228,255,255,269,269,269],"floor_reached":16,"playtime":2209,"items_purged":[],"score":134,"play_id":"c641234f-82cf-4acb-8b84-6d2223545762","local_time":"20190306165700","is_ascension_mode":true,"campfire_choices":[{"data":"Neutralize","floor":6,"key":"SMITH"},{"data":"Caltrops","floor":10,"key":"SMITH"},{"floor":15,"key":"REST"}],"neow_cost":"TEN_PERCENT_HP_LOSS","seed_source_timestamp":0,"circlet_count":0,"master_deck":["Defend_G","Defend_G","Defend_G","Defend_G","Defend_G","Strike_G","Strike_G","Strike_G","Survivor","Neutralize+1","Blade Dance","Accuracy","Caltrops+1","Blur","Sucker Punch"],"special_seed":0,"relics":["Ring of the Snake","Blood Vial","Ancient Tea Set","Lantern"],"potions_floor_usage":[7,7,12,16],"damage_taken":[{"damage":0.0,"enemies":"Small Slimes","floor":1.0,"turns":6.0},{"damage":0.0,"enemies":"2 Louse","floor":2.0,"turns":3.0},{"damage":1,"enemies":"Cultist","floor":3,"turns":4},{"damage":2,"enemies":"Gremlin Gang","floor":5,"turns":10},{"damage":22,"enemies":"3 Sentries","floor":7,"turns":13},{"damage":16,"enemies":"Large Slime","floor":11,"turns":8},{"damage":21,"enemies":"Lagavulin","floor":12,"turns":10},{"damage":5,"enemies":"3 Louse","floor":14,"turns":5},{"damage":41,"enemies":"Hexaghost","floor":16,"turns":11}],"seed_played":"-5682252506998688881","potions_obtained":[{"floor":1.0,"key":"Explosive Potion"},{"floor":5,"key":"Block Potion"},{"floor":11,"key":"Block Potion"},{"floor":12,"key":"Swift Potion"}],"is_trial":false,"path_per_floor":["M","M","M","?","M","R","E","?","T","R","M","E","?","M","R","B"],"character_chosen":"THE_SILENT","items_purchased":[],"campfire_rested":1,"item_purchase_floors":[],"current_hp_per_floor":[63,63,62,62,60,60,38,59,59,59,45,26,20,17,35,0],"gold":269,"neow_bonus":"REMOVE_TWO","is_prod":false,"is_daily":false,"chose_seed":false,"campfire_upgraded":2,"win_rate":0,"timestamp":1551891420,"path_taken":["M","M","M","?","M","R","E","?","T","R","M","E","?","?","R","BOSS"],"build_version":"2019-01-23","purchased_purges":0,"victory":false,"max_hp_per_floor":[63,63,63,63,63,63,63,63,63,63,63,63,63,63,63,63],"card_choices":[{"not_picked":["Catalyst","Flying Knee"],"picked":"Blade Dance","floor":1.0},{"not_picked":["Quick Slash","Reflex"],"picked":"Accuracy","floor":2.0},{"not_picked":["Underhanded Strike","Tactician","Deadly Poison"],"picked":"SKIP","floor":3},{"not_picked":["Sucker Punch","Setup","Blade Dance"],"picked":"SKIP","floor":5},{"not_picked":["PiercingWail","Deflect"],"picked":"Caltrops","floor":7},{"not_picked":["Deflect","Die Die Die","Dagger Spray"],"picked":"SKIP","floor":11},{"not_picked":["Escape Plan","Bane"],"picked":"Blur","floor":12},{"not_picked":["Poisoned Stab","Dodge and Roll"],"picked":"Sucker Punch","floor":14}],"player_experience":498245,"relics_obtained":[{"floor":7,"key":"Blood Vial"},{"floor":9,"key":"Ancient Tea Set"},{"floor":12,"key":"Lantern"}],"event_choices":[{"damage_healed":0,"gold_gain":0,"player_choice":"Ignored","damage_taken":0,"max_hp_gain":0,"max_hp_loss":0,"event_name":"Liars Game","floor":4,"gold_loss":0},{"damage_healed":21,"gold_gain":0,"player_choice":"Banana","damage_taken":0,"max_hp_gain":0,"max_hp_loss":0,"event_name":"Big Fish","floor":8,"gold_loss":0},{"damage_healed":0,"gold_gain":0,"player_choice":"Damaged","damage_taken":6,"max_hp_gain":0,"max_hp_loss":0,"event_name":"Wheel of Change","floor":13,"gold_loss":0}],"is_beta":false,"boss_relics":[],"items_purged_floors":[],"is_endless":false,"potions_floor_spawned":[1,5,11,12],"killed_by":"Hexaghost","ascension_level":4}