{"gold_per_floor":[116,116,38,56,131,156,156,183,256,256,274,274,294,319,319,391,391,406,416,0,20,20,20,20,46,46,146,56,56,17,52,52,131,131,148,148,162,36,48,48],"floor_reached":40,"playtime":2455,"items_purged":[],"score":867,"play_id":"004f8a5e-bae5-4c2d-a969-45c8c51e77b1","local_time":"20190119124247","is_ascension_mode":true,"campfire_choices":[{"floor":7,"key":"REST"},{"floor":10,"key":"REST"},{"floor":15,"key":"REST"},{"floor":23,"key":"REST"},{"floor":29,"key":"REST"},{"floor":32,"key":"REST"}],"neow_cost":"NONE","seed_source_timestamp":762636720505300,"circlet_count":0,"master_deck":["AscendersBane","Strike_B+1","Strike_B","Strike_B","Defend_B","Defend_B","Defend_B","Defend_B+1","Zap","Dualcast","Cold Snap","Defragment","Ball Lightning","Conserve Battery","Glacier","Compile Driver","Defragment","Compile Driver","Seek","Compile Driver","Echo Form","Static Discharge","Cold Snap","Force Field","Turbo","Panacea","Chill","Rainbow","Echo Form","Coolheaded","Compile Driver","Conserve Battery","Capacitor","Chill","Amplify","Heatsinks","Glacier","Loop"],"relics":["Fusion Hammer","Centennial Puzzle","Pen Nib","Kunai","Odd Mushroom","Nuclear Battery","PreservedInsect","Juzu Bracelet","Bottled Tornado","Bottled Flame","StoneCalendar","Gremlin Horn","Art of War","Orrery"],"potions_floor_usage":[6,8,25,37],"damage_taken":[{"damage":13,"enemies":"Small Slimes","floor":1,"turns":4},{"damage":7,"enemies":"Jaw Worm","floor":4,"turns":3},{"damage":2,"enemies":"3 Sentries","floor":6,"turns":5},{"damage":7,"enemies":"Lagavulin","floor":8,"turns":4},{"damage":4,"enemies":"2 Louse","floor":11,"turns":3},{"damage":6,"enemies":"Exordium Thugs","floor":13,"turns":3},{"damage":20,"enemies":"The Mushroom Lair","floor":14,"turns":4},{"damage":12,"enemies":"Slime Boss","floor":16,"turns":11},{"damage":0,"enemies":"Shell Parasite","floor":18,"turns":7},{"damage":14,"enemies":"2 Thieves","floor":19,"turns":5},{"damage":0,"enemies":"Centurion and Healer","floor":21,"turns":8},{"damage":9,"enemies":"Book of Stabbing","floor":25,"turns":4},{"damage":22,"enemies":"Colosseum Slavers","floor":27,"turns":5},{"damage":5,"enemies":"Colosseum Nobs","floor":27,"turns":5},{"damage":21,"enemies":"Gremlin Leader","floor":31,"turns":7},{"damage":5,"enemies":"Automaton","floor":33,"turns":12},{"damage":2,"enemies":"3 Shapes","floor":35,"turns":7},{"damage":36,"enemies":"Orb Walker","floor":37,"turns":6},{"damage":14,"enemies":"Maw","floor":39,"turns":9},{"damage":18,"enemies":"Spire Growth","floor":40,"turns":3}],"seed_played":"4435382737679510641","potions_obtained":[{"floor":1,"key":"Explosive Potion"},{"floor":6,"key":"FearPotion"},{"floor":19,"key":"SteroidPotion"},{"floor":21,"key":"Energy Potion"},{"floor":35,"key":"AttackPotion"}],"is_trial":false,"path_per_floor":["M","?","$","M","?","E","R","E","T","R","M","?","M","?","R","B",null,"M","M","$","M","?","R","$","E","T","?","$","R","$","E","R","B",null,"M","?","M","$","M","M"],"character_chosen":"DEFECT","items_purchased":["Defragment","PreservedInsect","Juzu Bracelet","Static Discharge","Panacea","Chill","Heatsinks","Glacier"],"campfire_rested":6,"item_purchase_floors":[3,20,20,20,28,30,38,38],"current_hp_per_floor":[51,30,30,23,12,10,31,24,24,45,41,34,28,8,29,17,58,58,44,44,44,24,46,46,37,37,10,10,32,32,11,33,28,64,62,51,15,15,1,0],"gold":48,"neow_bonus":"BOSS_RELIC","is_prod":false,"is_daily":false,"chose_seed":false,"campfire_upgraded":0,"win_rate":0,"timestamp":1547930567,"path_taken":["M","?","$","M","?","E","R","E","T","R","M","?","M","?","R","BOSS","M","M","$","M","?","R","$","E","T","?","$","R","?","E","R","BOSS","M","?","M","?","M","M"],"build_version":"2019-01-17v2","purchased_purges":0,"victory":false,"max_hp_per_floor":[71,71,71,71,71,71,71,71,71,71,71,71,71,71,71,71,71,71,71,71,71,76,76,76,76,76,76,76,76,76,76,76,76,76,76,76,76,76,76,76],"card_choices":[{"not_picked":["Hello World","Self Repair"],"picked":"Cold Snap","floor":1},{"not_picked":["Reprogram","Chaos"],"picked":"Ball Lightning","floor":4},{"not_picked":["Undo","Leap"],"picked":"Conserve Battery","floor":6},{"not_picked":["Hyperbeam","Turbo"],"picked":"Glacier","floor":8},{"not_picked":["Leap","Turbo"],"picked":"Compile Driver","floor":11},{"not_picked":["Genetic Algorithm","Streamline"],"picked":"Defragment","floor":13},{"not_picked":["Recycle","Streamline"],"picked":"Compile Driver","floor":14},{"not_picked":["Rainbow","Fission"],"picked":"Seek","floor":16},{"not_picked":["Leap","Go for the Eyes+1"],"picked":"Compile Driver","floor":18},{"not_picked":["Aggregate","Ball Lightning+1"],"picked":"Echo Form","floor":19},{"not_picked":["Fusion","Genetic Algorithm"],"picked":"Cold Snap","floor":21},{"not_picked":["Leap+1","Stack"],"picked":"Force Field","floor":25},{"not_picked":["Rip and Tear","Streamline"],"picked":"Turbo","floor":27},{"not_picked":["Coolheaded","Gash"],"picked":"Rainbow","floor":31},{"not_picked":["Buffer","Seek"],"picked":"Echo Form","floor":33},{"not_picked":["Rebound","Streamline"],"picked":"Coolheaded","floor":34},{"not_picked":["Hologram","Streamline"],"picked":"Compile Driver","floor":34},{"not_picked":["Turbo","Consume"],"picked":"Conserve Battery","floor":34},{"not_picked":["Consume","Turbo"],"picked":"Capacitor","floor":34},{"not_picked":["Consume","Rebound"],"picked":"Chill","floor":34},{"not_picked":["Streamline","Conserve Battery","FTL+1"],"picked":"SKIP","floor":35},{"not_picked":["Ball Lightning","Beam Cell+1"],"picked":"Amplify","floor":37},{"not_picked":["Fusion","Scrape"],"picked":"Loop","floor":39}],"player_experience":545315,"relics_obtained":[{"floor":6,"key":"Centennial Puzzle"},{"floor":8,"key":"Pen Nib"},{"floor":9,"key":"Kunai"},{"floor":14,"key":"Odd Mushroom"},{"floor":25,"key":"Bottled Tornado"},{"floor":26,"key":"Bottled Flame"},{"floor":27,"key":"StoneCalendar"},{"floor":27,"key":"Gremlin Horn"},{"floor":31,"key":"Art of War"}],"event_choices":[{"damage_healed":0,"gold_gain":0,"player_choice":"Entered Light","damage_taken":21,"max_hp_gain":0,"max_hp_loss":0,"event_name":"Shining Light","floor":2,"gold_loss":0,"cards_upgraded":["Defend_B","Strike_B"]},{"damage_healed":0,"gold_gain":75,"player_choice":"Gather Gold","damage_taken":11,"max_hp_gain":0,"max_hp_loss":0,"event_name":"World of Goop","floor":5,"gold_loss":0},{"cards_removed":["Strike_B"],"damage_healed":0,"gold_gain":0,"player_choice":"Card Removal","damage_taken":7,"max_hp_gain":0,"max_hp_loss":0,"event_name":"Golden Wing","floor":12,"gold_loss":0},{"damage_healed":0,"gold_gain":0,"player_choice":"Fought Mushrooms","damage_taken":0,"max_hp_gain":0,"max_hp_loss":0,"event_name":"Mushrooms","floor":14,"gold_loss":0},{"damage_healed":0,"gold_gain":0,"player_choice":"Shed Blood","damage_taken":25,"max_hp_gain":5,"max_hp_loss":0,"event_name":"Forgotten Altar","floor":22,"gold_loss":0},{"damage_healed":0,"gold_gain":0,"player_choice":"Fight","damage_taken":0,"max_hp_gain":0,"max_hp_loss":0,"event_name":"Colosseum","floor":27,"gold_loss":0},{"damage_healed":0,"gold_gain":0,"player_choice":"Fought Nobs","damage_taken":0,"max_hp_gain":0,"max_hp_loss":0,"event_name":"Colosseum","floor":27,"gold_loss":0},{"damage_healed":0,"gold_gain":0,"player_choice":"Damaged","damage_taken":11,"max_hp_gain":0,"max_hp_loss":0,"event_name":"Wheel of Change","floor":36,"gold_loss":0}],"is_beta":false,"boss_relics":[{"not_picked":["Calling Bell","White Beast Statue"],"picked":"Nuclear Battery"},{"not_picked":["Coffee Dripper","Empty Cage"],"picked":"Orrery"}],"items_purged_floors":[],"is_endless":false,"potions_floor_spawned":[1,6,19,21,27,35],"killed_by":"Spire Growth","ascension_level":18}