{"gold_per_floor":[112,35,35,35,51,51,70,70,70,70,90,65,75,95,95,95],"floor_reached":16,"playtime":486,"items_purged":[],"score":161,"play_id":"412d481e-b3b1-473d-824e-b4b80276ea61","local_time":"20180801225707","is_ascension_mode":true,"campfire_choices":[{"data":"Defragment","floor":6,"key":"SMITH"},{"data":"Creative AI","floor":10,"key":"SMITH"},{"data":"Chill","floor":15,"key":"SMITH"}],"neow_cost":"","seed_source_timestamp":482968662882550,"circlet_count":0,"master_deck":["Strike_B","Strike_B","Strike_B","Strike_B","Defend_B","Defend_B","Defend_B","Defend_B","Zap","Dualcast","AscendersBane","Gash","Defragment+1","Steam","Capacitor","Chill+1","Creative AI+1","Hologram+1","Gash","Conserve Battery+1"],"relics":["Cracked Core","Toxic Egg 2"],"potions_floor_usage":[11,11],"damage_taken":[{"damage":0,"enemies":"Small Slimes","floor":1,"turns":2},{"damage":6,"enemies":"Cultist","floor":5,"turns":4},{"damage":2,"enemies":"Jaw Worm","floor":7,"turns":4},{"damage":6,"enemies":"Exordium Thugs","floor":11,"turns":4},{"damage":17,"enemies":"Large Slime","floor":13,"turns":6},{"damage":9,"enemies":"Gremlin Gang","floor":14,"turns":5},{"damage":54,"enemies":"The Guardian","floor":16,"turns":9}],"seed_played":"-200259206467494810","potions_obtained":[{"floor":3,"key":"SneckoOil"},{"floor":3,"key":"Block Potion"},{"floor":5,"key":"Explosive Potion"},{"floor":13,"key":"Dexterity Potion"}],"is_trial":false,"path_per_floor":["M","$","?","$","M","R","M","?","T","R","M","$","M","M","R"],"character_chosen":"DEFECT","items_purchased":["Defragment","Gash"],"campfire_rested":0,"item_purchase_floors":[2,12],"current_hp_per_floor":[64,64,64,64,58,58,56,56,56,56,50,50,33,24,24,0],"gold":95,"neow_bonus":"","is_prod":false,"is_daily":false,"chose_seed":false,"campfire_upgraded":3,"win_rate":0,"timestamp":1533131827,"path_taken":["M","$","?","?","M","R","M","?","T","R","M","$","?","M","R","BOSS"],"build_version":"2018-07-26","purchased_purges":0,"victory":false,"max_hp_per_floor":[71,71,71,71,71,71,71,71,71,71,71,71,71,71,71,71],"card_choices":[{"not_picked":["Beam Cell","Streamline"],"picked":"Gash","floor":1},{"not_picked":["Static Discharge","Beam Cell"],"picked":"Steam","floor":5},{"not_picked":["Rebound","Turbo"],"picked":"Capacitor","floor":7},{"not_picked":["Reinforced Body+1","Go for the Eyes"],"picked":"Hologram+1","floor":11},{"not_picked":["Beam Cell","Redo+1"],"picked":"Conserve Battery+1","floor":13},{"not_picked":["Conserve Battery+1","Buffer","Turbo+1"],"picked":"SKIP","floor":14}],"player_experience":571592,"relics_obtained":[{"floor":9,"key":"Toxic Egg 2"}],"event_choices":[{"event_name":"The Lab","player_choice":"Got Potions","floor":3,"damage_taken":0},{"event_name":"Match and Keep!","player_choice":"2 cards matched","floor":8,"damage_taken":0}],"is_beta":false,"boss_relics":[],"items_purged_floors":[],"is_endless":false,"potions_floor_spawned":[5,7,13],"killed_by":"The Guardian","ascension_level":15}