{"path_per_floor":["M","M","?","$","M","E","R","$","T","E","M","E","R","M","R","B",null,"M","$","M","?","?","E","M","M","T","M","$","R","?","?","R","B",null,"M","M","?","M","$","R","E","R","T","$","M","?","R","$","R"],"character_chosen":"THE_SILENT","items_purchased":["Madness","Panache","Flash of Steel","Well Laid Plans","Noxious Fumes","Regen Potion"],"gold_per_floor":[115,129,129,129,149,184,184,88,88,114,134,169,169,189,189,293,293,309,36,54,54,54,80,98,108,108,120,8,8,8,8,8,111,141,153,173,173,186,107,107,137,137,137,37,57,57,57,9,9],"floor_reached":50,"campfire_rested":3,"playtime":4364,"current_hp_per_floor":[67,67,67,67,61,48,48,48,48,55,53,48,48,49,49,48,70,55,55,57,57,57,42,34,27,27,27,27,48,34,34,55,40,75,67,65,65,64,64,64,48,70,70,70,75,75,75,75,75],"items_purged":["Strike_G","Decay"],"gold":9,"play_id":"739ccebd-1634-4fe7-a2d9-fc3059138e6e","is_prod":false,"is_daily":false,"is_ascension_mode":false,"campfire_upgraded":6,"path_taken":["M","M","?","$","M","E","R","$","T","E","M","E","R","M","R","BOSS","M","$","M","?","?","E","M","M","T","?","$","R","?","?","R","BOSS","M","M","?","M","?","R","E","R","T","$","?","?","R","$","R","BOSS"],"build_version":"2018-01-25-PROD3","purchased_purges":2,"victory":false,"master_deck":["Defend_G","Defend_G","Defend_G","Defend_G","Defend_G","Strike_G","Strike_G","Strike_G","Survivor","Neutralize","Infinite Blades","Footwork+1","A Thousand Cuts+1","Bouncing Flask","Madness+1","Backstab","Prepared+1","Adrenaline","Prepared","Panache","Flash of Steel","Poisoned Stab","Envenom","Blade Dance+1","Prepared+1","Well Laid Plans","Bandage Up","After Image+1","Predator+1","Noxious Fumes+1"],"max_hp_per_floor":[70,70,70,70,70,70,70,70,70,70,70,70,70,70,70,70,70,70,70,70,70,70,70,70,70,70,70,70,70,70,70,70,70,75,75,75,75,75,75,75,75,75,75,75,75,75,75,75,75],"relics":["Ring of the Snake","Matryoshka","Ancient Tea Set","Gambling Chip","Omamori","Blood Vial","Cursed Key","Snake Skull","Bronze Scales","Torii","Tiny House","Dodecahedron","Bag of Preparation","Lantern"],"card_choices":[{"not_picked":["Underhanded Strike","Escape Plan"],"picked":"Infinite Blades"},{"not_picked":["PiercingWail","Slice"],"picked":"Footwork"},{"not_picked":["Catalyst","Skewer"],"picked":"A Thousand Cuts"},{"not_picked":["Endless Agony","Tools of the Trade"],"picked":"Bouncing Flask"},{"not_picked":["Deadly Poison","Outmaneuver"],"picked":"Backstab"},{"not_picked":["Outmaneuver","Infinite Blades"],"picked":"Prepared"},{"not_picked":["Tactician","Tools of the Trade"],"picked":"Adrenaline"},{"not_picked":["Footwork","Dodge and Roll"],"picked":"Prepared"},{"not_picked":["Reflex","Slice"],"picked":"Poisoned Stab"},{"not_picked":["Backflip","Choke"],"picked":"Envenom"},{"not_picked":["Acrobatics","Dash"],"picked":"Blade Dance"},{"not_picked":["Bouncing Flask","Quick Slash"],"picked":"Prepared"},{"not_picked":["Tools of the Trade","Tactician"],"picked":"After Image"},{"not_picked":["PiercingWail","Catalyst"],"picked":"Calculated Gamble"},{"not_picked":["Dagger Throw","Slice"],"picked":"Predator"}],"player_experience":48627,"potions_floor_usage":[6,6,10,10,12,16,27,33,35,35,35,41,50,50],"damage_taken":[{"damage":3,"enemies":"Jaw Worm","floor":1,"turns":6},{"damage":0,"enemies":"Blue Slaver","floor":2,"turns":5},{"damage":6,"enemies":"2 Louse","floor":5,"turns":3},{"damage":25,"enemies":"Gremlin Nob","floor":6,"turns":6},{"damage":8,"enemies":"Lagavulin","floor":10,"turns":7},{"damage":2,"enemies":"Looter","floor":11,"turns":4},{"damage":5,"enemies":"Gremlin Nob","floor":12,"turns":3},{"damage":1,"enemies":"3 Louse","floor":14,"turns":3},{"damage":3,"enemies":"The Guardian","floor":16,"turns":7},{"damage":15,"enemies":"Spheric Guardian","floor":18,"turns":4},{"damage":0,"enemies":"Chosen","floor":20,"turns":3},{"damage":17,"enemies":"Book of Stabbing","floor":23,"turns":5},{"damage":10,"enemies":"Snecko","floor":24,"turns":4},{"damage":9,"enemies":"Centurion and Healer","floor":25,"turns":4},{"damage":2,"enemies":"Slaver and Parasite","floor":27,"turns":4},{"damage":17,"enemies":"Champ","floor":33,"turns":7},{"damage":8,"enemies":"3 Darklings","floor":35,"turns":3},{"damage":8,"enemies":"Orb Walker","floor":36,"turns":3},{"damage":7,"enemies":"4 Shapes","floor":38,"turns":5},{"damage":22,"enemies":"Nemesis","floor":41,"turns":7},{"damage":0,"enemies":"3 Darklings","floor":45,"turns":5},{"damage":98,"enemies":"Awakened One","floor":50,"turns":6}],"event_choices":[{"event_name":"Bonfire Elementals","player_choice":"BASIC","floor":3,"damage_taken":0},{"event_name":"Beggar","player_choice":"Ignored","floor":21,"damage_taken":0},{"event_name":"Addict","player_choice":"Ignored","floor":22,"damage_taken":0},{"event_name":"Knowing Skull","player_choice":"CARD ","floor":30,"damage_taken":0},{"event_name":"Forgotten Altar","player_choice":"Smashed Altar","floor":31,"damage_taken":0},{"event_name":"Wheel of Change","player_choice":"Relic","floor":37,"damage_taken":0}],"boss_relics":[{"not_picked":["Eternal Feather","Black Star"],"picked":"Cursed Key"},{"not_picked":["Snecko Eye","Question Card"],"picked":"Tiny House"}],"potions_floor_spawned":[1,6,10,14,24,25,27,33,35,41],"seed_played":"-4506494108263628478","killed_by":"Awakened One","ascension_level":0,"is_trial":false}