{"gold_per_floor":[110,110,129,79,31,58,58,74,74,74,92,123,139,37,37,136,136,146,161,161,179,196,196],"floor_reached":23,"playtime":892,"items_purged":[],"score":203,"play_id":"e50857d2-111c-4c62-b790-0b8e50128535","local_time":"20180914190934","is_ascension_mode":false,"campfire_choices":[{"data":"Spot Weakness","floor":7,"key":"SMITH"},{"data":"Limit Break","floor":15,"key":"SMITH"}],"neow_cost":"","seed_source_timestamp":139443752051203,"circlet_count":0,"master_deck":["Strike_R","Strike_R","Strike_R","Strike_R","Strike_R","Defend_R","Defend_R","Defend_R","Bash","Anger","Anger","Pommel Strike","Spot Weakness+1","Bludgeon","Clash","Limit Break+1","Heavy Blade","Flex","Anger","Offering","Heavy Blade+1","Pommel Strike","Warcry"],"relics":["Burning Blood","Frozen Egg 2","Pantograph","Juzu Bracelet","Runic Cube","Lantern"],"potions_floor_usage":[16,18,22,22,22],"damage_taken":[{"damage":13,"enemies":"Jaw Worm","floor":1,"turns":3},{"damage":5,"enemies":"Small Slimes","floor":3,"turns":4},{"damage":26,"enemies":"Lagavulin","floor":6,"turns":5},{"damage":0,"enemies":"2 Louse","floor":8,"turns":2},{"damage":5,"enemies":"Looter","floor":11,"turns":3},{"damage":6,"enemies":"Gremlin Nob","floor":12,"turns":3},{"damage":2,"enemies":"Blue Slaver","floor":13,"turns":2},{"damage":75,"enemies":"The Guardian","floor":16,"turns":7},{"damage":10,"enemies":"Chosen","floor":18,"turns":4},{"damage":10,"enemies":"Spheric Guardian","floor":19,"turns":3},{"damage":22,"enemies":"Snake Plant","floor":21,"turns":2},{"damage":31,"enemies":"Shelled Parasite and Fungi","floor":22,"turns":3},{"damage":40,"enemies":"Slavers","floor":23,"turns":2}],"seed_played":"-1611446766121964816","potions_obtained":[{"floor":8,"key":"Swift Potion"},{"floor":12,"key":"AttackPotion"},{"floor":16,"key":"SpeedPotion"},{"floor":18,"key":"Dexterity Potion"},{"floor":19,"key":"SteroidPotion"}],"is_trial":false,"path_per_floor":["M","?","M","?","$","E","R","M","T","$","M","E","M","$","R","B",null,"M","M","T","M","M"],"character_chosen":"IRONCLAD","items_purchased":["Pommel Strike","Flex","Anger"],"campfire_rested":0,"item_purchase_floors":[5,14,14],"current_hp_per_floor":[73,78,79,79,79,59,59,65,65,65,66,66,70,70,70,16,85,81,77,77,61,36,0],"gold":196,"neow_bonus":"","is_prod":false,"is_daily":false,"chose_seed":false,"campfire_upgraded":2,"win_rate":0,"timestamp":1536966574,"path_taken":["M","?","M","?","$","E","R","M","T","$","M","E","M","?","R","BOSS","M","M","?","M","M","E"],"build_version":"2018-09-06","purchased_purges":0,"victory":false,"max_hp_per_floor":[80,85,85,85,85,85,85,85,85,85,85,85,85,85,85,85,85,85,85,85,85,85,85],"card_choices":[{"not_picked":["Headbutt","Clothesline"],"picked":"Anger","floor":1},{"not_picked":["Twin Strike","Clothesline"],"picked":"Anger","floor":3},{"not_picked":["Seeing Red","Havoc"],"picked":"Spot Weakness","floor":6},{"not_picked":["Iron Wave","Blood for Blood"],"picked":"Bludgeon","floor":8},{"not_picked":["Warcry","Fire Breathing+1"],"picked":"Clash","floor":11},{"not_picked":["Twin Strike","Pommel Strike"],"picked":"Limit Break","floor":12},{"not_picked":["Perfected Strike","Reaper"],"picked":"Heavy Blade","floor":13},{"not_picked":["Dark Embrace+1","Reaper"],"picked":"Offering","floor":16},{"not_picked":["Infernal Blade+1","Pommel Strike"],"picked":"Heavy Blade+1","floor":18},{"not_picked":["Searing Blow","Shockwave","Disarm"],"picked":"SKIP","floor":19},{"not_picked":["Perfected Strike","Entrench+1"],"picked":"Pommel Strike","floor":21},{"not_picked":["True Grit","Wild Strike"],"picked":"Warcry","floor":22}],"player_experience":138858,"relics_obtained":[{"floor":6,"key":"Frozen Egg 2"},{"floor":9,"key":"Pantograph"},{"floor":12,"key":"Juzu Bracelet"},{"floor":20,"key":"Lantern"}],"event_choices":[{"event_name":"Big Fish","player_choice":"Donut","floor":2,"damage_taken":0},{"event_name":"The Cleric","player_choice":"Card Removal","floor":4,"damage_taken":0}],"is_beta":false,"boss_relics":[{"not_picked":["Fusion Hammer","Coffee Dripper"],"picked":"Runic Cube"}],"items_purged_floors":[],"is_endless":false,"potions_floor_spawned":[8,12,16,18,19],"killed_by":"Slavers","ascension_level":0}