{"gold_per_floor":[113,188,203,219,219,219,237,250,250,70,97,107,140,153,153,253,253,269,20,31,49,69,69,79,79],"floor_reached":25,"playtime":1383,"items_purged":[],"score":230,"play_id":"a3290e5b-d11d-49c8-941f-fa4d050bb5e7","local_time":"20190303214731","is_ascension_mode":true,"campfire_choices":[{"data":"Pommel Strike","floor":6,"key":"SMITH"},{"data":"Perfected Strike","floor":15,"key":"SMITH"},{"floor":23,"key":"REST"}],"neow_cost":"NONE","seed_source_timestamp":12100867113107,"circlet_count":0,"master_deck":["Strike_R+1","Strike_R+1","Strike_R","Strike_R","Strike_R","Defend_R","Defend_R","Defend_R","Defend_R","Bash","Pommel Strike+1","Carnage","Rampage+1","Bloodletting","Impervious","Shockwave","Dropkick","Immolate","Infernal Blade","Perfected Strike+1","Entrench","Dark Embrace","Dual Wield","Evolve","Carnage+1","Headbutt","Ghostly Armor"],"relics":["Burning Blood","Whetstone","Happy Flower","Bag of Marbles","Self Forming Clay","Black Star","Mummified Hand"],"potions_floor_usage":[11,16,16,18,24,24,25],"damage_taken":[{"damage":3,"enemies":"Jaw Worm","floor":1,"turns":4},{"damage":0,"enemies":"Small Slimes","floor":3,"turns":3},{"damage":0,"enemies":"Cultist","floor":4,"turns":2},{"damage":14,"enemies":"Exordium Wildlife","floor":7,"turns":3},{"damage":10,"enemies":"Looter","floor":8,"turns":2},{"damage":29,"enemies":"3 Sentries","floor":11,"turns":6},{"damage":3,"enemies":"Large Slime","floor":12,"turns":2},{"damage":6,"enemies":"Gremlin Nob","floor":13,"turns":3},{"damage":9,"enemies":"2 Fungi Beasts","floor":14,"turns":2},{"damage":32,"enemies":"Hexaghost","floor":16,"turns":6},{"damage":3,"enemies":"2 Thieves","floor":18,"turns":2},{"damage":13,"enemies":"Shell Parasite","floor":20,"turns":4},{"damage":42,"enemies":"Snake Plant","floor":21,"turns":5},{"damage":24,"enemies":"Snecko","floor":22,"turns":5},{"damage":39,"enemies":"Centurion and Healer","floor":24,"turns":6},{"damage":15,"enemies":"Slavers","floor":25,"turns":1}],"seed_played":"-1539090037893812652","potions_obtained":[{"floor":1,"key":"Dexterity Potion"},{"floor":4,"key":"BloodPotion"},{"floor":8,"key":"Swift Potion"},{"floor":14,"key":"Strength Potion"},{"floor":16,"key":"SkillPotion"},{"floor":18,"key":"SteroidPotion"},{"floor":21,"key":"Explosive Potion"}],"is_trial":false,"path_per_floor":["M","?","M","M","?","R","M","M","T","$","E","M","E","M","R","B",null,"M","$","M","M","M","R","M","E"],"character_chosen":"IRONCLAD","items_purchased":["Dropkick","Happy Flower","Mummified Hand"],"campfire_rested":1,"item_purchase_floors":[10,10,19],"current_hp_per_floor":[80,69,75,80,80,80,72,68,68,68,45,48,48,45,45,27,80,80,80,73,37,19,43,10,0],"gold":79,"neow_bonus":"THREE_CARDS","is_prod":false,"is_daily":false,"chose_seed":false,"campfire_upgraded":2,"win_rate":0,"timestamp":1551617251,"path_taken":["M","?","M","M","?","R","M","?","T","$","E","M","E","M","R","BOSS","M","$","M","M","M","R","M","E"],"build_version":"2019-01-23","purchased_purges":0,"victory":false,"max_hp_per_floor":[80,80,80,80,80,80,80,80,80,80,80,80,80,80,80,80,80,80,80,80,80,80,80,80,80],"card_choices":[{"not_picked":["Sword Boomerang","Anger"],"picked":"Pommel Strike","floor":0},{"not_picked":["Cleave","Wild Strike"],"picked":"Carnage","floor":1},{"not_picked":["Ghostly Armor","Inflame"],"picked":"Rampage","floor":3},{"not_picked":["Perfected Strike","Twin Strike"],"picked":"Bloodletting","floor":4},{"not_picked":["Clothesline","Wild Strike"],"picked":"Impervious","floor":7},{"not_picked":["Body Slam","Clash"],"picked":"Shockwave","floor":8},{"not_picked":["Anger","Power Through"],"picked":"Immolate","floor":11},{"not_picked":["Metallicize","Hemokinesis"],"picked":"Infernal Blade","floor":12},{"not_picked":["Clothesline","Twin Strike"],"picked":"Perfected Strike","floor":13},{"not_picked":["Clash","Anger"],"picked":"Entrench","floor":14},{"not_picked":["Feed","Berserk"],"picked":"Dark Embrace","floor":16},{"not_picked":["Armaments","Anger+1"],"picked":"Dual Wield","floor":18},{"not_picked":["Iron Wave","Hemokinesis"],"picked":"Evolve","floor":20},{"not_picked":["Pommel Strike+1","Shrug It Off+1"],"picked":"Carnage+1","floor":21},{"not_picked":["Body Slam","Entrench+1"],"picked":"Headbutt","floor":22},{"not_picked":["Inflame","Power Through"],"picked":"Ghostly Armor","floor":24}],"player_experience":36692,"relics_obtained":[{"floor":9,"key":"Whetstone"},{"floor":11,"key":"Bag of Marbles"},{"floor":13,"key":"Self Forming Clay"}],"event_choices":[{"damage_healed":0,"gold_gain":75,"player_choice":"Gather Gold","damage_taken":11,"max_hp_gain":0,"max_hp_loss":0,"event_name":"World of Goop","floor":2,"gold_loss":0},{"damage_healed":0,"gold_gain":0,"player_choice":"Upgraded","damage_taken":0,"max_hp_gain":0,"max_hp_loss":0,"event_name":"Upgrade Shrine","floor":5,"gold_loss":0,"cards_upgraded":["Rampage"]}],"is_beta":false,"boss_relics":[{"not_picked":["Fusion Hammer","Sozu"],"picked":"Black Star"}],"items_purged_floors":[],"is_endless":false,"potions_floor_spawned":[1,4,8,14,16,18,21,22],"killed_by":"Slavers","ascension_level":1}