{"gold_per_floor":[119,119,130,146,161,161,186,206,206,241,261,273,303,323,323,323],"floor_reached":16,"playtime":798,"items_purged":[],"score":159,"play_id":"a8cddf3f-d8a2-4ba9-a312-43c90994744e","local_time":"20190201212615","is_ascension_mode":true,"campfire_choices":[{"data":"Consume","floor":6,"key":"SMITH"},{"floor":15,"key":"RECALL"}],"neow_cost":"NONE","seed_source_timestamp":253952898283,"circlet_count":0,"master_deck":["Strike_B","Strike_B","Strike_B","Strike_B","Defend_B","Defend_B","Defend_B","Defend_B","Zap","Dualcast","BootSequence","Consume+1","Redo","Leap","Storm","Redo","Melter","Ball Lightning","Force Field"],"relics":["Cracked Core","Omamori","Mummified Hand","Meat on the Bone"],"potions_floor_usage":[13,16,16,16],"damage_taken":[{"damage":0,"enemies":"Small Slimes","floor":1,"turns":3},{"damage":1,"enemies":"Cultist","floor":3,"turns":3},{"damage":0,"enemies":"2 Louse","floor":4,"turns":2},{"damage":0,"enemies":"Looter","floor":5,"turns":3},{"damage":13,"enemies":"Lagavulin","floor":7,"turns":8},{"damage":9,"enemies":"2 Fungi Beasts","floor":8,"turns":4},{"damage":20,"enemies":"Gremlin Nob","floor":10,"turns":4},{"damage":1,"enemies":"3 Louse","floor":11,"turns":4},{"damage":22,"enemies":"Gremlin Gang","floor":12,"turns":4},{"damage":0,"enemies":"Lagavulin","floor":13,"turns":6},{"damage":7,"enemies":"Exordium Thugs","floor":14,"turns":4},{"damage":15,"enemies":"The Guardian","floor":16,"turns":7}],"seed_played":"-6811609554119642863","potions_obtained":[{"floor":1,"key":"SpeedPotion"},{"floor":3,"key":"PowerPotion"},{"floor":11,"key":"Poison Potion"},{"floor":13,"key":"GamblersBrew"},{"floor":14,"key":"AttackPotion"}],"is_trial":false,"path_per_floor":["M","?","M","M","M","R","E","M","T","E","M","M","E","M","R","B"],"character_chosen":"DEFECT","items_purchased":[],"campfire_rested":0,"item_purchase_floors":[],"current_hp_per_floor":[82,74,73,73,73,73,60,51,51,31,30,8,8,13,13,0],"gold":323,"neow_bonus":"TEN_PERCENT_HP_BONUS","is_prod":false,"is_daily":false,"chose_seed":false,"campfire_upgraded":1,"win_rate":0,"timestamp":1549045575,"path_taken":["M","?","M","M","M","R","E","M","T","E","M","?","E","M","R","BOSS"],"build_version":"2019-01-23","purchased_purges":0,"victory":false,"max_hp_per_floor":[82,82,82,82,82,82,82,82,82,82,82,82,82,82,82,82],"card_choices":[{"not_picked":["Skim","Reprogram"],"picked":"BootSequence","floor":1},{"not_picked":["Steam","Sweeping Beam"],"picked":"Consume","floor":3},{"not_picked":["Steam","Coolheaded"],"picked":"Redo","floor":4},{"not_picked":["Steam Power","Reprogram"],"picked":"Leap","floor":5},{"not_picked":["Static Discharge","Chaos"],"picked":"Storm","floor":7},{"not_picked":["Steam","Scrape"],"picked":"Redo","floor":8},{"not_picked":["Stack","Reprogram","Go for the Eyes"],"picked":"SKIP","floor":10},{"not_picked":["Beam Cell","Hologram","Go for the Eyes"],"picked":"SKIP","floor":11},{"not_picked":["Undo","Hello World"],"picked":"Melter","floor":12},{"not_picked":["Doom and Gloom","Turbo"],"picked":"Ball Lightning","floor":13},{"not_picked":["Steam","Hologram"],"picked":"Force Field","floor":14}],"player_experience":241956,"relics_obtained":[{"floor":7,"key":"Omamori"},{"floor":10,"key":"Mummified Hand"},{"floor":13,"key":"Meat on the Bone"}],"event_choices":[{"damage_healed":0,"gold_gain":0,"player_choice":"Damaged","damage_taken":8,"max_hp_gain":0,"max_hp_loss":0,"event_name":"Wheel of Change","floor":2,"gold_loss":0}],"is_beta":false,"boss_relics":[],"items_purged_floors":[],"is_endless":false,"potions_floor_spawned":[1,3,11,13,14],"killed_by":"The Guardian","ascension_level":1}