{"gold_per_floor":[112,13,30,47,122,155,155,183,183,183,195,215,215,115,115,235,235,235,235,235,235,235],"floor_reached":22,"playtime":1696,"items_purged":["Normality","Injury"],"score":265,"play_id":"e9587970-3ff2-4180-b4d3-830f48152866","local_time":"20181116131419","is_ascension_mode":true,"campfire_choices":[{"floor":7,"key":"REST"},{"floor":10,"key":"REST"},{"floor":15,"key":"REST"}],"neow_cost":"CURSE","seed_source_timestamp":2647075175815,"circlet_count":0,"master_deck":["Strike_B","Strike_B","Strike_B","Strike_B","Defend_B","Defend_B","Defend_B","Defend_B","Zap","Dualcast","Core Surge","Go for the Eyes","Leap","Double Energy","Double Energy","Turbo","Skim","Hologram","Electrodynamics","Seek","Reinforced Body","Self Repair","Go for the Eyes","PanicButton","Turbo+1"],"relics":["Cracked Core","Bronze Scales","Symbiotic Virus","Golden Idol","Ectoplasm"],"potions_floor_usage":[6,16,21,22,22],"damage_taken":[{"damage":0,"enemies":"Cultist","floor":1,"turns":2},{"damage":7,"enemies":"Jaw Worm","floor":3,"turns":3},{"damage":0,"enemies":"2 Louse","floor":4,"turns":2},{"damage":40,"enemies":"3 Sentries","floor":6,"turns":8},{"damage":27,"enemies":"Lagavulin","floor":8,"turns":7},{"damage":9,"enemies":"Red Slaver","floor":11,"turns":3},{"damage":5,"enemies":"2 Fungi Beasts","floor":12,"turns":3},{"damage":26,"enemies":"The Guardian","floor":16,"turns":10},{"damage":0,"enemies":"Chosen","floor":18,"turns":4},{"damage":18,"enemies":"Shell Parasite","floor":19,"turns":5},{"damage":19,"enemies":"Snecko","floor":21,"turns":5},{"damage":24,"enemies":"Centurion and Healer","floor":22,"turns":4}],"seed_played":"-9131826077604131691","potions_obtained":[{"floor":1,"key":"SteroidPotion"},{"floor":6,"key":"Explosive Potion"},{"floor":12,"key":"Poison Potion"},{"floor":18,"key":"SkillPotion"},{"floor":21,"key":"Explosive Potion"}],"is_trial":false,"path_per_floor":["M","$","M","M","?","E","R","E","T","R","M","M","?","$","R","B",null,"M","M","?","M","M"],"character_chosen":"DEFECT","items_purchased":["Leap"],"campfire_rested":3,"item_purchase_floors":[2],"current_hp_per_floor":[68,68,61,61,50,10,32,5,5,27,18,13,13,13,35,9,59,59,41,41,22,0],"gold":235,"neow_bonus":"THREE_RARE_CARDS","is_prod":false,"is_daily":false,"chose_seed":false,"campfire_upgraded":0,"win_rate":0,"timestamp":1542370459,"path_taken":["M","$","?","M","?","E","R","E","T","R","M","M","?","?","R","BOSS","M","M","?","M","M"],"build_version":"2018-11-15","purchased_purges":2,"victory":false,"max_hp_per_floor":[75,75,75,75,75,75,75,75,75,75,75,75,75,75,75,75,75,75,75,75,75,75],"card_choices":[{"not_picked":["Meteor Strike","Amplify"],"picked":"Core Surge","floor":0},{"not_picked":["Blizzard","Rip and Tear"],"picked":"Go for the Eyes","floor":1},{"not_picked":["Aggregate","Turbo"],"picked":"Double Energy","floor":3},{"not_picked":["Steam","Fusion"],"picked":"Double Energy","floor":4},{"not_picked":["Stack","Hello World"],"picked":"Turbo","floor":6},{"not_picked":["Go for the Eyes","Compile Driver"],"picked":"Skim","floor":8},{"not_picked":["Go for the Eyes","Aggregate"],"picked":"Hologram","floor":11},{"not_picked":["Sunder","Self Repair"],"picked":"Electrodynamics","floor":12},{"not_picked":["Core Surge","Hyperbeam"],"picked":"Seek","floor":16},{"not_picked":["Barrage","Cold Snap"],"picked":"Reinforced Body","floor":18},{"not_picked":["Static Discharge","Double Energy"],"picked":"Self Repair","floor":19},{"not_picked":["Rip and Tear+1","Leap"],"picked":"Turbo+1","floor":21}],"player_experience":391107,"relics_obtained":[{"floor":6,"key":"Bronze Scales"},{"floor":8,"key":"Symbiotic Virus"}],"event_choices":[{"damage_healed":0,"gold_gain":75,"player_choice":"Gather Gold","damage_taken":11,"max_hp_gain":0,"max_hp_loss":0,"event_name":"World of Goop","floor":5,"gold_loss":0},{"damage_healed":0,"gold_gain":0,"player_choice":"Take Wound","damage_taken":0,"relics_obtained":["Golden Idol"],"max_hp_gain":0,"max_hp_loss":0,"event_name":"Golden Idol","floor":13,"gold_loss":0,"cards_obtained":["Injury"]},{"damage_healed":0,"gold_gain":0,"player_choice":"2 cards matched","damage_taken":0,"max_hp_gain":0,"max_hp_loss":0,"event_name":"Match and Keep!","floor":20,"gold_loss":0,"cards_obtained":["Go for the Eyes","PanicButton"]}],"is_beta":true,"boss_relics":[{"not_picked":["White Beast Statue","Lizard Tail"],"picked":"Ectoplasm"}],"items_purged_floors":[2,14],"is_endless":false,"potions_floor_spawned":[1,6,12,18,21],"killed_by":"Centurion and Healer","ascension_level":7}