{"path_per_floor":["M","T","$","M","?","R","M","R","T","M","R","$","M","M","R","B",null,"M","?","M","$","?","R","M","M","T","M","R","$","E","M","R","B",null,"M","M","M","$","?","R","?","M","T","R","?","M","R","M","R","B"],"character_chosen":"DEFECT","items_purchased":["All For One","Runic Capacitor"],"gold_per_floor":[110,110,35,50,125,125,143,143,143,154,154,0,18,29,29,129,129,143,143,155,55,55,55,65,82,82,102,102,102,167,184,184,288,288,306,317,335,20,20,20,20,34,34,34,0,15,15,31,31,31],"floor_reached":51,"campfire_rested":5,"playtime":3019,"item_purchase_floors":[12,38],"current_hp_per_floor":[37,37,37,37,26,48,48,48,48,48,48,48,47,47,47,36,75,75,75,75,75,75,75,61,61,61,61,75,75,75,75,75,32,75,70,70,54,54,54,75,81,54,54,78,78,78,78,78,81,35],"items_purged":["Dualcast","Strike_B","Reprogram+1"],"gold":31,"score":811,"play_id":"2740064b-7d17-424b-b514-284dbbf6e7a0","local_time":"20180607192534","is_prod":false,"is_daily":false,"chose_seed":false,"is_ascension_mode":false,"campfire_upgraded":6,"win_rate":0,"timestamp":1528392334,"campfire_choices":[{"floor":6,"key":"REST"},{"data":"Coolheaded","floor":8,"key":"SMITH"},{"data":"Defend_B","floor":11,"key":"SMITH"},{"data":"Glacier","floor":15,"key":"SMITH"},{"data":"Zap","floor":23,"key":"SMITH"},{"floor":28,"key":"REST"},{"data":"Strike_B","floor":32,"key":"SMITH"},{"floor":40,"key":"REST"},{"floor":44,"key":"REST"},{"data":"Defend_B","floor":47,"key":"SMITH"},{"floor":49,"key":"REST"}],"path_taken":["M","?","$","M","?","R","M","R","T","M","R","?","M","M","R","BOSS","M","?","?","$","?","R","M","?","T","M","R","?","E","M","R","BOSS","M","M","M","$","?","R","?","M","T","R","?","?","R","?","R","BOSS"],"build_version":"2018-05-31","seed_source_timestamp":381968391615825,"purchased_purges":3,"victory":true,"master_deck":["Strike_B+1","Defend_B+1","Defend_B","Defend_B+1","Zap+1","Coolheaded+1","Glacier+1","Defragment+1","Hologram+1","Blizzard+1","Writhe"],"max_hp_per_floor":[75,75,75,75,75,75,75,75,75,75,75,75,75,75,75,75,75,75,75,75,75,75,75,75,75,75,75,75,75,75,75,75,75,75,75,75,75,75,75,75,81,81,81,81,81,81,81,81,81,81],"relics":["Cracked Core","Thread and Needle","Matryoshka","Kunai","Gremlin Horn","Astrolabe","Darkstone Periapt","Toxic Egg 2","Tiny Chest","White Beast Statue","Runic Capacitor","Bag of Preparation","Red Mask"],"card_choices":[{"not_picked":["Barrage","Hologram","Beam Cell"],"picked":"SKIP","floor":1},{"not_picked":["Conserve Battery","Capacitor","Cold Snap"],"picked":"SKIP","floor":4},{"not_picked":["Doom and Gloom","Streamline"],"picked":"Coolheaded","floor":7},{"not_picked":["Barrage","Coolheaded","Skim"],"picked":"SKIP","floor":10},{"not_picked":["Rebound","Scrape"],"picked":"Glacier","floor":13},{"not_picked":["Machine Learning","Coolheaded","Storm"],"picked":"SKIP","floor":14},{"not_picked":["Turbo","Sweeping Beam"],"picked":"Blizzard+1","floor":18},{"not_picked":["Defragment+1","Gash+1","Rebound"],"picked":"SKIP","floor":20},{"not_picked":["Thunder Strike","Storm","Redo"],"picked":"SKIP","floor":24},{"not_picked":["Sweeping Beam","Go for the Eyes","Streamline+1"],"picked":"SKIP","floor":25},{"not_picked":["Turbo+1","Gash","Leap+1"],"picked":"SKIP","floor":27},{"not_picked":["White Noise+1","Hologram+1","Coolheaded+1"],"picked":"SKIP","floor":30},{"not_picked":["Turbo+1","Go for the Eyes","Steam+1"],"picked":"SKIP","floor":31},{"not_picked":["Go for the Eyes","Turbo+1","Ball Lightning"],"picked":"SKIP","floor":35},{"not_picked":["Tempest+1","Ball Lightning","Scrape"],"picked":"SKIP","floor":36},{"not_picked":["Blizzard+1","Chill+1","Cold Snap"],"picked":"SKIP","floor":37},{"not_picked":["Compile Driver+1","White Noise+1","Static Discharge+1"],"picked":"SKIP","floor":42},{"not_picked":["Genetic Algorithm+1","Seek+1","Steam+1"],"picked":"SKIP","floor":46},{"not_picked":["Gash","Conserve Battery+1","Fusion+1"],"picked":"SKIP","floor":48}],"player_experience":608655,"potions_floor_usage":[16,33,42,46,50,50,50],"damage_taken":[{"damage":1,"enemies":"Cultist","floor":1,"turns":3},{"damage":0,"enemies":"2 Louse","floor":4,"turns":3},{"damage":0,"enemies":"Small Slimes","floor":7,"turns":4},{"damage":0,"enemies":"Blue Slaver","floor":10,"turns":4},{"damage":1,"enemies":"3 Louse","floor":13,"turns":3},{"damage":0,"enemies":"Red Slaver","floor":14,"turns":4},{"damage":11,"enemies":"The Guardian","floor":16,"turns":19},{"damage":0,"enemies":"Spheric Guardian","floor":18,"turns":8},{"damage":0,"enemies":"Shell Parasite","floor":20,"turns":7},{"damage":14,"enemies":"Chosen and Byrds","floor":24,"turns":9},{"damage":0,"enemies":"Snecko","floor":25,"turns":9},{"damage":0,"enemies":"Centurion and Healer","floor":27,"turns":7},{"damage":0,"enemies":"Book of Stabbing","floor":30,"turns":9},{"damage":0,"enemies":"Snake Plant","floor":31,"turns":6},{"damage":43,"enemies":"Automaton","floor":33,"turns":13},{"damage":5,"enemies":"3 Shapes","floor":35,"turns":7},{"damage":0,"enemies":"3 Darklings","floor":36,"turns":6},{"damage":16,"enemies":"4 Shapes","floor":37,"turns":7},{"damage":27,"enemies":"Sphere and 2 Shapes","floor":42,"turns":6},{"damage":0,"enemies":"Maw","floor":46,"turns":8},{"damage":0,"enemies":"3 Darklings","floor":48,"turns":7},{"damage":46,"enemies":"Donu and Deca","floor":50,"turns":13}],"relics_obtained":[{"floor":2,"key":"Matryoshka"},{"floor":9,"key":"Kunai"},{"floor":9,"key":"Gremlin Horn"},{"floor":26,"key":"Darkstone Periapt"},{"floor":26,"key":"Toxic Egg 2"},{"floor":30,"key":"Tiny Chest"},{"floor":43,"key":"Bag of Preparation"}],"event_choices":[{"event_name":"World of Goop","player_choice":"Gather Gold","floor":5,"damage_taken":0},{"event_name":"Back to Basics","player_choice":"Elegance","floor":19,"damage_taken":0},{"event_name":"Drug Dealer","player_choice":"Ignored","floor":22,"damage_taken":0},{"event_name":"SecretPortal","player_choice":"Rejected Portal.","floor":39,"damage_taken":0},{"event_name":"Winding Halls","player_choice":"Writhe","floor":41,"damage_taken":0},{"event_name":"Tomb of Lord Red Mask","player_choice":"Paid","floor":45,"damage_taken":0}],"boss_relics":[{"not_picked":["Ectoplasm","Lizard Tail"],"picked":"Astrolabe"},{"not_picked":["Calling Bell","Eternal Feather"],"picked":"White Beast Statue"}],"items_purged_floors":[3,21,38],"potions_floor_spawned":[7,13,16,27,31,33,35,36,37,42,46,48],"seed_played":"839993422751633636","ascension_level":0,"potions_obtained":[{"floor":7,"key":"AttackPotion"},{"floor":13,"key":"Swift Potion"},{"floor":16,"key":"Dexterity Potion"},{"floor":27,"key":"SkillPotion"},{"floor":31,"key":"Weak Potion"},{"floor":33,"key":"LiquidBronze"},{"floor":35,"key":"SkillPotion"},{"floor":42,"key":"Ancient Potion"},{"floor":46,"key":"Explosive Potion"}],"is_trial":false}