{"gold_per_floor":[109,126,126,143,68,94,114,114,138,138,153,164,164,184,184,285,285],"floor_reached":17,"playtime":669,"items_purged":["Strike_B"],"score":159,"play_id":"d2038a9d-3ae1-4d5a-a516-df4e6a752c09","local_time":"20181223054002","is_ascension_mode":false,"campfire_choices":[{"floor":10,"key":"REST"},{"floor":15,"key":"REST"}],"neow_cost":"NONE","seed_source_timestamp":71603800785667,"circlet_count":0,"master_deck":["Strike_B","Strike_B","Defend_B","Defend_B","Defend_B","Zap","Dualcast","Coolheaded","Cold Snap","Darkness","Sweeping Beam","Sweeping Beam","Cold Snap","Ball Lightning"],"relics":["Cracked Core","Ancient Tea Set","Oddly Smooth Stone"],"potions_floor_usage":[6,16,16,16],"damage_taken":[{"damage":0,"enemies":"Small Slimes","floor":1,"turns":4},{"damage":6,"enemies":"Jaw Worm","floor":2,"turns":3},{"damage":0,"enemies":"Cultist","floor":4,"turns":4},{"damage":18,"enemies":"Gremlin Nob","floor":6,"turns":4},{"damage":16,"enemies":"Large Slime","floor":7,"turns":6},{"damage":0,"enemies":"Lots of Slimes","floor":11,"turns":1},{"damage":6,"enemies":"3 Louse","floor":12,"turns":2},{"damage":10,"enemies":"Blue Slaver","floor":14,"turns":3},{"damage":39,"enemies":"Hexaghost","floor":16,"turns":9}],"seed_played":"-7514613514854321510","potions_obtained":[{"floor":1,"key":"Ancient Potion"},{"floor":2,"key":"AttackPotion"},{"floor":11,"key":"Poison Potion"},{"floor":12,"key":"LiquidBronze"},{"floor":16,"key":"GamblersBrew"}],"is_trial":false,"path_per_floor":["M","M","?","M","$","E","M","?","T","R","M","M","?","M","R","B",null],"character_chosen":"DEFECT","items_purchased":[],"campfire_rested":2,"item_purchase_floors":[],"current_hp_per_floor":[75,69,74,74,74,56,40,40,40,64,64,58,58,48,72,33,33],"gold":285,"neow_bonus":"REMOVE_CARD","is_prod":false,"is_daily":false,"chose_seed":false,"campfire_upgraded":0,"win_rate":0,"timestamp":1545561602,"path_taken":["M","M","?","M","$","E","M","?","T","R","M","?","?","M","R","BOSS"],"build_version":"2018-12-20","purchased_purges":1,"victory":false,"max_hp_per_floor":[75,75,80,80,80,80,80,80,80,80,80,80,80,80,80,80,80],"card_choices":[{"not_picked":["Aggregate","Hologram"],"picked":"Coolheaded","floor":1},{"not_picked":["Loop","Steam"],"picked":"Cold Snap","floor":2},{"not_picked":["Barrage","Chill"],"picked":"Darkness","floor":4},{"not_picked":["Sunder","Chaos"],"picked":"Sweeping Beam","floor":6},{"not_picked":["Go for the Eyes","Compile Driver"],"picked":"Sweeping Beam","floor":7},{"not_picked":["Consume","Hologram"],"picked":"Cold Snap","floor":11},{"not_picked":["Coolheaded","Heatsinks"],"picked":"Ball Lightning","floor":12},{"not_picked":["Go for the Eyes","Skim","BootSequence"],"picked":"SKIP","floor":14}],"player_experience":338120,"relics_obtained":[{"floor":6,"key":"Ancient Tea Set"},{"floor":9,"key":"Oddly Smooth Stone"}],"event_choices":[{"damage_healed":0,"gold_gain":0,"player_choice":"Donut","damage_taken":0,"max_hp_gain":5,"max_hp_loss":0,"event_name":"Big Fish","floor":3,"gold_loss":0},{"damage_healed":0,"gold_gain":0,"player_choice":"Bought 0 Potions","damage_taken":0,"max_hp_gain":0,"max_hp_loss":0,"event_name":"The Woman in Blue","floor":8,"gold_loss":0},{"cards_removed":["Defend_B"],"damage_healed":0,"gold_gain":0,"player_choice":"Offered Basic","damage_taken":0,"max_hp_gain":0,"max_hp_loss":0,"event_name":"Bonfire Elementals","floor":13,"gold_loss":0}],"is_beta":false,"boss_relics":[],"items_purged_floors":[5],"is_endless":false,"potions_floor_spawned":[1,2,11,12,16],"ascension_level":0}