{"path_per_floor":["M","M","M","$","M","E","R","?","T","E","?","M","R","T","R","B",null,"M","$"],"character_chosen":"DEFECT","items_purchased":["Go for the Eyes","Scrape","Sunder"],"gold_per_floor":[111,125,141,40,59,86,86,261,261,290,240,254,254,254,254,353,353,364,160,160],"floor_reached":20,"campfire_rested":0,"playtime":880,"current_hp_per_floor":[64,63,62,62,62,54,54,54,54,42,42,38,38,38,38,11,75,72,72,62],"items_purged":["Strike_B","Strike_B"],"gold":160,"score":182,"play_id":"c91423b5-92f9-43af-a875-c5daf63eec67","local_time":"20180506231157","is_prod":false,"is_daily":false,"chose_seed":false,"is_ascension_mode":false,"campfire_upgraded":3,"timestamp":1525641117,"path_taken":["M","M","M","$","M","E","R","?","T","E","?","M","R","?","R","BOSS","M","$","M"],"build_version":"2018-05-03","seed_source_timestamp":50582037852269,"purchased_purges":2,"victory":false,"master_deck":["Strike_B","Strike_B","Defend_B","Defend_B","Defend_B","Defend_B","Zap+1","Dualcast+1","Doom and Gloom","Axe Kick","Ball Lightning","Go for the Eyes+1","Leap+1","Coolheaded","Go for the Eyes","All For One","Conserve Battery+1","Scrape","Sunder"],"max_hp_per_floor":[75,75,75,75,75,75,75,75,75,75,75,75,75,75,75,75,75,75,75,75],"relics":["Cracked Core","Dream Catcher","Letter Opener","Unceasing Top","Dodecahedron","Snecko Eye"],"card_choices":[{"not_picked":["White Noise","Double Energy"],"picked":"Doom and Gloom","floor":1},{"not_picked":["Hologram","Barrage"],"picked":"Axe Kick","floor":2},{"not_picked":["Rebound","Skim"],"picked":"Ball Lightning","floor":3},{"not_picked":["Recycle","Coolheaded"],"picked":"Leap","floor":5},{"not_picked":["Leap","Stack"],"picked":"Coolheaded","floor":6},{"not_picked":["Skim","Cold Snap"],"picked":"Go for the Eyes","floor":12},{"not_picked":["Redo","Seek"],"picked":"All For One","floor":16},{"not_picked":["Axe Kick","Go for the Eyes"],"picked":"Conserve Battery","floor":18}],"player_experience":525893,"potions_floor_usage":[6,10,18],"damage_taken":[{"damage":11,"enemies":"Jaw Worm","floor":1,"turns":2},{"damage":1,"enemies":"Small Slimes","floor":2,"turns":2},{"damage":1,"enemies":"Cultist","floor":3,"turns":3},{"damage":0,"enemies":"Blue Slaver","floor":5,"turns":2},{"damage":8,"enemies":"3 Sentries","floor":6,"turns":3},{"damage":12,"enemies":"Gremlin Nob","floor":10,"turns":4},{"damage":4,"enemies":"3 Louse","floor":12,"turns":2},{"damage":27,"enemies":"The Guardian","floor":16,"turns":11},{"damage":3,"enemies":"Spheric Guardian","floor":18,"turns":3},{"damage":10,"enemies":"3 Byrds","floor":20,"turns":3}],"event_choices":[{"event_name":"Liars Game","player_choice":"agreed","floor":8,"damage_taken":0},{"event_name":"The Cleric","player_choice":"Card Removal","floor":11,"damage_taken":0}],"boss_relics":[{"not_picked":["Calling Bell","Eternal Feather"],"picked":"Snecko Eye"}],"potions_floor_spawned":[1,2,3,12],"seed_played":"5956316318118742339","killed_by":"3 Byrds","ascension_level":0,"is_trial":false}