{"path_per_floor":["M","M","?","$","?","R","E","M","T","E","M","?","R","M","R","B",null,"M","?","M","?","M","R"],"character_chosen":"IRONCLAD","items_purchased":["Cleave"],"gold_per_floor":[216,228,228,104,64,64,96,114,114,148,166,166,166,180,180,277,277,288,288,302,227,245,245,245],"floor_reached":24,"campfire_rested":0,"playtime":1135,"current_hp_per_floor":[68,73,73,73,73,73,67,73,73,57,62,55,55,59,59,65,80,70,70,67,67,28,28,0],"items_purged":["Strike_R"],"gold":245,"score":294,"play_id":"be28d2ce-4f95-4f3d-83ce-813a0324d226","local_time":"20180410223600","is_prod":false,"is_daily":false,"is_ascension_mode":true,"campfire_upgraded":3,"timestamp":1523392560,"path_taken":["M","M","?","$","?","R","E","M","T","E","M","?","R","M","R","BOSS","M","?","M","?","M","R","M"],"build_version":"2018-04-05v2","purchased_purges":1,"victory":false,"master_deck":["Strike_R","Strike_R","Defend_R","Defend_R","Defend_R","Defend_R","Bash","Inflame","Uppercut+1","Cleave","Heavy Blade+1","Pommel Strike","Thunderclap","Shrug It Off","Barricade+1"],"max_hp_per_floor":[80,80,80,80,80,80,80,80,80,80,80,80,80,80,80,80,80,80,80,80,80,80,80,80],"relics":["Burning Blood","Pen Nib","Girya","Torii","Centennial Puzzle","Velvet Choker"],"card_choices":[{"not_picked":["Thunderclap","Flex"],"picked":"Inflame","floor":1},{"not_picked":["Perfected Strike","Shrug It Off"],"picked":"Uppercut","floor":2},{"not_picked":["Infernal Blade","Pommel Strike"],"picked":"Heavy Blade","floor":7},{"not_picked":["Blood for Blood","Rampage"],"picked":"Pommel Strike","floor":8},{"not_picked":["Second Wind","Flex"],"picked":"Thunderclap","floor":11},{"not_picked":["Body Slam","Thunderclap"],"picked":"Shrug It Off","floor":14},{"not_picked":["Immolate","Brutality"],"picked":"Barricade","floor":16}],"player_experience":183320,"potions_floor_usage":[7,7,16,22],"damage_taken":[{"damage":18,"enemies":"Jaw Worm","floor":1,"turns":4},{"damage":1,"enemies":"Cultist","floor":2,"turns":3},{"damage":12,"enemies":"Gremlin Nob","floor":7,"turns":3},{"damage":0,"enemies":"Small Slimes","floor":8,"turns":3},{"damage":22,"enemies":"3 Sentries","floor":10,"turns":6},{"damage":1,"enemies":"3 Louse","floor":11,"turns":3},{"damage":2,"enemies":"Looter","floor":14,"turns":3},{"damage":0,"enemies":"Slime Boss","floor":16,"turns":5},{"damage":16,"enemies":"Spheric Guardian","floor":18,"turns":4},{"damage":9,"enemies":"Shell Parasite","floor":20,"turns":3},{"damage":45,"enemies":"Cultist and Chosen","floor":22,"turns":6},{"damage":31,"enemies":"Slaver and Parasite","floor":24,"turns":6}],"event_choices":[{"event_name":"Living Wall","player_choice":"Forget","floor":3,"damage_taken":0},{"event_name":"The Woman in Blue","player_choice":"Bought 3 Potions","floor":5,"damage_taken":0},{"event_name":"Scrap Ooze","player_choice":"success","floor":12,"damage_taken":7},{"event_name":"Match and Keep!","player_choice":"0 cards matched","floor":19,"damage_taken":0},{"event_name":"Beggar","player_choice":"Gave Gold","floor":21,"damage_taken":0}],"boss_relics":[{"not_picked":["Pandora\u0027s Box","Eternal Feather"],"picked":"Velvet Choker"}],"potions_floor_spawned":[7,8,10,16,18],"seed_played":"-1993933269815603429","killed_by":"Slaver and Parasite","ascension_level":3,"is_trial":false}