{"gold_per_floor":[117,129,129,140,159,159,192,208,208,208],"floor_reached":10,"playtime":286,"items_purged":[],"score":140,"play_id":"68c25c27-6dc5-4aa8-96c3-ad65afd19e74","local_time":"20190207004901","is_ascension_mode":true,"campfire_choices":[{"data":"Zap","floor":6,"key":"SMITH"}],"neow_cost":"NONE","seed_source_timestamp":53808836855100,"circlet_count":0,"master_deck":["AscendersBane","Strike_B","Strike_B","Strike_B","Strike_B","Defend_B","Defend_B","Defend_B","Defend_B","Zap+1","Dualcast","Gash","Gash","Gash","Go for the Eyes","Machine Learning"],"relics":["Cracked Core","Darkstone Periapt","Smiling Mask","Question Card"],"potions_floor_usage":[7,7,8],"damage_taken":[{"damage":7,"enemies":"Jaw Worm","floor":1,"turns":3},{"damage":0,"enemies":"2 Louse","floor":2,"turns":2},{"damage":1,"enemies":"Cultist","floor":4,"turns":3},{"damage":1,"enemies":"2 Fungi Beasts","floor":5,"turns":3},{"damage":9,"enemies":"Lagavulin","floor":7,"turns":6},{"damage":4,"enemies":"Red Slaver","floor":8,"turns":3},{"damage":28,"enemies":"Exordium Wildlife","floor":10,"turns":4}],"seed_played":"-5602997425425151613","potions_obtained":[{"floor":2,"key":"Dexterity Potion"},{"floor":4,"key":"SpeedPotion"},{"floor":7,"key":"GamblersBrew"}],"is_trial":false,"path_per_floor":["M","M","?","M","M","R","E","M","T","M"],"character_chosen":"DEFECT","items_purchased":[],"campfire_rested":0,"item_purchase_floors":[],"current_hp_per_floor":[64,64,38,37,36,36,27,23,23,0],"gold":208,"neow_bonus":"TEN_PERCENT_HP_BONUS","is_prod":false,"is_daily":false,"chose_seed":false,"campfire_upgraded":1,"win_rate":0,"timestamp":1549529341,"path_taken":["M","M","?","M","M","R","E","M","T","M"],"build_version":"2019-01-23","purchased_purges":0,"victory":false,"max_hp_per_floor":[78,78,78,78,78,78,78,78,78,78],"card_choices":[{"not_picked":["Coolheaded","Tempest"],"picked":"Gash","floor":1},{"not_picked":["Glacier","Compile Driver"],"picked":"Gash","floor":2},{"not_picked":["Steam","Reprogram"],"picked":"Gash","floor":4},{"not_picked":["Coolheaded","Reprogram"],"picked":"Go for the Eyes","floor":5},{"not_picked":["Steam","Cold Snap"],"picked":"Machine Learning","floor":7},{"not_picked":["Ball Lightning","Turbo","Stack"],"picked":"SKIP","floor":8}],"player_experience":650907,"relics_obtained":[{"floor":7,"key":"Smiling Mask"},{"floor":9,"key":"Question Card"}],"event_choices":[{"damage_healed":0,"gold_gain":0,"player_choice":"Success","damage_taken":26,"relics_obtained":["Darkstone Periapt"],"max_hp_gain":0,"max_hp_loss":0,"event_name":"Scrap Ooze","floor":3,"gold_loss":0}],"is_beta":false,"boss_relics":[],"items_purged_floors":[],"is_endless":false,"potions_floor_spawned":[2,4,7],"killed_by":"Exordium Wildlife","ascension_level":20}