{"gold_per_floor":[118,32,207,0,0,0,16,16,95,95,108,108,139,152,152,252,252,270,270,46,46],"floor_reached":21,"playtime":624,"items_purged":[],"score":293,"play_id":"a4a2ba9c-9c6b-4f8d-8ef3-48b4acd30436","local_time":"20181015203920","is_ascension_mode":true,"campfire_choices":[{"data":"Defragment","floor":6,"key":"SMITH"},{"data":"Consume","floor":10,"key":"SMITH"},{"data":"Zap","floor":12,"key":"SMITH"},{"floor":15,"key":"REST"}],"neow_cost":"","seed_source_timestamp":91887632792405,"circlet_count":0,"master_deck":["Strike_B","Strike_B","Strike_B","Strike_B","Defend_B","Defend_B","Defend_B+1","Defend_B","Zap+1","Dualcast+1","Hello World","Defragment+1","Ball Lightning","Consume+1","Lockon+1","Buffer","Loop","Echo Form","White Noise","Loop"],"relics":["ClockworkSouvenir","Molten Egg 2","Regal Pillow","Cursed Key","Nloth\u0027s Gift","Juzu Bracelet"],"potions_floor_usage":[18,21],"damage_taken":[{"damage":0,"enemies":"Cultist","floor":1,"turns":2},{"damage":10,"enemies":"Small Slimes","floor":7,"turns":3},{"damage":6,"enemies":"2 Louse","floor":11,"turns":2},{"damage":26,"enemies":"Lagavulin","floor":13,"turns":5},{"damage":0,"enemies":"Large Slime","floor":14,"turns":3},{"damage":0,"enemies":"Slime Boss","floor":16,"turns":5},{"damage":33,"enemies":"2 Thieves","floor":18,"turns":4},{"damage":36,"enemies":"3 Byrds","floor":21,"turns":4}],"seed_played":"-2431207557097434862","potions_obtained":[{"floor":1,"key":"Swift Potion"},{"floor":13,"key":"SpeedPotion"}],"is_trial":false,"path_per_floor":["M","$","?","$","?","R","M","?","T","R","M","R","E","M","R","B",null,"M","?","$"],"character_chosen":"DEFECT","items_purchased":["Defragment","Ball Lightning","ClockworkSouvenir","Loop","Juzu Bracelet"],"campfire_rested":1,"item_purchase_floors":[2,2,4,20,20],"current_hp_per_floor":[68,68,68,68,53,53,43,43,43,43,37,37,11,11,48,48,68,35,35,35,0],"gold":46,"neow_bonus":"","is_prod":false,"is_daily":false,"chose_seed":false,"campfire_upgraded":3,"win_rate":0,"timestamp":1539661160,"path_taken":["M","$","?","$","?","R","M","?","T","R","M","R","E","?","R","BOSS","M","?","$","M"],"build_version":"2018-10-11","purchased_purges":0,"victory":false,"max_hp_per_floor":[75,75,75,75,75,75,75,75,75,75,75,75,75,75,75,75,75,75,75,75,75],"card_choices":[{"not_picked":["Double Energy","Sweeping Beam"],"picked":"Hello World","floor":1},{"not_picked":["FTL","Rebound"],"picked":"Consume","floor":7},{"not_picked":["Hello World","Hologram"],"picked":"Lockon+1","floor":11},{"not_picked":["Stack","Coolheaded"],"picked":"Buffer","floor":13},{"not_picked":["Gash+1","Tempest"],"picked":"Loop","floor":14},{"not_picked":["Thunder Strike+1","Meteor Strike+1"],"picked":"Echo Form","floor":16},{"not_picked":["Sweeping Beam+1","Streamline+1"],"picked":"White Noise","floor":18}],"player_experience":271710,"relics_obtained":[{"floor":9,"key":"Molten Egg 2"},{"floor":13,"key":"Regal Pillow"}],"event_choices":[{"event_name":"Liars Game","player_choice":"agreed","floor":3,"damage_taken":0},{"event_name":"Shining Light","player_choice":"Entered Light","floor":5,"damage_taken":0},{"event_name":"Fountain of Cleansing","player_choice":"Removed Curse","floor":8,"damage_taken":0},{"event_name":"N\u0027loth","player_choice":"Traded a Cracked Core","floor":19,"damage_taken":0}],"is_beta":false,"boss_relics":[{"not_picked":["Eternal Feather","Calling Bell"],"picked":"Cursed Key"}],"items_purged_floors":[],"is_endless":false,"potions_floor_spawned":[1,13],"killed_by":"3 Byrds","ascension_level":6}