{"gold_per_floor":[119,44,44,44,68,68,89,89,113,113,113],"floor_reached":11,"playtime":390,"items_purged":["Strike_B"],"score":61,"play_id":"d3628c16-674c-417a-8fc4-9036d62bf535","local_time":"20190303012633","is_ascension_mode":false,"campfire_choices":[{"data":"Storm","floor":6,"key":"SMITH"},{"data":"Static Discharge","floor":8,"key":"SMITH"}],"neow_cost":"NONE","seed_source_timestamp":45158438025541,"circlet_count":0,"master_deck":["Strike_B","Strike_B","Strike_B","Defend_B","Defend_B","Defend_B","Defend_B","Zap","Dualcast+1","Thunder Strike","Storm+1","Static Discharge+1","Capacitor"],"relics":["Cracked Core","Golden Idol","Pen Nib","Vajra"],"potions_floor_usage":[5,11],"damage_taken":[{"damage":5,"enemies":"Cultist","floor":1,"turns":4},{"damage":5,"enemies":"Small Slimes","floor":5,"turns":3},{"damage":11,"enemies":"Jaw Worm","floor":7,"turns":2},{"damage":31,"enemies":"Lagavulin","floor":11,"turns":4}],"seed_played":"-1990170864607205815","potions_obtained":[{"floor":1,"key":"FocusPotion"},{"floor":7,"key":"Explosive Potion"}],"is_trial":false,"path_per_floor":["M","$","?","?","M","R","M","R","T","?","E"],"character_chosen":"DEFECT","items_purchased":[],"campfire_rested":0,"item_purchase_floors":[],"current_hp_per_floor":[70,70,52,52,47,47,36,36,36,29,0],"gold":113,"neow_bonus":"ONE_RANDOM_RARE_CARD","is_prod":false,"is_daily":false,"chose_seed":false,"campfire_upgraded":2,"win_rate":0,"timestamp":1551605193,"path_taken":["M","$","?","?","?","R","M","R","T","?","E"],"build_version":"2019-01-23","purchased_purges":1,"victory":false,"max_hp_per_floor":[75,75,75,75,75,75,75,75,75,75,75],"card_choices":[{"not_picked":["Tempest","Lockon"],"picked":"Storm","floor":1},{"not_picked":["Streamline","Tempest"],"picked":"Static Discharge","floor":5},{"not_picked":["Sweeping Beam","Glacier"],"picked":"Capacitor","floor":7}],"player_experience":257160,"relics_obtained":[{"floor":9,"key":"Pen Nib"}],"event_choices":[{"damage_healed":0,"gold_gain":0,"player_choice":"Take Damage","damage_taken":18,"relics_obtained":["Golden Idol"],"max_hp_gain":0,"max_hp_loss":0,"event_name":"Golden Idol","floor":3,"gold_loss":0},{"damage_healed":0,"gold_gain":0,"player_choice":"Upgraded","damage_taken":0,"max_hp_gain":0,"max_hp_loss":0,"event_name":"Upgrade Shrine","floor":4,"gold_loss":0,"cards_upgraded":["Dualcast"]},{"damage_healed":0,"gold_gain":0,"player_choice":"Success","damage_taken":7,"relics_obtained":["Vajra"],"max_hp_gain":0,"max_hp_loss":0,"event_name":"Scrap Ooze","floor":10,"gold_loss":0}],"is_beta":false,"boss_relics":[],"items_purged_floors":[2],"is_endless":false,"potions_floor_spawned":[1,7],"killed_by":"Lagavulin","ascension_level":0}