{"path_per_floor":["M","M","M","M","M","R","E","M","T","M","R","M","E","?","R","B",null,"M","?","$","T","M","E","$","E","T","M","R","?","E","M","R","B",null,"M","?","?","T","M","R","E","?","T","M","$","M","M","$","R","B"],"character_chosen":"THE_SILENT","items_purchased":["Footwork","Tiny Chest","Footwork","Calipers","Noxious Fumes","Vajra"],"gold_per_floor":[110,125,140,151,168,168,194,204,204,218,218,237,266,233,233,331,331,350,350,155,155,165,191,116,144,144,154,154,188,221,233,233,332,332,349,349,349,349,359,359,394,439,488,505,172,190,201,52,52,52],"floor_reached":51,"campfire_rested":1,"playtime":2734,"current_hp_per_floor":[70,66,60,55,51,51,55,55,55,53,53,53,53,53,53,35,70,70,56,56,56,56,54,54,51,51,51,51,39,30,24,45,70,70,70,70,70,70,70,70,70,70,70,70,70,70,70,70,70,43],"items_purged":[],"gold":52,"score":849,"play_id":"21124c45-728d-461a-a8b7-be12979bc854","local_time":"20180427074834","is_prod":false,"is_daily":false,"chose_seed":false,"is_ascension_mode":false,"campfire_upgraded":6,"timestamp":1524808114,"path_taken":["M","M","M","M","M","R","E","M","T","M","R","M","E","?","R","BOSS","M","?","$","?","M","E","$","E","T","M","R","?","E","?","R","BOSS","M","?","?","?","?","R","E","?","T","M","$","M","M","$","R","BOSS"],"build_version":"2018-04-26v2","seed_source_timestamp":750085475446,"purchased_purges":1,"victory":true,"master_deck":["Defend_G","Defend_G","Defend_G","Defend_G","Defend_G","Strike_G+1","Strike_G","Survivor","Neutralize+1","Leg Sweep","Caltrops","Masterful Stab","Adrenaline+1","Dagger Spray+1","Cloak And Dagger+1","Flying Knee+1","Slice","Leg Sweep","Cloak And Dagger+1","Burst+1","Escape Plan+1","Blade Dance+1","Terror+1","Mind Blast","Footwork+1","Sucker Punch+1","Footwork+1","A Thousand Cuts+1","Blur+1","Dodge and Roll+1","A Thousand Cuts+1","Accuracy+1","After Image+1","Noxious Fumes+1","Dodge and Roll+1","Infinite Blades+1"],"max_hp_per_floor":[70,70,70,70,70,70,70,70,70,70,70,70,70,70,70,70,70,70,70,70,70,70,70,70,70,70,70,70,70,70,70,70,70,70,70,70,70,70,70,70,70,70,70,70,70,70,70,70,70,70],"relics":["Ring of the Snake","Orichalcum","Pantograph","Frozen Egg 2","Ornamental Fan","Astrolabe","Tiny Chest","Molten Egg 2","Paper Crane","Mercury Hourglass","Dodecahedron","Red Mask","Toolbox","Sozu","Meat on the Bone","Juzu Bracelet","Dead Branch","Whetstone","Calipers","Vajra"],"card_choices":[{"not_picked":["Prepared","Bane"],"picked":"Leg Sweep","floor":1},{"not_picked":["Outmaneuver","Dodge and Roll"],"picked":"Caltrops","floor":2},{"not_picked":["Outmaneuver","Dodge and Roll"],"picked":"Masterful Stab","floor":3},{"not_picked":["Deadly Poison","Endless Agony"],"picked":"Adrenaline","floor":4},{"not_picked":["Heel Hook","Cloak And Dagger"],"picked":"Dagger Spray","floor":5},{"not_picked":["Skewer","Accuracy"],"picked":"Cloak And Dagger","floor":7},{"not_picked":["Outmaneuver","Backflip"],"picked":"Flying Knee","floor":8},{"not_picked":["Dagger Throw","Accuracy"],"picked":"Slice","floor":10},{"not_picked":["Flechettes","Sucker Punch"],"picked":"Leg Sweep","floor":12},{"not_picked":["Footwork","Die Die Die"],"picked":"Cloak And Dagger","floor":13},{"not_picked":["Tactician","Tools of the Trade"],"picked":"Burst","floor":16},{"not_picked":["Underhanded Strike","Cloak And Dagger"],"picked":"Footwork","floor":22},{"not_picked":["Acrobatics","Catalyst"],"picked":"Sucker Punch","floor":23},{"not_picked":["Quick Slash","Caltrops"],"picked":"A Thousand Cuts","floor":27},{"not_picked":["Dagger Throw","Noxious Fumes"],"picked":"Blur","floor":30},{"not_picked":["Predator","A Thousand Cuts"],"picked":"Dodge and Roll","floor":31},{"not_picked":["Storm of Steel","Night Terror"],"picked":"A Thousand Cuts","floor":33},{"not_picked":["Flying Knee","Slice"],"picked":"Accuracy","floor":39},{"not_picked":["Prepared","Flying Knee"],"picked":"After Image","floor":42},{"not_picked":["Flying Knee","Poisoned Stab"],"picked":"Dodge and Roll","floor":46},{"not_picked":["Bouncing Flask","Terror"],"picked":"Infinite Blades","floor":47}],"player_experience":463575,"potions_floor_usage":[7,7,13,13,29,33],"damage_taken":[{"damage":0,"enemies":"Jaw Worm","floor":1,"turns":5},{"damage":4,"enemies":"2 Louse","floor":2,"turns":4},{"damage":6,"enemies":"Small Slimes","floor":3,"turns":4},{"damage":5,"enemies":"Exordium Wildlife","floor":4,"turns":5},{"damage":4,"enemies":"Red Slaver","floor":5,"turns":4},{"damage":5,"enemies":"Gremlin Nob","floor":7,"turns":4},{"damage":0,"enemies":"2 Fungi Beasts","floor":8,"turns":3},{"damage":2,"enemies":"Exordium Thugs","floor":10,"turns":5},{"damage":0,"enemies":"3 Louse","floor":12,"turns":3},{"damage":0,"enemies":"3 Sentries","floor":13,"turns":3},{"damage":35,"enemies":"The Guardian","floor":16,"turns":15},{"damage":0,"enemies":"Spheric Guardian","floor":18,"turns":4},{"damage":0,"enemies":"Shell Parasite","floor":22,"turns":4},{"damage":2,"enemies":"Slavers","floor":23,"turns":6},{"damage":3,"enemies":"Book of Stabbing","floor":25,"turns":6},{"damage":0,"enemies":"Snake Plant","floor":27,"turns":4},{"damage":12,"enemies":"Masked Bandits","floor":29,"turns":4},{"damage":9,"enemies":"Slavers","floor":30,"turns":2},{"damage":10,"enemies":"3 Cultists","floor":31,"turns":5},{"damage":0,"enemies":"Automaton","floor":33,"turns":13},{"damage":0,"enemies":"Flame Bruiser 1 Orb","floor":35,"turns":4},{"damage":0,"enemies":"3 Shapes","floor":39,"turns":3},{"damage":0,"enemies":"Nemesis","floor":41,"turns":6},{"damage":0,"enemies":"Mysterious Sphere","floor":42,"turns":3},{"damage":0,"enemies":"Flame Bruiser 2 Orb","floor":44,"turns":4},{"damage":0,"enemies":"4 Shapes","floor":46,"turns":2},{"damage":0,"enemies":"Maw","floor":47,"turns":5},{"damage":27,"enemies":"Awakened One","floor":50,"turns":8}],"event_choices":[{"event_name":"World of Goop","player_choice":"Left","floor":14,"damage_taken":0},{"event_name":"Knowing Skull","player_choice":"CARD ","floor":19,"damage_taken":0},{"event_name":"Masked Bandits","player_choice":"Fought over 154 gold","floor":29,"damage_taken":0},{"event_name":"Tomb of Lord Red Mask","player_choice":"Ignored","floor":36,"damage_taken":0},{"event_name":"Mysterious Sphere","player_choice":"Fight","floor":42,"damage_taken":0}],"boss_relics":[{"not_picked":["Philosopher\u0027s Stone","Eternal Feather"],"picked":"Astrolabe"},{"not_picked":["Pandora\u0027s Box","Velvet Choker"],"picked":"Sozu"}],"potions_floor_spawned":[2,3,8,10,18,22,30,31,35,42,46,47],"seed_played":"-5904779094021550326","ascension_level":0,"is_trial":false}