{"gold_per_floor":[112,32,32,43,58,58,71,71,71,87,87,67,102,116,116,116],"floor_reached":16,"playtime":478,"items_purged":[],"score":102,"play_id":"752eb3ba-f172-4132-9a47-b09bc2414704","local_time":"20181101003134","is_ascension_mode":false,"campfire_choices":[{"data":"Neutralize","floor":6.0,"key":"SMITH"},{"floor":8.0,"key":"RECALL"},{"data":"Skewer","floor":11.0,"key":"SMITH"},{"data":"Calculated Gamble","floor":15,"key":"SMITH"}],"neow_cost":"PERCENT_DAMAGE","seed_source_timestamp":831081613022777,"circlet_count":0,"master_deck":["Defend_G","Defend_G","Defend_G","Defend_G","Defend_G","Strike_G","Strike_G","Strike_G","Strike_G","Survivor","Neutralize+1","Calculated Gamble+1","Footwork","Flying Knee","Heel Hook","Skewer+1","Grand Finale","Masterful Stab"],"special_seed":0,"relics":["Ring of the Snake","The Specimen","Mercury Hourglass"],"potions_floor_usage":[13,13,16],"damage_taken":[{"damage":5.0,"enemies":"Small Slimes","floor":1.0,"turns":5.0},{"damage":0.0,"enemies":"Cultist","floor":4.0,"turns":6.0},{"damage":0.0,"enemies":"Jaw Worm","floor":5.0,"turns":4.0},{"damage":12.0,"enemies":"Gremlin Gang","floor":7.0,"turns":6.0},{"damage":7.0,"enemies":"3 Louse","floor":10.0,"turns":4.0},{"damage":3,"enemies":"Lagavulin","floor":13,"turns":4},{"damage":0,"enemies":"Exordium Thugs","floor":14,"turns":4},{"damage":22,"enemies":"The Guardian","floor":16,"turns":11}],"seed_played":"3149653302348694394","potions_obtained":[{"floor":1.0,"key":"Energy Potion"},{"floor":10.0,"key":"FearPotion"},{"floor":12.0,"key":"Explosive Potion"}],"is_trial":false,"path_per_floor":["M","$","?","M","M","R","M","R","T","M","R","?","E","M","R","B"],"character_chosen":"THE_SILENT","items_purchased":["Footwork"],"campfire_rested":0,"item_purchase_floors":[2],"current_hp_per_floor":[44,44,44,44,44,44,32,32,32,25,25,25,22,22,22,0],"gold":116,"neow_bonus":"ONE_RARE_RELIC","is_prod":false,"is_daily":false,"chose_seed":false,"campfire_upgraded":3,"win_rate":0,"timestamp":1540999894,"path_taken":["M","$","?","?","M","R","M","R","T","M","R","?","E","M","R","BOSS"],"build_version":"2018-10-30","purchased_purges":0,"victory":false,"max_hp_per_floor":[70,70,70,70,70,70,70,70,70,70,70,70,70,70,70,70],"card_choices":[{"not_picked":["Acrobatics","Poisoned Stab"],"picked":"Calculated Gamble","floor":1.0},{"not_picked":["PiercingWail","Quick Slash"],"picked":"Flying Knee","floor":4.0},{"not_picked":["Slice","Blade Dance"],"picked":"Heel Hook","floor":5.0},{"not_picked":["Distraction","Dodge and Roll"],"picked":"Skewer","floor":7.0},{"not_picked":["Caltrops","Endless Agony","Slice"],"picked":"SKIP","floor":10.0},{"not_picked":["PiercingWail","Dodge and Roll"],"picked":"Grand Finale","floor":13},{"not_picked":["Endless Agony","Dagger Throw"],"picked":"Masterful Stab","floor":14}],"player_experience":547592,"relics_obtained":[{"floor":13,"key":"Mercury Hourglass"}],"event_choices":[{"cards_removed":["Strike_G"],"damage_healed":0.0,"max_hp_gain":0.0,"max_hp_loss":0.0,"gold_gain":0.0,"event_name":"Purifier","player_choice":"Purged","floor":3.0,"gold_loss":0.0,"damage_taken":0.0},{"damage_healed":0.0,"max_hp_gain":0.0,"max_hp_loss":0.0,"gold_gain":0.0,"event_name":"The Woman in Blue","player_choice":"Bought 1 Potion","floor":12.0,"gold_loss":0.0,"damage_taken":0.0}],"is_beta":true,"boss_relics":[],"items_purged_floors":[],"is_endless":false,"potions_floor_spawned":[1,10],"killed_by":"The Guardian","ascension_level":0}