{"gold_per_floor":[109,124,124,135,105,105,118,147,147,147,147,8,20,35,35,35],"floor_reached":16,"playtime":783,"items_purged":[],"score":92,"play_id":"b0ae1fc1-e0bb-4a88-8147-62c769db35ec","local_time":"20181215094240","is_ascension_mode":false,"campfire_choices":[{"data":"Thunderclap","floor":6,"key":"SMITH"},{"data":"Bludgeon","floor":15,"key":"SMITH"}],"neow_cost":"PERCENT_DAMAGE","seed_source_timestamp":191737996841112,"circlet_count":0,"master_deck":["Strike_R","Strike_R","Strike_R","Defend_R","Defend_R","Defend_R","Defend_R","Battle Trance","Warcry","Shrug It Off","Cleave","Thunderclap+1","Flex","Body Slam","Bludgeon+1","Flex","Cleave"],"relics":["Burning Blood","Odd Mushroom","Kunai"],"potions_floor_usage":[16],"damage_taken":[{"damage":10,"enemies":"Small Slimes","floor":1,"turns":5},{"damage":8,"enemies":"Cultist","floor":2,"turns":5},{"damage":1,"enemies":"Jaw Worm","floor":4,"turns":7},{"damage":0,"enemies":"Looter","floor":5,"turns":4},{"damage":6,"enemies":"3 Louse","floor":7,"turns":2},{"damage":18,"enemies":"The Mushroom Lair","floor":8,"turns":4},{"damage":12,"enemies":"Blue Slaver","floor":13,"turns":2},{"damage":7,"enemies":"2 Fungi Beasts","floor":14,"turns":2},{"damage":47,"enemies":"The Guardian","floor":16,"turns":15}],"seed_played":"6438841339346635585","potions_obtained":[{"floor":4,"key":"Dexterity Potion"}],"is_trial":false,"path_per_floor":["M","M","?","M","M","R","M","?","T","?","?","$","M","M","R","B"],"character_chosen":"IRONCLAD","items_purchased":["Bludgeon"],"campfire_rested":0,"item_purchase_floors":[12],"current_hp_per_floor":[52,50,50,55,61,61,61,49,49,49,54,54,48,47,47,0],"gold":35,"neow_bonus":"REMOVE_TWO","is_prod":false,"is_daily":false,"chose_seed":false,"campfire_upgraded":2,"win_rate":0,"timestamp":1544884960,"path_taken":["M","M","?","M","M","R","?","?","T","?","?","?","M","M","R","BOSS"],"build_version":"2018-12-13","purchased_purges":0,"victory":false,"max_hp_per_floor":[80,80,80,80,80,80,80,80,80,80,85,85,85,85,85,85],"card_choices":[{"not_picked":["Warcry","Bloodletting"],"picked":"Battle Trance","floor":1},{"not_picked":["Evolve","Havoc"],"picked":"Warcry","floor":2},{"not_picked":["Shockwave","Flame Barrier"],"picked":"Cleave","floor":4},{"not_picked":["Hemokinesis","Warcry"],"picked":"Thunderclap","floor":5},{"not_picked":["Perfected Strike","Clothesline"],"picked":"Flex","floor":7},{"not_picked":["Disarm","Sentinel"],"picked":"Flex","floor":13},{"not_picked":["Flex","Twin Strike"],"picked":"Cleave","floor":14}],"player_experience":307294,"relics_obtained":[{"floor":8,"key":"Odd Mushroom"},{"floor":9,"key":"Kunai"}],"event_choices":[{"damage_healed":0,"gold_gain":0,"player_choice":"1 cards matched","damage_taken":0,"max_hp_gain":0,"max_hp_loss":0,"event_name":"Match and Keep!","floor":3,"gold_loss":0,"cards_obtained":["Shrug It Off"]},{"damage_healed":0,"gold_gain":0,"player_choice":"Fought Mushrooms","damage_taken":0,"max_hp_gain":0,"max_hp_loss":0,"event_name":"Mushrooms","floor":8,"gold_loss":0},{"damage_healed":0,"gold_gain":0,"cards_transformed":["Strike_R"],"player_choice":"Change","damage_taken":0,"max_hp_gain":0,"max_hp_loss":0,"event_name":"Living Wall","floor":10,"gold_loss":0,"cards_obtained":["Body Slam"]},{"damage_healed":0,"gold_gain":0,"player_choice":"Donut","damage_taken":0,"max_hp_gain":5,"max_hp_loss":0,"event_name":"Big Fish","floor":11,"gold_loss":0}],"is_beta":false,"boss_relics":[],"items_purged_floors":[],"is_endless":false,"potions_floor_spawned":[4,8],"killed_by":"The Guardian","ascension_level":0}