{"gold_per_floor":[16,16,16,32,44,44,54,54,104,115,127,127,161,53,53,131,131,149,45,62,62,62,62,62],"floor_reached":24,"playtime":1190,"items_purged":["Strike_R"],"score":392,"play_id":"221ad32a-820f-4873-9d0e-ae35896da75a","local_time":"20190212222037","is_ascension_mode":true,"campfire_choices":[{"data":"Armaments","floor":6,"key":"SMITH"},{"data":"True Grit","floor":8,"key":"SMITH"},{"data":"Discovery","floor":15,"key":"SMITH"},{"floor":23,"key":"REST"}],"neow_cost":"NO_GOLD","seed_source_timestamp":0,"circlet_count":0,"master_deck":["AscendersBane","Defend_R","Defend_R","Bash","Armaments+1","True Grit+1","Headbutt","Clothesline","Discovery+1","Immolate","Power Through+1","Brutality+1","Rupture+1","Dual Wield","Shrug It Off","Sever Soul"],"special_seed":0,"relics":["Burning Blood","Pocketwatch","Bronze Scales","Omamori","Astrolabe"],"potions_floor_usage":[4,10,10,24],"damage_taken":[{"damage":2.0,"enemies":"2 Louse","floor":1.0,"turns":4.0},{"damage":7,"enemies":"Small Slimes","floor":4,"turns":4},{"damage":6,"enemies":"Cultist","floor":5,"turns":3},{"damage":0,"enemies":"Looter","floor":7,"turns":4},{"damage":5,"enemies":"Lots of Slimes","floor":10,"turns":3},{"damage":1,"enemies":"2 Fungi Beasts","floor":11,"turns":3},{"damage":25,"enemies":"Lagavulin","floor":13,"turns":7},{"damage":36,"enemies":"The Guardian","floor":16,"turns":13},{"damage":14,"enemies":"Spheric Guardian","floor":18,"turns":5},{"damage":26,"enemies":"Shell Parasite","floor":20,"turns":5},{"damage":33,"enemies":"Colosseum Slavers","floor":21,"turns":6},{"damage":32,"enemies":"Slavers","floor":24,"turns":2}],"seed_played":"-2572771447491338023","potions_obtained":[{"floor":1.0,"key":"SkillPotion"},{"floor":4,"key":"Energy Potion"},{"floor":7,"key":"PowerPotion"},{"floor":16,"key":"FearPotion"},{"floor":18,"key":"GamblersBrew"}],"is_trial":false,"path_per_floor":["M","?","?","M","M","R","M","R","T","M","M","?","E","$","R","B",null,"M","$","M","?","?","R","E"],"character_chosen":"IRONCLAD","items_purchased":["Discovery","Shrug It Off"],"campfire_rested":1,"item_purchase_floors":[14,19],"current_hp_per_floor":[72,65,65,64,64,64,70,70,70,71,75,75,56,56,56,26,63,55,55,35,8,8,30,0],"gold":62,"neow_bonus":"ONE_RARE_RELIC","is_prod":false,"is_daily":false,"chose_seed":false,"campfire_upgraded":3,"win_rate":0,"timestamp":1550038837,"path_taken":["M","?","?","M","M","R","?","R","T","M","M","?","E","$","R","BOSS","M","$","?","?","?","R","E"],"build_version":"2019-01-23","purchased_purges":1,"victory":false,"max_hp_per_floor":[75,75,75,75,75,75,75,75,75,75,75,75,75,75,75,75,75,75,75,75,75,75,75,75],"card_choices":[{"not_picked":["Infernal Blade","Body Slam"],"picked":"Armaments","floor":1.0},{"not_picked":["Heavy Blade","Warcry"],"picked":"True Grit","floor":4},{"not_picked":["Warcry","Burning Pact"],"picked":"Headbutt","floor":5},{"not_picked":["Combust","Limit Break"],"picked":"Clothesline","floor":7},{"not_picked":["Rupture","Warcry","Anger"],"picked":"SKIP","floor":10},{"not_picked":["Wild Strike","Flex","Clash"],"picked":"SKIP","floor":11},{"not_picked":["Clash","Perfected Strike","Anger"],"picked":"SKIP","floor":13},{"not_picked":["Impervious","Reaper"],"picked":"Immolate","floor":16},{"not_picked":["Entrench","Perfected Strike"],"picked":"Dual Wield","floor":18},{"not_picked":["Clash","Twin Strike","Pommel Strike"],"picked":"SKIP","floor":20}],"player_experience":721805,"relics_obtained":[{"floor":9,"key":"Bronze Scales"},{"floor":13,"key":"Omamori"}],"event_choices":[{"cards_removed":["Strike_R"],"damage_healed":0,"gold_gain":0,"player_choice":"Card Removal","damage_taken":7,"max_hp_gain":0,"max_hp_loss":0,"event_name":"Golden Wing","floor":2,"gold_loss":0},{"damage_healed":0,"gold_gain":0,"player_choice":"0 cards matched","damage_taken":0,"max_hp_gain":0,"max_hp_loss":0,"event_name":"Match and Keep!","floor":3,"gold_loss":0,"cards_obtained":[]},{"cards_removed":["Strike_R"],"damage_healed":0,"gold_gain":0,"player_choice":"Purged","damage_taken":0,"max_hp_gain":0,"max_hp_loss":0,"event_name":"Purifier","floor":12,"gold_loss":0},{"damage_healed":0,"gold_gain":0,"player_choice":"Fight","damage_taken":0,"max_hp_gain":0,"max_hp_loss":0,"event_name":"Colosseum","floor":21,"gold_loss":0},{"damage_healed":0,"gold_gain":0,"player_choice":"Fled From Nobs","damage_taken":0,"max_hp_gain":0,"max_hp_loss":0,"event_name":"Colosseum","floor":21,"gold_loss":0},{"damage_healed":0,"gold_gain":0,"cards_transformed":["Defend_R"],"player_choice":"Transformed","damage_taken":0,"max_hp_gain":0,"max_hp_loss":0,"event_name":"Transmorgrifier","floor":22,"gold_loss":0,"cards_obtained":["Sever Soul"]}],"is_beta":false,"boss_relics":[{"not_picked":["Busted Crown","Runic Pyramid"],"picked":"Astrolabe"}],"items_purged_floors":[19],"is_endless":false,"potions_floor_spawned":[1,4,7,16,18],"killed_by":"Slavers","ascension_level":20}