{"gold_per_floor":[109,109,122,141,66,92,105,105],"floor_reached":8,"playtime":316,"items_purged":["Strike_R"],"score":58,"play_id":"f8c7dba0-7978-44b6-b4da-c1a51a39e7e0","local_time":"20190101210234","is_ascension_mode":false,"campfire_choices":[],"neow_cost":"NONE","seed_source_timestamp":641407534237620,"circlet_count":0,"master_deck":["Strike_R","Strike_R","Strike_R","Strike_R","Defend_R","Defend_R","Defend_R","Defend_R","Bash","Armaments","True Grit"],"relics":["Burning Blood","NeowsBlessing","Darkstone Periapt"],"potions_floor_usage":[6,6,6,8],"damage_taken":[{"damage":0,"enemies":"Small Slimes","floor":1,"turns":1},{"damage":0,"enemies":"Cultist","floor":3,"turns":1},{"damage":0,"enemies":"Jaw Worm","floor":4,"turns":1},{"damage":40,"enemies":"Lagavulin","floor":6,"turns":6},{"damage":2,"enemies":"Blue Slaver","floor":7,"turns":6},{"damage":35,"enemies":"3 Sentries","floor":8,"turns":5}],"seed_played":"-6812096974259287094","potions_obtained":[{"floor":1,"key":"FearPotion"},{"floor":2,"key":"Regen Potion"},{"floor":2,"key":"LiquidBronze"},{"floor":6,"key":"Block Potion"},{"floor":7,"key":"PowerPotion"}],"is_trial":false,"path_per_floor":["M","?","M","M","$","E","M","E"],"character_chosen":"IRONCLAD","items_purchased":[],"campfire_rested":0,"item_purchase_floors":[],"current_hp_per_floor":[80,80,80,80,80,55,59,24],"gold":105,"neow_bonus":"THREE_ENEMY_KILL","is_prod":false,"is_daily":false,"chose_seed":false,"campfire_upgraded":0,"win_rate":0,"timestamp":1546394554,"path_taken":["M","?","M","?","$","E","M","E"],"build_version":"2018-12-20","purchased_purges":1,"victory":false,"max_hp_per_floor":[80,80,80,80,80,80,80,80],"card_choices":[{"not_picked":["Searing Blow","Anger","Wild Strike"],"picked":"SKIP","floor":1},{"not_picked":["Rampage","Disarm"],"picked":"Armaments","floor":3},{"not_picked":["Shockwave","Sever Soul","Rupture"],"picked":"SKIP","floor":4},{"not_picked":["Dropkick","Sword Boomerang"],"picked":"True Grit","floor":6},{"not_picked":["Wild Strike","Reckless Charge","Hemokinesis"],"picked":"SKIP","floor":7},{"not_picked":["Wild Strike","Reckless Charge","Hemokinesis"],"picked":"SKIP","floor":7}],"player_experience":388170,"relics_obtained":[{"floor":6,"key":"Darkstone Periapt"}],"event_choices":[{"damage_healed":0,"gold_gain":0,"player_choice":"Got Potions","damage_taken":0,"max_hp_gain":0,"max_hp_loss":0,"event_name":"Lab","floor":2,"gold_loss":0}],"is_beta":false,"boss_relics":[],"items_purged_floors":[5],"is_endless":false,"potions_floor_spawned":[1,6,7],"killed_by":"3 Sentries","ascension_level":0}