{"path_per_floor":["M","$","?","M","M","E","M","M","T","M","R","$","?","$","R","B",null,"M","?","?","M","M","$","R","M","T","?","?"],"character_chosen":"THE_SILENT","items_purchased":["Whetstone","Catalyst","Boot","Flying Knee"],"gold_per_floor":[115,40,5,18,34,60,76,93,171,182,182,27,102,66,66,161,191,201,201,201,218,234,35,35,47,47,47,47,47],"floor_reached":29,"campfire_rested":3,"playtime":1184,"item_purchase_floors":[12,14,23,23],"current_hp_per_floor":[65,65,70,64,61,27,18,14,14,11,32,32,21,21,42,54,75,65,65,59,15,6,6,28,5,5,5,5,0],"items_purged":["Normality"],"gold":47,"score":225,"play_id":"eed5bb0c-65ff-41fe-bfde-ecdfae125af3","local_time":"20180624201817","is_prod":false,"is_daily":false,"chose_seed":false,"is_ascension_mode":false,"campfire_upgraded":0,"win_rate":0,"timestamp":1529835497,"campfire_choices":[{"floor":11,"key":"REST"},{"floor":15,"key":"REST"},{"floor":24,"key":"REST"}],"path_taken":["M","?","?","M","M","E","?","?","T","M","R","$","?","$","R","BOSS","M","?","?","M","?","$","R","M","T","?","?","M"],"build_version":"2018-06-21","seed_source_timestamp":12808221327655,"purchased_purges":1,"circlet_count":0,"victory":false,"master_deck":["Defend_G","Defend_G","Defend_G","Defend_G","Defend_G","Strike_G","Strike_G","Strike_G","Strike_G+1","Strike_G","Survivor","Neutralize","Doubt","Regret","Sucker Punch","Deadly Poison","Dash+1","Deadly Poison","Dagger Spray+1","Deadly Poison","Catalyst","Die Die Die","Backflip","Dodge and Roll+1","RitualDagger","Poisoned Stab","Flying Knee","Backstab"],"max_hp_per_floor":[70,70,70,70,70,70,70,70,70,70,70,70,70,70,70,70,75,75,75,75,75,75,75,75,75,75,75,75,75],"relics":["Calling Bell","Art of War","Question Card","Torii","Matryoshka","Orichalcum","Pantograph","Whetstone","Tiny House","Boot","Snake Skull","Bottled Lightning"],"card_choices":[{"not_picked":["PiercingWail","Catalyst","Endless Agony"],"picked":"Sucker Punch","floor":1},{"not_picked":["Quick Slash","Underhanded Strike","Setup","Endless Agony"],"picked":"SKIP","floor":4},{"not_picked":["Acrobatics","Flying Knee","Deadly Poison","Blade Dance"],"picked":"SKIP","floor":5},{"not_picked":["Acrobatics","Flying Knee","Blade Dance"],"picked":"Deadly Poison","floor":5},{"not_picked":["Outmaneuver","Deflect","Prepared"],"picked":"Dash","floor":6},{"not_picked":["PiercingWail","Slice","Sucker Punch"],"picked":"Deadly Poison","floor":7},{"not_picked":["Outmaneuver","Quick Slash","Blur"],"picked":"Dagger Spray","floor":8},{"not_picked":["Terror","Bullet Time","All Out Attack"],"picked":"Deadly Poison","floor":10},{"not_picked":["Phantasmal Killer","Tools of the Trade","Storm of Steel"],"picked":"Die Die Die","floor":16},{"not_picked":["Quick Slash","Distraction","Prepared"],"picked":"Backflip","floor":17},{"not_picked":["Escape Plan","Dagger Spray","Malaise+1"],"picked":"Dodge and Roll+1","floor":18},{"not_picked":["Bane","Setup+1","Predator"],"picked":"Poisoned Stab","floor":21},{"not_picked":["Escape Plan","Bane+1","Dodge and Roll","Reflex"],"picked":"SKIP","floor":22},{"not_picked":["Dagger Spray","Catalyst","Dagger Throw"],"picked":"Backstab","floor":25}],"player_experience":458879,"potions_floor_usage":[8,10,18,22,25],"damage_taken":[{"damage":5,"enemies":"Cultist","floor":1,"turns":6},{"damage":6,"enemies":"Jaw Worm","floor":4,"turns":5},{"damage":3,"enemies":"2 Louse","floor":5,"turns":3},{"damage":34,"enemies":"Gremlin Nob","floor":6,"turns":6},{"damage":9,"enemies":"Exordium Wildlife","floor":7,"turns":5},{"damage":4,"enemies":"Lots of Slimes","floor":8,"turns":7},{"damage":3,"enemies":"Looter","floor":10,"turns":3},{"damage":13,"enemies":"Hexaghost","floor":16,"turns":10},{"damage":10,"enemies":"Shell Parasite","floor":18,"turns":6},{"damage":44,"enemies":"3 Byrds","floor":21,"turns":8},{"damage":9,"enemies":"Cultist and Chosen","floor":22,"turns":7},{"damage":23,"enemies":"Snecko","floor":25,"turns":7},{"damage":5,"enemies":"Chosen and Byrds","floor":29,"turns":2}],"relics_obtained":[{"floor":0,"key":"Art of War"},{"floor":0,"key":"Question Card"},{"floor":0,"key":"Torii"},{"floor":6,"key":"Matryoshka"},{"floor":9,"key":"Orichalcum"},{"floor":9,"key":"Pantograph"},{"floor":26,"key":"Snake Skull"},{"floor":26,"key":"Bottled Lightning"}],"event_choices":[{"event_name":"The Cleric","player_choice":"Healed","floor":3,"damage_taken":0},{"event_name":"World of Goop","player_choice":"Gather Gold","floor":13,"damage_taken":0},{"event_name":"Drug Dealer","player_choice":"Ignored","floor":19,"damage_taken":0},{"event_name":"Nest","player_choice":"Joined the Cult","floor":20,"damage_taken":0},{"event_name":"Addict","player_choice":"Ignored","floor":27,"damage_taken":0},{"event_name":"Ghosts","player_choice":"Ignored","floor":28,"damage_taken":0}],"boss_relics":[{"not_picked":["Astrolabe","Snecko Eye"],"picked":"Tiny House"}],"items_purged_floors":[2],"is_endless":true,"potions_floor_spawned":[6,8,18,22],"seed_played":"2691594505134934066","killed_by":"Chosen and Byrds","ascension_level":0,"potions_obtained":[{"floor":6,"key":"SkillPotion"},{"floor":8,"key":"LiquidBronze"},{"floor":17,"key":"Block Potion"},{"floor":18,"key":"SneckoOil"},{"floor":22,"key":"AttackPotion"}],"is_trial":false}