{"gold_per_floor":[113,113,131,131,131,163,163,176,200,226,241,241,255,275,275,372,372,389,78,0,18,32,64,78,78,78,113,124,124,124,139,139,238,238,257,257,0,15,27,52,52,52],"floor_reached":42,"playtime":2649,"items_purged":[],"score":744,"play_id":"2d152121-e0cf-4085-aaa6-a00f8f34a032","local_time":"20190306064031","is_ascension_mode":true,"campfire_choices":[{"data":"Cleave","floor":7,"key":"SMITH"},{"data":"Clothesline","floor":12,"key":"SMITH"},{"data":"Inflame","floor":15,"key":"SMITH"},{"floor":25,"key":"REST"},{"floor":29,"key":"REST"},{"floor":32,"key":"REST"}],"neow_cost":"NONE","seed_source_timestamp":14219234962117,"circlet_count":0,"master_deck":["AscendersBane","Strike_R","Strike_R","Strike_R","Strike_R","Defend_R","Defend_R","Defend_R","Defend_R","Bash+1","Cleave+1","Twin Strike","Ghostly Armor","Clothesline+1","Inflame+1","Metallicize","Clothesline+1","Writhe","Parasite"],"relics":["Burning Blood","PreservedInsect","Dream Catcher","Omamori","Lantern","Busted Crown","Incense Burner","Ancient Tea Set","Gremlin Horn","Paper Frog","Calling Bell","Centennial Puzzle","Pantograph","Turnip","Red Mask","Dodecahedron","FaceOfCleric"],"potions_floor_usage":[6,10,10,14,16,24,28,31,31],"damage_taken":[{"damage":11,"enemies":"2 Louse","floor":1,"turns":3},{"damage":5,"enemies":"Small Slimes","floor":3,"turns":3},{"damage":23,"enemies":"Lagavulin","floor":6,"turns":7},{"damage":1,"enemies":"Cultist","floor":8,"turns":3},{"damage":10,"enemies":"3 Sentries","floor":10,"turns":4},{"damage":1,"enemies":"2 Fungi Beasts","floor":11,"turns":3},{"damage":4,"enemies":"Red Slaver","floor":13,"turns":4},{"damage":0,"enemies":"Exordium Wildlife","floor":14,"turns":4},{"damage":27,"enemies":"The Guardian","floor":16,"turns":11},{"damage":2,"enemies":"Chosen","floor":18,"turns":3},{"damage":17,"enemies":"3 Byrds","floor":21,"turns":5},{"damage":25,"enemies":"Centurion and Healer","floor":22,"turns":6},{"damage":9,"enemies":"Slavers","floor":23,"turns":4},{"damage":31,"enemies":"Shelled Parasite and Fungi","floor":24,"turns":5},{"damage":8,"enemies":"Gremlin Leader","floor":27,"turns":4},{"damage":10,"enemies":"Cultist and Chosen","floor":28,"turns":6},{"damage":10,"enemies":"Centurion and Healer","floor":31,"turns":6},{"damage":69,"enemies":"Champ","floor":33,"turns":11},{"damage":13,"enemies":"Orb Walker","floor":35,"turns":5},{"damage":0,"enemies":"3 Shapes","floor":38,"turns":5},{"damage":48,"enemies":"Writhing Mass","floor":39,"turns":9},{"damage":20,"enemies":"Nemesis","floor":40,"turns":9},{"damage":1,"enemies":"Jaw Worm Horde","floor":42,"turns":2}],"seed_played":"-8372771729771330266","potions_obtained":[{"floor":3,"key":"Poison Potion"},{"floor":5,"key":"Poison Potion"},{"floor":5,"key":"SkillPotion"},{"floor":5,"key":"EntropicBrew"},{"floor":10,"key":"Block Potion"},{"floor":11,"key":"Poison Potion"},{"floor":13,"key":"Block Potion"},{"floor":16,"key":"GamblersBrew"},{"floor":22,"key":"Ancient Potion"},{"floor":28,"key":"Block Potion"},{"floor":31,"key":"Fruit Juice"},{"floor":40,"key":"SteroidPotion"}],"is_trial":false,"path_per_floor":["M","?","M","?","?","E","R","M","T","E","M","R","M","M","R","B",null,"M","$","?","M","M","E","M","R","T","E","M","R","?","M","R","B",null,"M","?","?","M","M","E","?","M"],"character_chosen":"IRONCLAD","items_purchased":["Incense Burner"],"campfire_rested":3,"item_purchase_floors":[19],"current_hp_per_floor":[67,60,61,61,61,44,44,49,49,45,50,50,52,58,58,37,69,73,73,73,62,43,40,15,39,39,37,33,57,57,58,83,20,69,62,62,62,68,26,12,12,11],"gold":52,"neow_bonus":"RANDOM_COMMON_RELIC","is_prod":false,"is_daily":false,"chose_seed":false,"campfire_upgraded":3,"win_rate":0,"timestamp":1551876031,"path_taken":["M","?","M","?","?","E","R","M","T","E","M","R","M","M","R","BOSS","M","$","?","M","M","E","M","R","T","E","M","R","?","M","R","BOSS","M","?","?","?","?","E","?","?"],"build_version":"2019-01-23","purchased_purges":0,"victory":false,"max_hp_per_floor":[80,80,80,80,80,80,80,80,80,80,80,80,80,80,80,80,80,80,80,80,80,80,80,80,80,80,80,80,80,80,85,85,85,85,85,85,85,85,85,85,85,85],"card_choices":[{"not_picked":["Thunderclap","Fire Breathing"],"picked":"Cleave","floor":1},{"not_picked":["Perfected Strike","Sentinel"],"picked":"Twin Strike","floor":3},{"not_picked":["Heavy Blade","Combust","Body Slam"],"picked":"SKIP","floor":6},{"not_picked":["Heavy Blade","Combust","Body Slam"],"picked":"SKIP","floor":6},{"not_picked":["Pummel","Combust"],"picked":"Ghostly Armor","floor":8},{"not_picked":["Dark Embrace","Power Through","Warcry"],"picked":"SKIP","floor":10},{"not_picked":["Clash","Disarm"],"picked":"Clothesline","floor":11},{"not_picked":["Twin Strike","Thunderclap","Wild Strike"],"picked":"SKIP","floor":13},{"not_picked":["Anger","Cleave"],"picked":"Inflame","floor":14},{"not_picked":["Flex"],"picked":"SKIP","floor":18},{"not_picked":[],"picked":"Metallicize","floor":21},{"not_picked":[],"picked":"Clothesline+1","floor":22},{"not_picked":["Sentinel"],"picked":"SKIP","floor":23},{"not_picked":["Thunderclap+1"],"picked":"SKIP","floor":24},{"not_picked":["Dual Wield"],"picked":"SKIP","floor":27},{"not_picked":["Power Through"],"picked":"SKIP","floor":28},{"not_picked":["Thunderclap"],"picked":"SKIP","floor":31},{"not_picked":["Ghostly Armor"],"picked":"SKIP","floor":35},{"not_picked":["Warcry"],"picked":"SKIP","floor":38},{"not_picked":["Headbutt+1"],"picked":"SKIP","floor":39},{"not_picked":["Anger"],"picked":"SKIP","floor":40}],"player_experience":208416,"relics_obtained":[{"floor":6,"key":"Dream Catcher"},{"floor":9,"key":"Omamori"},{"floor":10,"key":"Lantern"},{"floor":23,"key":"Ancient Tea Set"},{"floor":26,"key":"Gremlin Horn"},{"floor":27,"key":"Paper Frog"},{"floor":34,"key":"Centennial Puzzle"},{"floor":34,"key":"Pantograph"},{"floor":34,"key":"Turnip"},{"floor":40,"key":"Dodecahedron"}],"event_choices":[{"cards_removed":["Strike_R"],"damage_healed":0,"gold_gain":0,"player_choice":"Card Removal","damage_taken":7,"max_hp_gain":0,"max_hp_loss":0,"event_name":"Golden Wing","floor":2,"gold_loss":0},{"damage_healed":0,"gold_gain":0,"player_choice":"Grow","damage_taken":0,"max_hp_gain":0,"max_hp_loss":0,"event_name":"Living Wall","floor":4,"gold_loss":0,"cards_upgraded":["Bash"]},{"damage_healed":0,"gold_gain":0,"player_choice":"Got Potions","damage_taken":0,"max_hp_gain":0,"max_hp_loss":0,"event_name":"Lab","floor":5,"gold_loss":0},{"damage_healed":0,"gold_gain":0,"player_choice":"Paid Fearfully","damage_taken":0,"max_hp_gain":0,"max_hp_loss":0,"event_name":"Masked Bandits","floor":20,"gold_loss":78},{"damage_healed":0,"gold_gain":0,"player_choice":"0 cards matched","damage_taken":0,"max_hp_gain":0,"max_hp_loss":0,"event_name":"Match and Keep!","floor":30,"gold_loss":0,"cards_obtained":[]},{"damage_healed":0,"gold_gain":0,"player_choice":"Memory 1","damage_taken":0,"max_hp_gain":0,"max_hp_loss":0,"event_name":"SensoryStone","floor":36,"gold_loss":0},{"damage_healed":0,"gold_gain":0,"player_choice":"Paid","damage_taken":0,"relics_obtained":["Red Mask"],"max_hp_gain":0,"max_hp_loss":0,"event_name":"Tomb of Lord Red Mask","floor":37,"gold_loss":257},{"damage_healed":0,"gold_gain":0,"player_choice":"Trade","damage_taken":0,"relics_obtained":["FaceOfCleric"],"max_hp_gain":0,"max_hp_loss":0,"event_name":"FaceTrader","floor":41,"gold_loss":0}],"is_beta":false,"boss_relics":[{"not_picked":["Tiny House","Sozu"],"picked":"Busted Crown"},{"not_picked":["Runic Dome","Mark of Pain"],"picked":"Calling Bell"}],"items_purged_floors":[],"is_endless":false,"potions_floor_spawned":[3,10,11,13,16,22,28,31,40],"killed_by":"Jaw Worm Horde","ascension_level":11}