{"gold_per_floor":[110,124,136,136,136,136,136,136,136,177,9,25,25,25,25,25],"floor_reached":16,"playtime":397,"items_purged":[],"score":196,"play_id":"0c58a5b0-9745-41f4-a846-4127a06461c3","local_time":"20181120223222","is_ascension_mode":true,"campfire_choices":[{"data":"Pommel Strike","floor":6.0,"key":"SMITH"},{"data":"True Grit","floor":8.0,"key":"SMITH"},{"floor":13,"key":"REST"},{"floor":15,"key":"REST"}],"neow_cost":"NONE","seed_source_timestamp":129214781979019,"circlet_count":0,"master_deck":["AscendersBane","Strike_R","Strike_R","Strike_R","Strike_R","Defend_R","Defend_R","Defend_R","Defend_R","Bash","Fire Breathing","Disarm","True Grit+1","Pommel Strike+1","Inflame"],"special_seed":0,"relics":["Burning Blood","Molten Egg 2","Golden Idol","Ornamental Fan","Letter Opener","Orichalcum"],"potions_floor_usage":[10],"damage_taken":[{"damage":7.0,"enemies":"Cultist","floor":1.0,"turns":4.0},{"damage":8.0,"enemies":"Small Slimes","floor":2.0,"turns":3.0},{"damage":1.0,"enemies":"2 Louse","floor":3.0,"turns":4.0},{"damage":36,"enemies":"Lagavulin","floor":10,"turns":7},{"damage":5,"enemies":"Large Slime","floor":12,"turns":7},{"damage":69,"enemies":"The Guardian","floor":16,"turns":12}],"seed_played":"7496695532596660123","potions_obtained":[{"floor":1.0,"key":"Poison Potion"}],"is_trial":false,"path_per_floor":["M","M","M","?","?","R","?","R","T","E","$","M","R","?","R","B"],"character_chosen":"IRONCLAD","items_purchased":["Orichalcum"],"campfire_rested":2,"item_purchase_floors":[11],"current_hp_per_floor":[67,65,70,70,44,44,44,44,44,14,14,15,37,37,59,0],"gold":25,"neow_bonus":"TRANSFORM_CARD","is_prod":false,"is_daily":false,"chose_seed":false,"campfire_upgraded":2,"win_rate":0,"timestamp":1542781942,"path_taken":["M","?","M","?","?","R","?","R","T","E","$","M","R","?","R","BOSS"],"build_version":"2018-11-15","purchased_purges":0,"victory":false,"max_hp_per_floor":[75,75,75,75,75,75,75,75,75,75,75,75,75,75,75,75],"card_choices":[{"not_picked":["Warcry","Flex"],"picked":"Disarm","floor":1.0},{"not_picked":["Havoc","Anger"],"picked":"True Grit","floor":2.0},{"not_picked":["Clash","Thunderclap"],"picked":"Pommel Strike","floor":3.0},{"not_picked":["Searing Blow+1","Armaments"],"picked":"Inflame","floor":10},{"not_picked":["Fire Breathing","Dual Wield","Wild Strike+1"],"picked":"SKIP","floor":12}],"player_experience":660476,"relics_obtained":[{"floor":9.0,"key":"Ornamental Fan"},{"floor":10,"key":"Letter Opener"}],"event_choices":[{"damage_healed":0.0,"max_hp_gain":0.0,"max_hp_loss":0.0,"gold_gain":0.0,"event_name":"Big Fish","player_choice":"Box","floor":4.0,"gold_loss":0.0,"damage_taken":0.0,"relics_obtained":["Molten Egg 2"],"cards_obtained":["Regret"]},{"damage_healed":0.0,"max_hp_gain":0.0,"max_hp_loss":0.0,"gold_gain":0.0,"event_name":"Golden Idol","player_choice":"Take Damage","floor":5.0,"gold_loss":0.0,"damage_taken":26.0,"relics_obtained":["Golden Idol"]},{"cards_removed":["Regret"],"damage_healed":0.0,"max_hp_gain":0.0,"max_hp_loss":0.0,"gold_gain":0.0,"event_name":"Living Wall","player_choice":"Forget","floor":7.0,"gold_loss":0.0,"damage_taken":0.0},{"damage_healed":0,"gold_gain":0,"player_choice":"Leave","damage_taken":0,"max_hp_gain":0,"max_hp_loss":0,"event_name":"The Cleric","floor":14,"gold_loss":0}],"is_beta":false,"boss_relics":[],"items_purged_floors":[],"is_endless":false,"potions_floor_spawned":[1],"killed_by":"The Guardian","ascension_level":20}