{"gold_per_floor":[119,119,119,135,145,145,163,195,195,195,213,213,213,233,233,328,328,341,341,356,370,385,414,414,434,434,434,11,0,27,47,47,148,148,166,178,8,8,8,27,59,73,73,0,17,17,17,66,66,66,66,66,16,41,41],"floor_reached":55,"playtime":1626,"items_purged":["Body Slam","Feed"],"score":769,"play_id":"a157b619-97e2-4dbe-bf1d-850410053ac0","local_time":"20181204152942","is_ascension_mode":false,"campfire_choices":[{"data":"Armaments","floor":6,"key":"SMITH"},{"data":"Perfected Strike","floor":10,"key":"SMITH"},{"data":"Perfected Strike","floor":15,"key":"SMITH"},{"data":"Perfected Strike","floor":24,"key":"SMITH"},{"floor":27,"key":"REST"},{"data":"Mayhem","floor":32,"key":"SMITH"},{"floor":46,"key":"RECALL"},{"floor":49,"key":"DIG"},{"floor":52,"key":"DIG"}],"neow_cost":"NONE","seed_source_timestamp":268941161282278,"circlet_count":0,"master_deck":["Strike_R","Strike_R","Strike_R","Strike_R","Strike_R","Defend_R","Defend_R","Defend_R","Defend_R","Bash","Offering","Armaments+1","Shrug It Off","Perfected Strike+1","Perfected Strike+1","Twin Strike","Wild Strike","Second Wind+1","Perfected Strike+1","Dual Wield","Mayhem+1","Perfected Strike","Pommel Strike+1","Headbutt+1","Twin Strike","Evolve","Thunderclap+1","Metallicize","Metallicize"],"relics":["Burning Blood","Centennial Puzzle","Sundial","Cursed Key","Bottled Lightning","Paper Frog","Smiling Mask","Velvet Choker","Pen Nib","Red Mask","Shovel","Gambling Chip","Pantograph","WingedGreaves"],"potions_floor_usage":[30,33,41,41,55],"damage_taken":[{"damage":7,"enemies":"Jaw Worm","floor":1,"turns":3},{"damage":5,"enemies":"Small Slimes","floor":4,"turns":4},{"damage":7,"enemies":"Cultist","floor":5,"turns":3},{"damage":8,"enemies":"Looter","floor":7,"turns":3},{"damage":11,"enemies":"Lagavulin","floor":8,"turns":5},{"damage":13,"enemies":"Exordium Wildlife","floor":11,"turns":4},{"damage":11,"enemies":"Exordium Thugs","floor":14,"turns":3},{"damage":31,"enemies":"The Guardian","floor":16,"turns":10},{"damage":8,"enemies":"3 Byrds","floor":18,"turns":5},{"damage":14,"enemies":"Spheric Guardian","floor":20,"turns":5},{"damage":18,"enemies":"Chosen and Byrds","floor":21,"turns":4},{"damage":17,"enemies":"Cultist and Chosen","floor":22,"turns":5},{"damage":39,"enemies":"Slavers","floor":23,"turns":6},{"damage":6,"enemies":"Snake Plant","floor":25,"turns":2},{"damage":24,"enemies":"Book of Stabbing","floor":30,"turns":3},{"damage":11,"enemies":"Centurion and Healer","floor":31,"turns":5},{"damage":52,"enemies":"Collector","floor":33,"turns":6},{"damage":6,"enemies":"3 Darklings","floor":35,"turns":5},{"damage":6,"enemies":"Orb Walker","floor":36,"turns":1},{"damage":17,"enemies":"3 Darklings","floor":40,"turns":4},{"damage":52,"enemies":"Reptomancer","floor":41,"turns":4},{"damage":10,"enemies":"Maw","floor":42,"turns":5},{"damage":11,"enemies":"Jaw Worm Horde","floor":45,"turns":3},{"damage":6,"enemies":"2 Orb Walkers","floor":48,"turns":1},{"damage":62,"enemies":"Donu and Deca","floor":50,"turns":6},{"damage":15,"enemies":"Shield and Spear","floor":54,"turns":3},{"damage":139,"enemies":"The Heart","floor":55,"turns":5}],"seed_played":"6291507877395086918","potions_obtained":[{"floor":5,"key":"Dexterity Potion"},{"floor":7,"key":"Poison Potion"},{"floor":11,"key":"Explosive Potion"},{"floor":22,"key":"SteroidPotion"},{"floor":25,"key":"Regen Potion"},{"floor":35,"key":"Explosive Potion"},{"floor":45,"key":"FairyPotion"},{"floor":48,"key":"Poison Potion"}],"is_trial":false,"path_per_floor":["M","?","?","M","M","R","M","E","T","R","M","?","T","M","R","B",null,"M","T","M","M","M","E","R","M","T","R","$","?","E","M","R","B",null,"M","M","$","?","$","M","E","M","T","?","M","R","?","?","R","B",null,"R","$","E","B"],"character_chosen":"IRONCLAD","items_purchased":["Paper Frog","Mayhem","Twin Strike","Evolve"],"campfire_rested":1,"item_purchase_floors":[28,28,37,37],"current_hp_per_floor":[79,84,84,85,84,84,82,77,77,77,70,63,63,58,58,33,85,86,86,82,74,66,36,36,36,36,66,66,66,48,46,46,15,105,105,105,105,100,100,89,43,39,39,39,37,37,90,90,90,34,90,90,90,81,0],"gold":41,"neow_bonus":"ONE_RANDOM_RARE_CARD","is_prod":false,"is_daily":false,"chose_seed":false,"campfire_upgraded":5,"win_rate":0,"timestamp":1543904982,"path_taken":["M","?","?","?","M","R","M","E","T","R","M","?","?","?","R","BOSS","M","?","?","M","M","E","R","M","T","R","$","?","E","M","R","BOSS","M","M","$","?","$","M","E","M","T","?","M","R","?","?","R","BOSS","R","$","E","BOSS"],"build_version":"2018-11-15","purchased_purges":2,"victory":false,"max_hp_per_floor":[80,85,85,85,85,85,85,85,85,85,85,85,85,85,85,85,85,88,88,92,96,99,102,102,102,102,102,102,102,102,105,105,105,105,105,105,105,100,100,100,100,100,100,100,103,103,90,90,90,90,90,90,90,90,90],"card_choices":[{"not_picked":["Twin Strike","Iron Wave"],"picked":"Armaments","floor":1},{"not_picked":["Warcry","Blood for Blood"],"picked":"Shrug It Off","floor":4},{"not_picked":["Pummel","Sword Boomerang","Evolve"],"picked":"SKIP","floor":5},{"not_picked":["Evolve","Warcry"],"picked":"Clash","floor":7},{"not_picked":["Wild Strike","Exhume"],"picked":"Perfected Strike","floor":8},{"not_picked":["Fire Breathing","Power Through"],"picked":"Body Slam","floor":11},{"not_picked":["Anger","Metallicize"],"picked":"Perfected Strike","floor":14},{"not_picked":["Limit Break","Brutality"],"picked":"Feed","floor":16},{"not_picked":["Second Wind","Blood for Blood+1"],"picked":"Twin Strike","floor":18},{"not_picked":["Blood for Blood+1","Havoc"],"picked":"Wild Strike","floor":20},{"not_picked":["Shockwave","Cleave+1"],"picked":"Second Wind+1","floor":21},{"not_picked":["Seeing Red+1","Burning Pact","Armaments"],"picked":"SKIP","floor":22},{"not_picked":["Impervious","Thunderclap"],"picked":"Perfected Strike","floor":23},{"not_picked":["Bloodletting","Clash"],"picked":"Dual Wield","floor":25},{"not_picked":["Wild Strike","Hemokinesis"],"picked":"Perfected Strike","floor":30},{"not_picked":["Warcry","Shockwave","Twin Strike"],"picked":"SKIP","floor":31},{"not_picked":["Havoc","Headbutt"],"picked":"Pommel Strike+1","floor":35},{"not_picked":["Searing Blow","Shrug It Off+1"],"picked":"Headbutt+1","floor":36},{"not_picked":["Disarm+1","Iron Wave+1"],"picked":"Thunderclap+1","floor":40},{"not_picked":["Second Wind+1","Blood for Blood"],"picked":"Metallicize","floor":41},{"not_picked":["Body Slam+1","Flame Barrier","Cleave"],"picked":"SKIP","floor":42},{"not_picked":["Brutality","Shrug It Off"],"picked":"Metallicize","floor":45},{"not_picked":["Dual Wield","Whirlwind+1","Clash+1"],"picked":"SKIP","floor":54}],"player_experience":741764,"relics_obtained":[{"floor":8,"key":"Centennial Puzzle"},{"floor":13,"key":"Sundial"},{"floor":23,"key":"Bottled Lightning"},{"floor":30,"key":"Smiling Mask"},{"floor":41,"key":"Pen Nib"},{"floor":48,"key":"Shovel"},{"floor":49,"key":"Gambling Chip"},{"floor":52,"key":"Pantograph"},{"floor":54,"key":"WingedGreaves"}],"event_choices":[{"damage_healed":0,"gold_gain":0,"player_choice":"Donut","damage_taken":0,"max_hp_gain":5,"max_hp_loss":0,"event_name":"Big Fish","floor":2,"gold_loss":0},{"damage_healed":0,"gold_gain":0,"player_choice":"0 cards matched","damage_taken":0,"max_hp_gain":0,"max_hp_loss":0,"event_name":"Match and Keep!","floor":3,"gold_loss":0,"cards_obtained":[]},{"cards_removed":["Clash"],"damage_healed":0,"gold_gain":0,"player_choice":"Card Removal","damage_taken":7,"max_hp_gain":0,"max_hp_loss":0,"event_name":"Golden Wing","floor":12,"gold_loss":0},{"damage_healed":0,"gold_gain":0,"player_choice":"Paid Fearfully","damage_taken":0,"max_hp_gain":0,"max_hp_loss":0,"event_name":"Masked Bandits","floor":29,"gold_loss":11},{"damage_healed":0,"gold_gain":0,"player_choice":"Max HP","damage_taken":0,"max_hp_gain":0,"max_hp_loss":5,"event_name":"Winding Halls","floor":38,"gold_loss":0},{"damage_healed":0,"gold_gain":0,"player_choice":"Paid","damage_taken":0,"relics_obtained":["Red Mask"],"max_hp_gain":0,"max_hp_loss":0,"event_name":"Tomb of Lord Red Mask","floor":44,"gold_loss":73},{"damage_healed":90,"gold_gain":0,"player_choice":"Heal","damage_taken":0,"max_hp_gain":0,"max_hp_loss":13,"event_name":"The Moai Head","floor":47,"gold_loss":0},{"damage_healed":0,"gold_gain":0,"player_choice":"Fight","damage_taken":0,"max_hp_gain":0,"max_hp_loss":0,"event_name":"Mysterious Sphere","floor":48,"gold_loss":0}],"is_beta":false,"boss_relics":[{"not_picked":["Pandora\u0027s Box","Runic Pyramid"],"picked":"Cursed Key"},{"not_picked":["Tiny House","Black Star"],"picked":"Velvet Choker"}],"items_purged_floors":[37,53],"is_endless":false,"potions_floor_spawned":[5,7,11,18,22,25,35,45,48],"killed_by":"The Heart","ascension_level":0}