{"gold_per_floor":[209,222,47,47,47,77,77,91,91,108,108,126,140,151,151,253,303,316,316,316,29,29,29,29],"floor_reached":24,"playtime":1123,"items_purged":[],"score":206,"play_id":"c9c129cb-c6c6-40a2-a858-aa7e6704bf73","local_time":"20190303203056","is_ascension_mode":true,"campfire_choices":[{"floor":15,"key":"REST"},{"data":"Perfected Strike","floor":23,"key":"SMITH"}],"neow_cost":"NONE","seed_source_timestamp":7766170812103,"circlet_count":0,"master_deck":["Strike_R","Strike_R+1","Strike_R","Strike_R","Strike_R","Bash","Perfected Strike+1","Fire Breathing","Mayhem+1","Pommel Strike","Perfected Strike","Disarm","Pommel Strike+1","Burning Pact","Whirlwind","Reaper","Pummel","Shrug It Off","Combust"],"relics":["Burning Blood","Pen Nib","Kunai","Tiny House","Enchiridion","Ginger"],"potions_floor_usage":[14,14,17,18],"damage_taken":[{"damage":10,"enemies":"2 Louse","floor":1,"turns":2},{"damage":11,"enemies":"Jaw Worm","floor":2,"turns":3},{"damage":31,"enemies":"Lagavulin","floor":6,"turns":4},{"damage":0,"enemies":"Small Slimes","floor":8,"turns":3},{"damage":12,"enemies":"Blue Slaver","floor":10,"turns":5},{"damage":11,"enemies":"Exordium Wildlife","floor":12,"turns":3},{"damage":10,"enemies":"Looter","floor":13,"turns":3},{"damage":9,"enemies":"3 Louse","floor":14,"turns":3},{"damage":12,"enemies":"Hexaghost","floor":16,"turns":10},{"damage":26,"enemies":"2 Thieves","floor":18,"turns":4},{"damage":56,"enemies":"Slavers","floor":24,"turns":3}],"seed_played":"427402469690727472","potions_obtained":[{"floor":1,"key":"Dexterity Potion"},{"floor":6,"key":"Energy Potion"},{"floor":12,"key":"Block Potion"},{"floor":14,"key":"AttackPotion"},{"floor":17,"key":"Fruit Juice"}],"is_trial":false,"path_per_floor":["M","M","$","?","?","E","?","M","T","M","$","M","M","M","R","B",null,"M","?","?","$","?","R","E"],"character_chosen":"IRONCLAD","items_purchased":["Mayhem","Ginger"],"campfire_rested":1,"item_purchase_floors":[3,21],"current_hp_per_floor":[76,71,71,55,55,30,23,29,29,23,23,18,14,11,35,29,90,70,70,54,54,54,54,0],"gold":29,"neow_bonus":"HUNDRED_GOLD","is_prod":false,"is_daily":false,"chose_seed":false,"campfire_upgraded":1,"win_rate":0,"timestamp":1551612656,"path_taken":["M","M","$","?","?","E","?","M","T","M","?","M","?","M","R","BOSS","M","?","?","$","?","R","E"],"build_version":"2019-01-23","purchased_purges":0,"victory":false,"max_hp_per_floor":[80,80,80,80,80,80,80,80,80,80,80,80,80,80,80,80,90,90,90,90,90,90,90,90],"card_choices":[{"not_picked":["Evolve","Pommel Strike"],"picked":"Perfected Strike","floor":1},{"not_picked":["Anger","Hemokinesis"],"picked":"Fire Breathing","floor":2},{"not_picked":["Armaments","Clothesline"],"picked":"Pommel Strike","floor":6},{"not_picked":["Rupture","Body Slam"],"picked":"Perfected Strike","floor":8},{"not_picked":["Heavy Blade","Pummel"],"picked":"Disarm","floor":10},{"not_picked":["Iron Wave","Reckless Charge"],"picked":"Pommel Strike","floor":12},{"not_picked":["Sword Boomerang","Immolate"],"picked":"Burning Pact","floor":13},{"not_picked":["Shrug It Off","Cleave"],"picked":"Whirlwind","floor":14},{"not_picked":["Brutality","Demon Form"],"picked":"Reaper","floor":16},{"not_picked":["True Grit","Shrug It Off"],"picked":"Pummel","floor":17},{"not_picked":["Flex","Clothesline","Anger"],"picked":"SKIP","floor":18}],"player_experience":32599,"relics_obtained":[{"floor":6,"key":"Pen Nib"},{"floor":9,"key":"Kunai"},{"floor":20,"key":"Enchiridion"}],"event_choices":[{"damage_healed":0,"gold_gain":0,"player_choice":"Entered Light","damage_taken":16,"max_hp_gain":0,"max_hp_loss":0,"event_name":"Shining Light","floor":4,"gold_loss":0,"cards_upgraded":["Strike_R","Mayhem"]},{"damage_healed":0,"gold_gain":0,"player_choice":"Ignored","damage_taken":0,"max_hp_gain":0,"max_hp_loss":0,"event_name":"Liars Game","floor":5,"gold_loss":0},{"cards_removed":["Defend_R"],"damage_healed":0,"gold_gain":0,"player_choice":"Card Removal","damage_taken":7,"max_hp_gain":0,"max_hp_loss":0,"event_name":"Golden Wing","floor":7,"gold_loss":0},{"damage_healed":0,"gold_gain":0,"cards_transformed":["Defend_R","Defend_R"],"player_choice":"Became Test Subject","damage_taken":0,"max_hp_gain":0,"max_hp_loss":0,"event_name":"Drug Dealer","floor":19,"gold_loss":0,"cards_obtained":["Shrug It Off","Combust"]},{"damage_healed":0,"gold_gain":0,"player_choice":"Obtained Book","damage_taken":16,"max_hp_gain":0,"max_hp_loss":0,"event_name":"Cursed Tome","floor":20,"gold_loss":0},{"cards_removed":["Defend_R"],"damage_healed":0,"gold_gain":0,"player_choice":"Elegance","damage_taken":0,"max_hp_gain":0,"max_hp_loss":0,"event_name":"Back to Basics","floor":22,"gold_loss":0}],"is_beta":false,"boss_relics":[{"not_picked":["Empty Cage","Black Star"],"picked":"Tiny House"}],"items_purged_floors":[],"is_endless":false,"potions_floor_spawned":[1,6,12,13,14],"killed_by":"Slavers","ascension_level":1}