{"gold_per_floor":[115,40,56,71,91,91,123,123,123,142,142,42,42,105,105,209,209,221,233,9,20,39,39,39,52,52,52,62,62,77,96,96,191,191,207,562,562,178,191,226,226,150,150,167,167,14,30,48,48,48,48,48,0,31,31],"floor_reached":55,"playtime":4981,"items_purged":["Strike_B","Strike_B","Defend_B"],"score":988,"play_id":"05248ade-85d2-45eb-b0f2-9255c72c2155","local_time":"20181119054137","is_ascension_mode":true,"campfire_choices":[{"data":"Zap","floor":6,"key":"SMITH"},{"data":"Defend_B","floor":8,"key":"PURGE"},{"floor":13,"key":"REST"},{"data":"Defend_B","floor":15,"key":"PURGE"},{"data":"Strike_B","floor":23,"key":"PURGE"},{"data":"Defend_B","floor":27,"key":"PURGE"},{"data":"Strike_B","floor":32,"key":"PURGE"},{"floor":45,"key":"RECALL"},{"data":"Seek","floor":49,"key":"SMITH"},{"data":"Biased Cognition","floor":52,"key":"SMITH"}],"neow_cost":"NONE","seed_source_timestamp":230673698931664,"circlet_count":0,"master_deck":["Zap+1","Finesse","Cold Snap+1","Cold Snap","Glacier","Conserve Battery","Ball Lightning+1","Core Surge","Go for the Eyes","Conserve Battery","BootSequence","Biased Cognition+1","Coolheaded+1","RitualDagger","Capacitor","Seek+1","Chaos+1","Rebound+1","Self Repair","Master of Strategy","Cold Snap+1","BootSequence+1","All For One","Blizzard+1","Electrodynamics","Chill","Creative AI","Consume+1"],"relics":["Cracked Core","Peace Pipe","Turnip","Thread and Needle","Coffee Dripper","Blood Vial","Strawberry","Inserter","Old Coin","Mercury Hourglass","Toxic Egg 2"],"potions_floor_usage":[7,16,19,19,21,28,31,36,44,54,55,55],"damage_taken":[{"damage":1,"enemies":"Cultist","floor":1,"turns":3},{"damage":1,"enemies":"Small Slimes","floor":3,"turns":3},{"damage":5,"enemies":"Jaw Worm","floor":4,"turns":3},{"damage":0,"enemies":"Large Slime","floor":5,"turns":4},{"damage":17,"enemies":"Gremlin Nob","floor":7,"turns":4},{"damage":6,"enemies":"Exordium Wildlife","floor":10,"turns":5},{"damage":4,"enemies":"3 Sentries","floor":14,"turns":8},{"damage":7,"enemies":"Hexaghost","floor":16,"turns":10},{"damage":0,"enemies":"Spheric Guardian","floor":18,"turns":3},{"damage":0,"enemies":"3 Byrds","floor":19,"turns":5},{"damage":0,"enemies":"Snecko","floor":21,"turns":6},{"damage":0,"enemies":"Snake Plant","floor":22,"turns":5},{"damage":9,"enemies":"Centurion and Healer","floor":25,"turns":5},{"damage":0,"enemies":"3 Cultists","floor":28,"turns":3},{"damage":0,"enemies":"Cultist and Chosen","floor":30,"turns":7},{"damage":0,"enemies":"Chosen and Byrds","floor":31,"turns":5},{"damage":32,"enemies":"Automaton","floor":33,"turns":15},{"damage":0,"enemies":"Orb Walker","floor":35,"turns":4},{"damage":23,"enemies":"2 Orb Walkers","floor":36,"turns":8},{"damage":0,"enemies":"3 Shapes","floor":39,"turns":4},{"damage":0,"enemies":"Giant Head","floor":40,"turns":10},{"damage":0,"enemies":"Spire Growth","floor":44,"turns":4},{"damage":0,"enemies":"4 Shapes","floor":47,"turns":5},{"damage":2,"enemies":"Jaw Worm Horde","floor":48,"turns":3},{"damage":25,"enemies":"Time Eater","floor":50,"turns":10},{"damage":45,"enemies":"Shield and Spear","floor":54,"turns":8},{"damage":79,"enemies":"The Heart","floor":55,"turns":3}],"seed_played":"-5005853680686330836","potions_obtained":[{"floor":3,"key":"Strength Potion"},{"floor":5,"key":"Ancient Potion"},{"floor":10,"key":"Block Potion"},{"floor":16,"key":"Fire Potion"},{"floor":18,"key":"SteroidPotion"},{"floor":19,"key":"Fruit Juice"},{"floor":21,"key":"SteroidPotion"},{"floor":28,"key":"EssenceOfSteel"},{"floor":31,"key":"PowerPotion"},{"floor":33,"key":"Poison Potion"},{"floor":39,"key":"GamblersBrew"},{"floor":40,"key":"Swift Potion"},{"floor":41,"key":"Strength Potion"}],"is_trial":false,"path_per_floor":["M","$","M","M","M","R","E","R","T","M","?","$","R","?","R","B",null,"M","M","$","M","M","R","?","M","T","R","M","$","M","M","R","B",null,"M","?","?","$","M","E","?","$","T","M","R","$","M","M","R","B",null,"R","$","E","B"],"character_chosen":"DEFECT","items_purchased":["Blood Vial","BootSequence","Self Repair","Master of Strategy","All For One","Electrodynamics","Block Potion"],"campfire_rested":1,"item_purchase_floors":[20,20,38,38,42,46,53],"current_hp_per_floor":[67,67,66,61,61,61,44,44,44,38,23,23,45,41,41,34,65,65,70,70,72,74,74,68,61,68,68,70,70,72,74,74,44,76,78,57,57,57,66,75,75,75,75,77,77,77,86,85,85,69,83,83,83,47,0],"gold":31,"neow_bonus":"RANDOM_COLORLESS","is_prod":false,"is_daily":false,"chose_seed":false,"campfire_upgraded":3,"win_rate":0,"timestamp":1542602497,"path_taken":["M","$","M","?","M","R","E","R","T","M","?","$","R","?","R","BOSS","M","M","$","M","M","R","?","M","T","R","M","$","M","M","R","BOSS","M","?","?","$","M","E","?","$","T","M","R","$","M","?","R","BOSS","R","$","E","BOSS"],"build_version":"2018-11-15","purchased_purges":3,"victory":false,"max_hp_per_floor":[75,75,75,75,75,75,75,75,75,75,75,75,75,75,75,75,75,75,80,80,80,80,80,80,80,87,87,87,87,87,87,87,87,87,87,87,87,87,87,87,87,87,87,87,87,87,87,87,87,87,87,87,87,87,87],"card_choices":[{"not_picked":["Rip and Tear","Beam Cell"],"picked":"Cold Snap","floor":1},{"not_picked":["Scrape","Turbo"],"picked":"Cold Snap","floor":3},{"not_picked":["Loop","Hologram"],"picked":"Glacier","floor":4},{"not_picked":["Darkness","Compile Driver","Reprogram"],"picked":"SKIP","floor":5},{"not_picked":["Turbo","Storm"],"picked":"Conserve Battery","floor":7},{"not_picked":["Darkness","Rebound"],"picked":"Ball Lightning","floor":10},{"not_picked":["Machine Learning","Thunder Strike"],"picked":"Core Surge","floor":16},{"not_picked":["Genetic Algorithm","Cold Snap"],"picked":"Go for the Eyes","floor":18},{"not_picked":["Compile Driver","Loop"],"picked":"Conserve Battery","floor":19},{"not_picked":["Undo","Leap"],"picked":"Biased Cognition","floor":21},{"not_picked":["Lockon","Beam Cell"],"picked":"Coolheaded+1","floor":22},{"not_picked":["Stack","Lockon","Cold Snap"],"picked":"SKIP","floor":25},{"not_picked":["Hologram","Coolheaded","Cold Snap"],"picked":"SKIP","floor":28},{"not_picked":["Hologram","Leap"],"picked":"Capacitor","floor":30},{"not_picked":["Coolheaded","Steam"],"picked":"Seek","floor":31},{"not_picked":["Cold Snap+1","Leap+1"],"picked":"Chaos+1","floor":35},{"not_picked":["Stack","Streamline+1"],"picked":"Rebound+1","floor":36},{"not_picked":["Rebound","Stack+1"],"picked":"Cold Snap+1","floor":39},{"not_picked":["Steam","Stack"],"picked":"BootSequence+1","floor":40},{"not_picked":["Sweeping Beam+1","Barrage"],"picked":"Blizzard+1","floor":44},{"not_picked":["Compile Driver","Sweeping Beam"],"picked":"Chill","floor":47},{"not_picked":["Undo+1","Go for the Eyes"],"picked":"Creative AI","floor":48},{"not_picked":["Rebound","Gash"],"picked":"Consume+1","floor":54}],"player_experience":442503,"relics_obtained":[{"floor":7,"key":"Peace Pipe"},{"floor":9,"key":"Turnip"},{"floor":14,"key":"Thread and Needle"},{"floor":26,"key":"Strawberry"},{"floor":36,"key":"Old Coin"},{"floor":40,"key":"Mercury Hourglass"},{"floor":54,"key":"Toxic Egg 2"}],"event_choices":[{"damage_healed":0,"gold_gain":0,"player_choice":"Entered Light","damage_taken":15,"max_hp_gain":0,"max_hp_loss":0,"event_name":"Shining Light","floor":11,"gold_loss":0,"cards_upgraded":["Ball Lightning","Cold Snap"]},{"damage_healed":0,"gold_gain":0,"player_choice":"Searched \u00271\u0027 times","damage_taken":0,"max_hp_gain":0,"max_hp_loss":0,"event_name":"Dead Adventurer","floor":14,"gold_loss":0},{"damage_healed":0,"gold_gain":0,"player_choice":"Joined the Cult","damage_taken":6,"max_hp_gain":0,"max_hp_loss":0,"event_name":"Nest","floor":24,"gold_loss":0,"cards_obtained":["RitualDagger"]},{"damage_healed":0,"gold_gain":0,"player_choice":"Fight","damage_taken":0,"max_hp_gain":0,"max_hp_loss":0,"event_name":"Mysterious Sphere","floor":36,"gold_loss":0},{"cards_removed":["Dualcast"],"damage_healed":0,"gold_gain":0,"player_choice":"Removed Skill","damage_taken":0,"max_hp_gain":0,"max_hp_loss":0,"event_name":"Falling","floor":37,"gold_loss":0},{"damage_healed":0,"gold_gain":0,"player_choice":"Got Potions","damage_taken":0,"max_hp_gain":0,"max_hp_loss":0,"event_name":"Lab","floor":41,"gold_loss":0}],"is_beta":true,"boss_relics":[{"not_picked":["Nuclear Battery","Calling Bell"],"picked":"Coffee Dripper"},{"not_picked":["Fusion Hammer","Runic Pyramid"],"picked":"Inserter"}],"items_purged_floors":[2,12,38],"is_endless":false,"potions_floor_spawned":[3,5,10,16,18,19,21,28,31,33,39,40],"killed_by":"The Heart","ascension_level":8}