{"gold_per_floor":[110,185,135,152,77,112,112,123,123,23,1,34,34,34],"floor_reached":14,"playtime":1268,"items_purged":["Defend_G","Defend_G"],"score":110,"play_id":"85987706-c8a7-4f15-9e42-b18f46265b8a","local_time":"20190305213209","is_ascension_mode":true,"campfire_choices":[{"data":"Neutralize","floor":7,"key":"SMITH"}],"neow_cost":"NONE","seed_source_timestamp":1740808620989077,"circlet_count":0,"master_deck":["Defend_G","Defend_G","Defend_G","Strike_G","Strike_G","Strike_G","Survivor","Neutralize+1","Cloak And Dagger","Well Laid Plans","Outmaneuver","Blade Dance","Night Terror"],"relics":["Ring of the Snake","Calipers","Nunchaku","Ornamental Fan"],"potions_floor_usage":[12,12,14,14],"damage_taken":[{"damage":1,"enemies":"Jaw Worm","floor":1,"turns":7},{"damage":0,"enemies":"Small Slimes","floor":4,"turns":5},{"damage":35,"enemies":"3 Sentries","floor":6,"turns":17},{"damage":0,"enemies":"Cultist","floor":8,"turns":5},{"damage":9,"enemies":"Lagavulin","floor":12,"turns":7},{"damage":13,"enemies":"Gremlin Nob","floor":14,"turns":4}],"seed_played":"1426709666165936136","potions_obtained":[{"floor":4,"key":"PowerPotion"},{"floor":6,"key":"EssenceOfSteel"},{"floor":8,"key":"PowerPotion"},{"floor":12,"key":"Explosive Potion"}],"is_trial":false,"path_per_floor":["M","?","?","M","$","E","R","M","T","$","$","E","$","E"],"character_chosen":"THE_SILENT","items_purchased":["Blade Dance"],"campfire_rested":0,"item_purchase_floors":[11],"current_hp_per_floor":[69,58,58,58,58,23,23,23,23,23,23,14,14,1],"gold":34,"neow_bonus":"REMOVE_CARD","is_prod":false,"is_daily":false,"chose_seed":false,"campfire_upgraded":1,"win_rate":0,"timestamp":1551850329,"path_taken":["M","?","?","M","$","E","R","M","T","?","$","E","$","E"],"build_version":"2019-01-23","purchased_purges":2,"victory":false,"max_hp_per_floor":[70,70,70,70,70,70,70,70,70,70,70,70,70,70],"card_choices":[{"not_picked":["Dodge and Roll","Dagger Throw"],"picked":"Cloak And Dagger","floor":1},{"not_picked":["Bane","Distraction"],"picked":"Well Laid Plans","floor":4},{"not_picked":["All Out Attack","Cloak And Dagger"],"picked":"Outmaneuver","floor":6},{"not_picked":["Outmaneuver","Setup","Crippling Poison"],"picked":"SKIP","floor":8},{"not_picked":["Flechettes","Dagger Spray"],"picked":"Night Terror","floor":12}],"player_experience":207608,"relics_obtained":[{"floor":6,"key":"Calipers"},{"floor":9,"key":"Nunchaku"},{"floor":12,"key":"Ornamental Fan"}],"event_choices":[{"damage_healed":0,"gold_gain":75,"player_choice":"Gather Gold","damage_taken":11,"max_hp_gain":0,"max_hp_loss":0,"event_name":"World of Goop","floor":2,"gold_loss":0},{"cards_removed":["Strike_G"],"damage_healed":0,"gold_gain":0,"player_choice":"Card Removal","damage_taken":0,"max_hp_gain":0,"max_hp_loss":0,"event_name":"The Cleric","floor":3,"gold_loss":50}],"is_beta":false,"boss_relics":[],"items_purged_floors":[5,10],"is_endless":false,"potions_floor_spawned":[4,6,8,12],"killed_by":"Gremlin Nob","ascension_level":3}