{"gold_per_floor":[112,187,362,30,30,365,365,379,379,479,496,308,258,291,291,291],"floor_reached":16,"playtime":437,"items_purged":["Doubt","Strike_R"],"score":144,"play_id":"aac2bb69-8055-434e-8483-6d852a5f5888","local_time":"20190307221943","is_ascension_mode":true,"campfire_choices":[{"data":"Body Slam","floor":7,"key":"SMITH"},{"data":"Body Slam","floor":15,"key":"SMITH"}],"neow_cost":"NONE","seed_source_timestamp":1993765895813776,"circlet_count":0,"master_deck":["Strike_R","Strike_R","Defend_R","Defend_R","Defend_R","Defend_R","Bash","Body Slam+1","Metallicize","Power Through","Body Slam+1","Shrug It Off","Metallicize","Iron Wave","Shrug It Off"],"relics":["Burning Blood","NeowsBlessing","PreservedInsect","Old Coin","Self Forming Clay","Molten Egg 2"],"potions_floor_usage":[],"damage_taken":[{"damage":0,"enemies":"Jaw Worm","floor":1,"turns":1},{"damage":0,"enemies":"3 Sentries","floor":6,"turns":2},{"damage":0,"enemies":"Small Slimes","floor":8,"turns":2},{"damage":0,"enemies":"2 Louse","floor":11,"turns":3},{"damage":2,"enemies":"Gremlin Nob","floor":14,"turns":5},{"damage":85,"enemies":"Hexaghost","floor":16,"turns":16}],"seed_played":"6989793549156391109","potions_obtained":[{"floor":6,"key":"FearPotion"},{"floor":14,"key":"Energy Potion"}],"is_trial":false,"path_per_floor":["M","?","?","$","?","E","R","M","T","?","M","$","?","E","R","B"],"character_chosen":"IRONCLAD","items_purchased":["Metallicize","Power Through","PreservedInsect","Metallicize","Iron Wave"],"campfire_rested":0,"item_purchase_floors":[4,4,4,12,12],"current_hp_per_floor":[80,69,69,69,62,68,68,74,74,74,80,80,80,80,80,0],"gold":291,"neow_bonus":"THREE_ENEMY_KILL","is_prod":false,"is_daily":false,"chose_seed":false,"campfire_upgraded":2,"win_rate":0,"timestamp":1552015183,"path_taken":["M","?","?","$","?","E","R","M","T","?","?","?","?","E","R","BOSS"],"build_version":"2019-01-23","purchased_purges":2,"victory":false,"max_hp_per_floor":[80,80,80,80,80,80,80,80,80,80,80,80,80,80,80,80],"card_choices":[{"not_picked":["Perfected Strike","Clash"],"picked":"Body Slam","floor":1},{"not_picked":["Battle Trance","Pommel Strike"],"picked":"Body Slam","floor":6},{"not_picked":["Sword Boomerang","Burning Pact"],"picked":"Shrug It Off","floor":8},{"not_picked":["Havoc","Blood for Blood","Pommel Strike"],"picked":"SKIP","floor":11},{"not_picked":["Dark Embrace","Armaments"],"picked":"Shrug It Off","floor":14}],"player_experience":514940,"relics_obtained":[{"floor":6,"key":"Old Coin"},{"floor":9,"key":"Self Forming Clay"},{"floor":14,"key":"Molten Egg 2"}],"event_choices":[{"damage_healed":0,"gold_gain":75,"player_choice":"Gather Gold","damage_taken":11,"max_hp_gain":0,"max_hp_loss":0,"event_name":"World of Goop","floor":2,"gold_loss":0},{"damage_healed":0,"gold_gain":175,"player_choice":"AGREE","damage_taken":0,"max_hp_gain":0,"max_hp_loss":0,"event_name":"Liars Game","floor":3,"gold_loss":0,"cards_obtained":["Doubt"]},{"cards_removed":["Strike_R"],"damage_healed":0,"gold_gain":0,"player_choice":"Card Removal","damage_taken":7,"max_hp_gain":0,"max_hp_loss":0,"event_name":"Golden Wing","floor":5,"gold_loss":0},{"damage_healed":0,"gold_gain":100,"player_choice":"Pray","damage_taken":0,"max_hp_gain":0,"max_hp_loss":0,"event_name":"Golden Shrine","floor":10,"gold_loss":0},{"cards_removed":["Strike_R"],"damage_healed":0,"gold_gain":0,"player_choice":"Card Removal","damage_taken":0,"max_hp_gain":0,"max_hp_loss":0,"event_name":"The Cleric","floor":13,"gold_loss":50}],"is_beta":false,"boss_relics":[],"items_purged_floors":[4,12],"is_endless":false,"potions_floor_spawned":[6,14],"killed_by":"Hexaghost","ascension_level":2}