{"gold_per_floor":[18,33,52,52,65,65,93,93,93,93,93,108,134,154,154,249,249,269,269,18,18,37,62,62,397,397,397],"floor_reached":27,"playtime":764,"items_purged":[],"score":405,"play_id":"a21ecb97-9431-4266-9950-33906caa5072","local_time":"20180707184908","is_ascension_mode":true,"campfire_choices":[{"data":"Hologram","floor":6,"key":"SMITH"},{"data":"Echo Form","floor":11,"key":"SMITH"},{"floor":15,"key":"REST"}],"neow_cost":"NO_GOLD","seed_source_timestamp":1110553783231731,"circlet_count":0,"master_deck":["Strike_B","Strike_B+1","Strike_B+1","Strike_B","Defend_B","Defend_B","Defend_B","Defend_B+1","Zap+1","Dualcast","AscendersBane","Ball Lightning","Cold Snap","Beam Cell","Hologram+1","Echo Form+1","Leap+1","Chill+1","Gash","Electrodynamics","Steam+1","Coolheaded+1","Gash","Loop"],"relics":["Cracked Core","Mercury Hourglass","Toxic Egg 2","Kunai","Whetstone","Busted Crown","Vajra","Gambling Chip","Old Coin","Bottled Lightning"],"potions_floor_usage":[7,13,16,16,25],"damage_taken":[{"damage":0,"enemies":"Small Slimes","floor":1,"turns":3},{"damage":0,"enemies":"Cultist","floor":2,"turns":3},{"damage":8,"enemies":"2 Louse","floor":3,"turns":2},{"damage":6,"enemies":"Looter","floor":5,"turns":2},{"damage":11,"enemies":"3 Sentries","floor":7,"turns":4},{"damage":0,"enemies":"Exordium Wildlife","floor":12,"turns":2},{"damage":19,"enemies":"Gremlin Nob","floor":13,"turns":4},{"damage":0,"enemies":"3 Louse","floor":14,"turns":2},{"damage":16,"enemies":"Slime Boss","floor":16,"turns":7},{"damage":7,"enemies":"2 Thieves","floor":18,"turns":2},{"damage":0,"enemies":"Spheric Guardian","floor":22,"turns":4},{"damage":10,"enemies":"Gremlin Leader","floor":23,"turns":6},{"damage":22,"enemies":"Slavers","floor":25,"turns":5},{"damage":46,"enemies":"Gremlin Leader","floor":27,"turns":5}],"seed_played":"4715517116819174057","potions_obtained":[{"floor":3,"key":"Strength Potion"},{"floor":4,"key":"Regen Potion"},{"floor":4,"key":"Weak Potion"},{"floor":12,"key":"SteroidPotion"},{"floor":13,"key":"Regen Potion"},{"floor":14,"key":"PowerPotion"},{"floor":23,"key":"FocusPotion"}],"is_trial":false,"path_per_floor":["M","M","M","?","M","R","E","?","T","?","R","M","E","M","R","B",null,"M","?","$","?","M","E","?","E","T"],"character_chosen":"DEFECT","items_purchased":["Coolheaded+1","Gash","Vajra"],"campfire_rested":1,"item_purchase_floors":[20,20,20],"current_hp_per_floor":[82,82,74,74,68,68,66,48,48,36,36,36,17,17,43,41,77,70,70,70,70,70,60,60,38,38,0],"gold":397,"neow_bonus":"TWENTY_PERCENT_HP_BONUS","is_prod":false,"is_daily":false,"chose_seed":false,"campfire_upgraded":2,"win_rate":0,"timestamp":1530956948,"path_taken":["M","M","M","?","M","R","E","?","T","?","R","M","E","?","R","BOSS","M","?","$","?","M","E","?","E","T","E"],"build_version":"2018-07-05","purchased_purges":0,"victory":false,"max_hp_per_floor":[89,89,89,89,89,89,89,89,89,89,89,89,89,89,89,89,89,89,89,89,89,89,89,89,89,89,89],"card_choices":[{"not_picked":["Streamline","Static Discharge"],"picked":"Ball Lightning","floor":1},{"not_picked":["Redo","Hologram"],"picked":"Cold Snap","floor":2},{"not_picked":["Cold Snap","Force Field"],"picked":"Beam Cell","floor":3},{"not_picked":["Static Discharge","Recycle"],"picked":"Hologram","floor":5},{"not_picked":["Storm","Tempest"],"picked":"Echo Form","floor":7},{"not_picked":["Streamline","Redo+1"],"picked":"Leap+1","floor":12},{"not_picked":["Redo+1","Doom and Gloom"],"picked":"Chill+1","floor":13},{"not_picked":["Leap+1","Streamline"],"picked":"Gash","floor":14},{"not_picked":["Biased Cognition","Creative AI"],"picked":"Electrodynamics","floor":16},{"not_picked":[],"picked":"Steam+1","floor":18},{"not_picked":["Ball Lightning"],"picked":"SKIP","floor":22},{"not_picked":[],"picked":"Loop","floor":23},{"not_picked":["Beam Cell"],"picked":"SKIP","floor":25}],"player_experience":535473,"relics_obtained":[{"floor":7,"key":"Mercury Hourglass"},{"floor":9,"key":"Toxic Egg 2"},{"floor":13,"key":"Whetstone"},{"floor":23,"key":"Gambling Chip"},{"floor":25,"key":"Old Coin"},{"floor":26,"key":"Bottled Lightning"}],"event_choices":[{"event_name":"The Lab","player_choice":"Got Potions","floor":4,"damage_taken":0},{"event_name":"Shining Light","player_choice":"Entered Light","floor":8,"damage_taken":0},{"event_name":"Scrap Ooze","player_choice":"success","floor":10,"damage_taken":12},{"event_name":"Drug Dealer","player_choice":"Ignored","floor":19,"damage_taken":0},{"event_name":"Ghosts","player_choice":"Ignored","floor":21,"damage_taken":0},{"event_name":"Beggar","player_choice":"Ignored","floor":24,"damage_taken":0}],"boss_relics":[{"not_picked":["Runic Pyramid","Tiny House"],"picked":"Busted Crown"}],"items_purged_floors":[],"is_endless":false,"potions_floor_spawned":[3,12,13,14,23],"killed_by":"Gremlin Leader","ascension_level":11}