{"gold_per_floor":[113,129,31,31,45,45,76,76,100,100,27,38,64,64,64,169,169,179,279,378,395,395,395],"floor_reached":23,"playtime":1134,"items_purged":[],"score":196,"play_id":"bd42866f-a727-4206-9b6e-b27d8f15ce60","local_time":"20190308212033","is_ascension_mode":true,"campfire_choices":[{"data":"Infinite Blades","floor":6,"key":"SMITH"},{"data":"Footwork","floor":10,"key":"SMITH"},{"floor":15,"key":"REST"}],"neow_cost":"NONE","seed_source_timestamp":9206530446219,"circlet_count":0,"master_deck":["Defend_G","Defend_G","Defend_G","Defend_G","Strike_G","Strike_G","Strike_G","Strike_G","Strike_G","Survivor","Neutralize","Blade Dance","Backflip","Sucker Punch","Blade Dance","Dash","Concentrate","Infinite Blades+1","Dagger Spray","Masterful Stab","Footwork+1","Parasite","Accuracy","Poisoned Stab","Glass Knife","Poisoned Stab+1","Flying Knee","Bane"],"relics":["Orrery","Boot","Potion Belt","Bag of Preparation","Smiling Mask","Velvet Choker","Dead Branch","Sundial"],"potions_floor_usage":[5,21],"damage_taken":[{"damage":3,"enemies":"Jaw Worm","floor":1,"turns":4},{"damage":0,"enemies":"Small Slimes","floor":2,"turns":4},{"damage":8,"enemies":"2 Louse","floor":5,"turns":4},{"damage":22,"enemies":"Gremlin Nob","floor":7,"turns":5},{"damage":0,"enemies":"Exordium Thugs","floor":12,"turns":4},{"damage":33,"enemies":"Hexaghost","floor":16,"turns":11},{"damage":1,"enemies":"Chosen","floor":18,"turns":4},{"damage":22,"enemies":"Colosseum Slavers","floor":19,"turns":5},{"damage":34,"enemies":"Colosseum Nobs","floor":19,"turns":5},{"damage":6,"enemies":"Spheric Guardian","floor":21,"turns":4},{"damage":37,"enemies":"Book of Stabbing","floor":23,"turns":3}],"seed_played":"-66825294778454986","potions_obtained":[{"floor":2,"key":"Block Potion"},{"floor":19,"key":"Weak Potion"}],"is_trial":false,"path_per_floor":["M","M","$","?","M","R","E","?","T","R","$","M","T","?","R","B",null,"M","?","?","M","?","E"],"character_chosen":"THE_SILENT","items_purchased":["Infinite Blades","Dagger Spray","Accuracy"],"campfire_rested":1,"item_purchase_floors":[3,3,11],"current_hp_per_floor":[67,67,67,60,52,52,30,47,47,47,47,47,47,29,50,17,70,69,13,13,7,30,0],"gold":395,"neow_bonus":"BOSS_RELIC","is_prod":false,"is_daily":false,"chose_seed":false,"campfire_upgraded":2,"win_rate":0,"timestamp":1552040433,"path_taken":["M","M","$","?","M","R","E","?","T","R","$","M","?","?","R","BOSS","M","?","?","?","?","E"],"build_version":"2019-02-06","purchased_purges":0,"victory":false,"max_hp_per_floor":[70,70,70,70,70,70,70,70,70,70,70,70,70,70,70,70,70,70,70,70,70,70,70],"card_choices":[{"not_picked":["Flying Knee","Accuracy"],"picked":"Blade Dance","floor":0},{"not_picked":["Calculated Gamble","Noxious Fumes"],"picked":"Backflip","floor":0},{"not_picked":["Quick Slash","All Out Attack"],"picked":"Sucker Punch","floor":0},{"not_picked":["Dagger Spray","Poisoned Stab"],"picked":"Blade Dance","floor":0},{"not_picked":["Quick Slash","Dagger Throw"],"picked":"Dash","floor":0},{"not_picked":["Skewer","Well Laid Plans","Escape Plan"],"picked":"SKIP","floor":1},{"not_picked":["Skewer","Underhanded Strike"],"picked":"Concentrate","floor":2},{"not_picked":["Outmaneuver","Quick Slash"],"picked":"Masterful Stab","floor":5},{"not_picked":["Slice","Tools of the Trade"],"picked":"Footwork","floor":7},{"not_picked":["Slice","Acrobatics"],"picked":"Poisoned Stab","floor":12},{"not_picked":["Tools of the Trade","Adrenaline"],"picked":"Glass Knife","floor":16},{"not_picked":["Quick Slash","Terror"],"picked":"Poisoned Stab+1","floor":18},{"not_picked":["Deadly Poison","PiercingWail"],"picked":"Flying Knee","floor":19},{"not_picked":["Cloak And Dagger","Slice"],"picked":"Bane","floor":21}],"player_experience":512604,"relics_obtained":[{"floor":7,"key":"Boot"},{"floor":9,"key":"Potion Belt"},{"floor":13,"key":"Bag of Preparation"},{"floor":19,"key":"Dead Branch"},{"floor":19,"key":"Sundial"}],"event_choices":[{"cards_removed":["Defend_G"],"damage_healed":0,"gold_gain":0,"player_choice":"Card Removal","damage_taken":7,"max_hp_gain":0,"max_hp_loss":0,"event_name":"Golden Wing","floor":4,"gold_loss":0},{"damage_healed":17,"gold_gain":0,"player_choice":"Healed and dodged fight","damage_taken":0,"max_hp_gain":0,"max_hp_loss":0,"event_name":"Mushrooms","floor":8,"gold_loss":0,"cards_obtained":["Parasite"]},{"damage_healed":0,"gold_gain":0,"player_choice":"Success","damage_taken":18,"relics_obtained":["Smiling Mask"],"max_hp_gain":0,"max_hp_loss":0,"event_name":"Scrap Ooze","floor":14,"gold_loss":0},{"damage_healed":0,"gold_gain":0,"player_choice":"Fight","damage_taken":0,"max_hp_gain":0,"max_hp_loss":0,"event_name":"Colosseum","floor":19,"gold_loss":0},{"damage_healed":0,"gold_gain":0,"player_choice":"Fought Nobs","damage_taken":0,"max_hp_gain":0,"max_hp_loss":0,"event_name":"Colosseum","floor":19,"gold_loss":0},{"damage_healed":0,"gold_gain":99,"player_choice":"Stole From Cult","damage_taken":0,"max_hp_gain":0,"max_hp_loss":0,"event_name":"Nest","floor":20,"gold_loss":0},{"damage_healed":23,"gold_gain":0,"player_choice":"Heal","damage_taken":0,"max_hp_gain":0,"max_hp_loss":0,"event_name":"The Library","floor":22,"gold_loss":0}],"is_beta":true,"boss_relics":[{"not_picked":["Coffee Dripper","Snecko Eye"],"picked":"Velvet Choker"}],"items_purged_floors":[],"is_endless":false,"potions_floor_spawned":[2,19],"killed_by":"Book of Stabbing","ascension_level":1}