{"path_per_floor":["M","?","M","?","M","R","M","M","T","?","?","$","M","M","R","B",null,"M","T","$","?","?","R","M","M","T","?","E","M","?","M","R","B",null,"M","$","?","$","?","R","E","?","T","?","M","M","?","?","R","B",null,"M","?","?","M","M","R","M","M","T","?","?","$","M","M","R","B",null,"M","?","$","?","?","R","M","M","T","?","E","M","?","M","R","B",null,"M","$","?","?","?","R","E","?","T","?","M","M","$","T","R","B",null,"M","?","M","?","M","R","M","M","T","?","?","$","M","M","R"],"character_chosen":"DEFECT","items_purchased":["Bottled Lightning","Gash","Hologram","Storm","BootSequence","Gash","Storm","DataDisk","Blood Vial","Bronze Scales","Emotion Chip","Toxic Egg 2"],"gold_per_floor":[11,11,22,197,209,209,221,232,255,255,255,6,19,34,34,136,136,148,172,18,18,18,18,28,40,67,67,93,108,108,118,118,223,223,242,73,0,0,0,0,31,31,31,81,101,118,118,98,98,201,201,215,215,315,331,350,350,362,377,425,425,425,248,260,277,277,375,375,391,391,97,97,97,97,107,124,124,124,159,177,177,189,189,291,291,310,36,36,258,218,218,244,244,267,319,329,341,51,51,51,149,149,168,168,185,185,199,199,211,229,229,229,259,12,23,36,36,36],"floor_reached":118,"campfire_rested":2,"playtime":10160,"item_purchase_floors":[12,20,20,36,36,36,63,71,71,87,98,114],"current_hp_per_floor":[75,60,55,55,54,54,49,56,56,56,60,60,53,49,74,41,86,62,62,62,62,62,62,69,73,73,73,53,45,45,52,79,11,90,85,85,85,85,75,87,50,50,50,49,60,68,88,88,94,32,94,94,94,94,94,96,96,95,81,81,74,79,79,85,103,103,89,103,105,84,84,84,84,100,102,76,76,76,45,53,112,94,110,72,114,108,108,108,108,108,116,98,83,83,86,77,124,124,124,124,21,124,124,129,129,129,131,131,130,131,131,131,126,126,135,135,142,0],"items_purged":["Doubt","Defend_B","Defend_B"],"gold":36,"score":2064,"play_id":"6cf781c0-eb5d-4abd-a91c-9b002bf3f039","local_time":"20180614213143","is_prod":false,"is_daily":false,"chose_seed":false,"is_ascension_mode":false,"campfire_upgraded":8,"win_rate":0,"timestamp":1528975903,"campfire_choices":[{"floor":6,"key":"DIG"},{"floor":15,"key":"REST"},{"data":"Zap","floor":23,"key":"SMITH"},{"floor":32,"key":"REST"},{"floor":40,"key":"DIG"},{"floor":49,"key":"DIG"},{"data":"Apotheosis","floor":57,"key":"SMITH"},{"data":"Echo Form","floor":66,"key":"SMITH"},{"data":"Mind Blast","floor":74,"key":"SMITH"},{"data":"Genetic Algorithm","floor":83,"key":"SMITH"},{"data":"Amplify","floor":91,"key":"SMITH"},{"data":"Madness","floor":100,"key":"SMITH"},{"data":"Creative AI","floor":108,"key":"SMITH"},{"floor":117,"key":"DIG"}],"path_taken":["M","?","M","?","M","R","M","M","T","?","?","$","M","M","R","BOSS","M","?","$","?","?","R","M","M","T","?","E","M","?","M","R","BOSS","M","$","?","?","?","R","E","?","T","?","M","M","?","?","R","BOSS","M","?","?","M","M","R","M","M","T","?","?","$","M","M","R","BOSS","M","?","$","?","?","R","M","M","T","?","E","M","?","M","R","BOSS","M","$","?","?","?","R","E","?","T","?","M","M","?","?","R","BOSS","M","?","M","?","M","R","M","M","T","?","?","$","M","M","R","BOSS"],"build_version":"2018-06-13v3","seed_source_timestamp":1374650421591,"purchased_purges":3,"victory":false,"master_deck":["Strike_B","Defend_B+1","Zap+1","Dualcast","Hologram","Gash","Self Repair","Genetic Algorithm+1","Force Field+1","Electrodynamics","Gash","Gash","Defragment","Self Repair+1","Hologram+1","Rebound","Self Repair+1","Echo Form+1","Ball Lightning+1","Storm+1","BootSequence","Apotheosis+1","Mind Blast+1","Cold Snap+1","Leap","Gash","Thunder Strike","Storm","Tempest","Gash","Genetic Algorithm","Storm","Auto Shields","Echo Form","Gash","Leap","Gash+1","Amplify+1","Madness+1","Madness","Creative AI+1","Auto Shields","Ball Lightning","Barrage","Hologram","Double Energy","Gash","Gash","Echo Form","Seek","Hello World","Zap","Leap+1"],"max_hp_per_floor":[75,75,75,75,75,75,75,75,75,75,82,82,82,84,84,84,86,86,86,86,86,86,86,88,90,90,90,90,90,90,90,90,90,90,90,90,90,90,90,90,92,92,92,92,94,94,94,94,94,94,94,94,94,94,94,96,96,96,96,96,96,101,101,101,103,103,103,103,105,110,110,110,110,110,110,110,110,110,112,112,112,114,114,114,114,116,116,116,116,116,116,118,118,118,120,122,124,124,124,124,124,124,124,129,129,129,131,131,131,131,131,131,133,133,135,135,142,142],"special_seed":17696,"relics":["Cracked Core","Shovel","Singing Bowl","Juzu Bracelet","Bottled Lightning","Orrery","Omamori","Nloth\u0027s Gift","Happy Flower","Pen Nib","Ice Cream","Eternal Feather","Red Mask","Ancient Tea Set","Oddly Smooth Stone","Meat on the Bone","Ginger","Gambling Chip","Vajra","Sozu","War Paint","Inserter","DataDisk","Blood Vial","Lantern","Potion Belt","Matryoshka","Nuclear Battery","Bronze Scales","Dream Catcher","Art of War","Orichalcum","Bird Faced Urn","Emotion Chip","Anchor","Boot","Calling Bell","Bag of Preparation","Question Card","Peace Pipe","Gremlin Horn","Odd Mushroom","Toxic Egg 2","Strawberry"],"card_choices":[{"not_picked":["Sweeping Beam","Compile Driver"],"picked":"Hologram","floor":1},{"not_picked":["Consume","Hologram"],"picked":"Gash","floor":3},{"not_picked":["Cold Snap","Lockon"],"picked":"Self Repair","floor":5},{"not_picked":["Coolheaded","Leap"],"picked":"Defragment","floor":7},{"not_picked":["Rebound","Ball Lightning"],"picked":"Genetic Algorithm","floor":8},{"not_picked":["Rebound","Steam"],"picked":"Force Field","floor":13},{"not_picked":["Buffer","Stack","Rip and Tear"],"picked":"Singing Bowl","floor":14},{"not_picked":["Core Surge","Meteor Strike"],"picked":"Electrodynamics","floor":16},{"not_picked":["Go for the Eyes","Lockon"],"picked":"Doom and Gloom","floor":17},{"not_picked":["Chill","Barrage"],"picked":"Gash","floor":17},{"not_picked":["Stack","Beam Cell","Go for the Eyes"],"picked":"Singing Bowl","floor":17},{"not_picked":["Redo","Steam"],"picked":"Gash","floor":17},{"not_picked":["Hello World","BootSequence"],"picked":"Defragment","floor":17},{"not_picked":["Go for the Eyes","Cold Snap+1"],"picked":"Self Repair+1","floor":18},{"not_picked":["Recycle+1","Go for the Eyes+1","Melter"],"picked":"Singing Bowl","floor":24},{"not_picked":["Coolheaded","Blizzard","Machine Learning"],"picked":"Singing Bowl","floor":25},{"not_picked":["Machine Learning","Lockon"],"picked":"Rebound","floor":28},{"not_picked":["Redo","Consume"],"picked":"Self Repair+1","floor":29},{"not_picked":["Ball Lightning","Coolheaded"],"picked":"Hologram+1","floor":31},{"not_picked":["Buffer","Fission"],"picked":"Echo Form","floor":33},{"not_picked":["Consume","Scrape+1"],"picked":"Ball Lightning+1","floor":35},{"not_picked":["Sadistic Nature","Mind Blast"],"picked":"Jack Of All Trades","floor":39},{"not_picked":["Panacea","Blind"],"picked":"Apotheosis","floor":39},{"not_picked":["Flash of Steel","Apotheosis"],"picked":"Mind Blast","floor":39},{"not_picked":["Steam","Machine Learning","Chaos+1"],"picked":"Singing Bowl","floor":41},{"not_picked":["Sweeping Beam+1","Glacier+1"],"picked":"Cold Snap+1","floor":44},{"not_picked":["Streamline","Rebound+1","Aggregate"],"picked":"Singing Bowl","floor":45},{"not_picked":["Reprogram","Coolheaded"],"picked":"Leap","floor":46},{"not_picked":["Hologram+1","Hello World"],"picked":"Gash","floor":47},{"not_picked":["Electrodynamics","Buffer"],"picked":"Thunder Strike","floor":50},{"not_picked":["Stack","Rainbow"],"picked":"Storm","floor":52},{"not_picked":["Conserve Battery","Auto Shields"],"picked":"Tempest","floor":55},{"not_picked":["Sweeping Beam","Recycle","Ball Lightning"],"picked":"Singing Bowl","floor":56},{"not_picked":["Steam Power","Barrage"],"picked":"Gash","floor":58},{"not_picked":["Gash","Barrage"],"picked":"Genetic Algorithm","floor":59},{"not_picked":["Heatsinks","Hologram"],"picked":"Auto Shields","floor":64},{"not_picked":["Scrape","Coolheaded","Go for the Eyes"],"picked":"Singing Bowl","floor":65},{"not_picked":["Thunder Strike","Meteor Strike"],"picked":"Echo Form","floor":67},{"not_picked":["Self Repair","Aggregate","Conserve Battery"],"picked":"Singing Bowl","floor":69},{"not_picked":["Meteor Strike","Scrape"],"picked":"Gash","floor":75},{"not_picked":["Turbo+1","Coolheaded"],"picked":"Leap","floor":76},{"not_picked":["Beam Cell","Hologram","Machine Learning"],"picked":"Singing Bowl","floor":79},{"not_picked":["Sweeping Beam","Hologram"],"picked":"Gash+1","floor":80},{"not_picked":["Sweeping Beam","Turbo","Streamline"],"picked":"Singing Bowl","floor":82},{"not_picked":["Hyperbeam","Biased Cognition"],"picked":"Amplify","floor":84},{"not_picked":["Leap","Turbo","Beam Cell+1"],"picked":"Singing Bowl","floor":86},{"not_picked":["Hyperbeam","Compile Driver+1","Turbo+1"],"picked":"Singing Bowl","floor":92},{"not_picked":["Skim+1","Coolheaded","All For One"],"picked":"Singing Bowl","floor":95},{"not_picked":["Hologram","Coolheaded+1","Beam Cell"],"picked":"Singing Bowl","floor":96},{"not_picked":["Conserve Battery+1","Cold Snap","Tempest"],"picked":"Singing Bowl","floor":97},{"not_picked":["Echo Form","Biased Cognition"],"picked":"Creative AI","floor":101},{"not_picked":["Conserve Battery","Cold Snap","Coolheaded"],"picked":"Gash","floor":103},{"not_picked":["Redo","Aggregate","Barrage"],"picked":"Gash","floor":105},{"not_picked":["Double Energy","Conserve Battery","Chaos","Steam"],"picked":"Singing Bowl","floor":107},{"not_picked":["Darkness","Beam Cell","Go for the Eyes"],"picked":"Echo Form","floor":109},{"not_picked":["Beam Cell","Steam","Recycle"],"picked":"Seek","floor":110},{"not_picked":["Sweeping Beam","Recycle","Streamline","Coolheaded"],"picked":"Singing Bowl","floor":113},{"not_picked":["FTL","Darkness+1","Fusion+1","Sweeping Beam"],"picked":"Singing Bowl","floor":115},{"not_picked":["Ball Lightning","Auto Shields+1","Cold Snap"],"picked":"Leap+1","floor":116}],"player_experience":411075,"potions_floor_usage":[8,8,16,25,29,33,33,44,45,50,50,59],"damage_taken":[{"damage":0,"enemies":"Small Slimes","floor":1,"turns":3},{"damage":5,"enemies":"Jaw Worm","floor":3,"turns":3},{"damage":1,"enemies":"Cultist","floor":5,"turns":4},{"damage":12,"enemies":"Red Slaver","floor":7,"turns":4},{"damage":0,"enemies":"Large Slime","floor":8,"turns":4},{"damage":14,"enemies":"Blue Slaver","floor":13,"turns":4},{"damage":13,"enemies":"Red Slaver","floor":14,"turns":4},{"damage":40,"enemies":"The Guardian","floor":16,"turns":15},{"damage":24,"enemies":"3 Byrds","floor":18,"turns":3},{"damage":12,"enemies":"2 Thieves","floor":24,"turns":4},{"damage":15,"enemies":"Snake Plant","floor":25,"turns":4},{"damage":37,"enemies":"Slavers","floor":28,"turns":5},{"damage":25,"enemies":"Snecko","floor":29,"turns":6},{"damage":20,"enemies":"Centurion and Healer","floor":31,"turns":5},{"damage":75,"enemies":"Collector","floor":33,"turns":10},{"damage":15,"enemies":"3 Shapes","floor":35,"turns":3},{"damage":59,"enemies":"2 Orb Walkers","floor":41,"turns":5},{"damage":43,"floor":44,"turns":5},{"damage":33,"enemies":"3 Darklings","floor":45,"turns":6},{"damage":24,"enemies":"Maw","floor":46,"turns":7},{"damage":0,"floor":47,"turns":6},{"damage":74,"enemies":"Time Eater","floor":50,"turns":11},{"damage":0,"enemies":"2 Louse","floor":52,"turns":2},{"damage":5,"enemies":"Jaw Worm","floor":55,"turns":2},{"damage":0,"enemies":"Small Slimes","floor":56,"turns":3},{"damage":1,"enemies":"Exordium Wildlife","floor":58,"turns":3},{"damage":14,"enemies":"Gremlin Gang","floor":59,"turns":2},{"damage":4,"enemies":"2 Fungi Beasts","floor":64,"turns":2},{"damage":0,"enemies":"Exordium Wildlife","floor":65,"turns":3},{"damage":14,"enemies":"Slime Boss","floor":67,"turns":6},{"damage":0,"enemies":"3 Byrds","floor":69,"turns":2},{"damage":0,"enemies":"2 Thieves","floor":75,"turns":3},{"damage":38,"enemies":"Cultist and Chosen","floor":76,"turns":4},{"damage":47,"enemies":"Slavers","floor":79,"turns":3},{"damage":16,"enemies":"Snake Plant","floor":80,"turns":2},{"damage":40,"enemies":"3 Cultists","floor":82,"turns":4},{"damage":92,"enemies":"Champ","floor":84,"turns":9},{"damage":15,"enemies":"3 Shapes","floor":86,"turns":3},{"damage":37,"enemies":"Giant Head","floor":92,"turns":5},{"damage":53,"floor":95,"turns":5},{"damage":19,"enemies":"3 Darklings","floor":96,"turns":3},{"damage":9,"enemies":"Transient","floor":97,"turns":5},{"damage":130,"enemies":"Donu and Deca","floor":101,"turns":6},{"damage":0,"enemies":"Small Slimes","floor":103,"turns":1},{"damage":0,"enemies":"Cultist","floor":105,"turns":2},{"damage":0,"enemies":"Jaw Worm","floor":107,"turns":2},{"damage":1,"enemies":"Blue Slaver","floor":109,"turns":2},{"damage":0,"enemies":"Large Slime","floor":110,"turns":2},{"damage":7,"floor":113,"turns":3},{"damage":0,"enemies":"Exordium Wildlife","floor":115,"turns":3},{"damage":0,"enemies":"2 Fungi Beasts","floor":116,"turns":1},{"damage":144,"enemies":"Hexaghost","floor":118,"turns":2}],"relics_obtained":[{"floor":6,"key":"Singing Bowl"},{"floor":9,"key":"Juzu Bracelet"},{"floor":19,"key":"Omamori"},{"floor":26,"key":"Happy Flower"},{"floor":28,"key":"Pen Nib"},{"floor":40,"key":"Ancient Tea Set"},{"floor":41,"key":"Oddly Smooth Stone"},{"floor":43,"key":"Meat on the Bone"},{"floor":44,"key":"Ginger"},{"floor":47,"key":"Gambling Chip"},{"floor":49,"key":"Vajra"},{"floor":60,"key":"War Paint"},{"floor":77,"key":"Potion Belt"},{"floor":79,"key":"Matryoshka"},{"floor":92,"key":"Dream Catcher"},{"floor":94,"key":"Art of War"},{"floor":94,"key":"Orichalcum"},{"floor":95,"key":"Bird Faced Urn"},{"floor":99,"key":"Anchor"},{"floor":99,"key":"Boot"},{"floor":102,"key":"Bag of Preparation"},{"floor":102,"key":"Question Card"},{"floor":102,"key":"Peace Pipe"},{"floor":111,"key":"Gremlin Horn"},{"floor":113,"key":"Odd Mushroom"},{"floor":117,"key":"Strawberry"}],"event_choices":[{"event_name":"Shining Light","player_choice":"Entered Light","floor":2,"damage_taken":0},{"event_name":"Liars Game","player_choice":"agreed","floor":4,"damage_taken":0},{"event_name":"Purifier","player_choice":"One Purge","floor":10,"damage_taken":0},{"event_name":"Scrap Ooze","player_choice":"success","floor":11,"damage_taken":3},{"event_name":"N\u0027loth","player_choice":"Traded a Strawberry","floor":21,"damage_taken":0},{"event_name":"Drug Dealer","player_choice":"Ignored","floor":22,"damage_taken":0},{"event_name":"Addict","player_choice":"Ignored","floor":27,"damage_taken":0},{"event_name":"The Mausoleum","player_choice":"Yes","floor":30,"damage_taken":0},{"event_name":"Tomb of Lord Red Mask","player_choice":"Paid","floor":37,"damage_taken":0},{"event_name":"SensoryStone","player_choice":"Memory 3","floor":39,"damage_taken":0},{"event_name":"Falling","player_choice":"Removed Skill","floor":42,"damage_taken":0},{"event_name":"Mysterious Sphere","player_choice":"Fight","floor":44,"damage_taken":0},{"event_name":"MindBloom","player_choice":"Fight","floor":47,"damage_taken":0},{"event_name":"The Woman in Blue","player_choice":"Bought 1 Potion","floor":48,"damage_taken":0},{"event_name":"Accursed Blacksmith","player_choice":"Forge","floor":53,"damage_taken":0},{"event_name":"Golden Shrine","player_choice":"Pray","floor":54,"damage_taken":0},{"event_name":"Golden Wing","player_choice":"Card Removal","floor":61,"damage_taken":0},{"event_name":"Big Fish","player_choice":"Donut","floor":62,"damage_taken":0},{"event_name":"Forgotten Altar","player_choice":"Shed Blood","floor":70,"damage_taken":0},{"event_name":"Purifier","player_choice":"One Purge","floor":72,"damage_taken":0},{"event_name":"The Mausoleum","player_choice":"Yes","floor":73,"damage_taken":0},{"event_name":"Vampires","player_choice":"Ignored","floor":78,"damage_taken":0},{"event_name":"Bonfire Elementals","player_choice":"UNCOMMON","floor":81,"damage_taken":0},{"event_name":"SecretPortal","player_choice":"Rejected Portal.","floor":88,"damage_taken":0},{"event_name":"Tomb of Lord Red Mask","player_choice":"Wore Mask","floor":89,"damage_taken":0},{"event_name":"The Woman in Blue","player_choice":"Bought 3 Potions","floor":90,"damage_taken":0},{"event_name":"Winding Halls","player_choice":"Embrace Madness","floor":93,"damage_taken":0},{"event_name":"Mysterious Sphere","player_choice":"Fight","floor":95,"damage_taken":0},{"event_name":"Big Fish","player_choice":"Donut","floor":104,"damage_taken":0},{"event_name":"Purifier","player_choice":"One Purge","floor":106,"damage_taken":0},{"event_name":"Match and Keep!","player_choice":"2 cards matched","floor":112,"damage_taken":0},{"event_name":"Mushrooms","player_choice":"Fought Mushrooms","floor":113,"damage_taken":0}],"boss_relics":[{"not_picked":["White Beast Statue","Astrolabe"],"picked":"Orrery"},{"not_picked":["Snecko Eye","Velvet Choker"],"picked":"Eternal Feather"},{"not_picked":["Fusion Hammer","Cursed Key"],"picked":"Sozu"},{"not_picked":["Busted Crown","Runic Pyramid"],"picked":"Inserter"},{"not_picked":["Fusion Hammer","Tiny House"],"picked":"Nuclear Battery"},{"not_picked":["Snecko Eye","Velvet Choker"],"picked":"Calling Bell"}],"items_purged_floors":[20,63,87],"potions_floor_spawned":[3,7,8,18,24,28,31,41,44,45,50,52,59,65,67,75,80,84,92,95,105,110],"seed_played":"4270268067588805794","killed_by":"Hexaghost","ascension_level":0,"potions_obtained":[{"floor":3,"key":"FocusPotion"},{"floor":7,"key":"AttackPotion"},{"floor":8,"key":"Poison Potion"},{"floor":18,"key":"GamblersBrew"},{"floor":24,"key":"LiquidBronze"},{"floor":28,"key":"AttackPotion"},{"floor":31,"key":"Ancient Potion"},{"floor":41,"key":"FearPotion"},{"floor":44,"key":"Energy Potion"},{"floor":45,"key":"Ancient Potion"},{"floor":48,"key":"Explosive Potion"},{"floor":50,"key":"Explosive Potion"}],"is_trial":false}