{"gold_per_floor":[364,539,539,557,570,570,292,22,94,108,128,128,145,159,159,259,309,326,326,337,354,354,354,371,399,399,418,418,418],"floor_reached":29,"playtime":1031,"items_purged":["Doubt","Writhe"],"score":264,"play_id":"49c237dd-7123-4ada-b214-a97e8f295115","local_time":"20180915042736","is_ascension_mode":false,"campfire_choices":[{"data":"Heavy Blade","floor":6,"key":"SMITH"},{"data":"Inflame","floor":12,"key":"SMITH"},{"data":"Clash","floor":15,"key":"SMITH"},{"data":"Double Tap","floor":23,"key":"SMITH"},{"floor":28,"key":"REST"}],"neow_cost":"CURSE","seed_source_timestamp":172775726314976,"circlet_count":0,"master_deck":["Strike_R","Strike_R","Strike_R","Strike_R","Strike_R","Defend_R","Defend_R","Defend_R","Defend_R","Bash","Heavy Blade+1","Flex+1","Twin Strike","Headbutt","Cleave","Inflame+1","Thunderclap","Clash","Clash+1","Double Tap+1","Twin Strike","Cleave+1","Ghostly","Ghostly","Ghostly","Ghostly","Ghostly","Twin Strike+1","Sword Boomerang","Headbutt","Flex+1"],"relics":["Burning Blood","Lantern","Bag of Marbles","Sundial","Tiny House","Pen Nib","Vajra"],"potions_floor_usage":[13,14,18,18,25],"damage_taken":[{"damage":9,"enemies":"2 Louse","floor":1,"turns":3},{"damage":11,"enemies":"Jaw Worm","floor":4,"turns":2},{"damage":5,"enemies":"Small Slimes","floor":5,"turns":3},{"damage":0,"enemies":"2 Fungi Beasts","floor":10,"turns":2},{"damage":8,"enemies":"Exordium Wildlife","floor":11,"turns":3},{"damage":10,"enemies":"Lots of Slimes","floor":13,"turns":3},{"damage":0,"enemies":"Red Slaver","floor":14,"turns":1},{"damage":10,"enemies":"Slime Boss","floor":16,"turns":6},{"damage":0,"enemies":"Spheric Guardian","floor":18,"turns":3},{"damage":15,"enemies":"2 Thieves","floor":20,"turns":3},{"damage":8,"enemies":"Snecko","floor":21,"turns":4},{"damage":1,"enemies":"Centurion and Healer","floor":24,"turns":7},{"damage":30,"enemies":"Gremlin Leader","floor":25,"turns":4},{"damage":2,"enemies":"Chosen and Byrds","floor":27,"turns":3},{"damage":0,"enemies":"Snake Plant","floor":29,"turns":1}],"seed_played":"169495967432831774","potions_obtained":[{"floor":5,"key":"LiquidBronze"},{"floor":13,"key":"Fire Potion"},{"floor":16,"key":"Block Potion"},{"floor":17,"key":"EssenceOfSteel"},{"floor":21,"key":"EssenceOfSteel"},{"floor":24,"key":"Swift Potion"},{"floor":27,"key":"PowerPotion"}],"is_trial":false,"path_per_floor":["M","?","?","M","M","R","$","$","T","M","M","R","M","M","R","B",null,"M","?","M","M","$","R","M","E","T","M","R"],"character_chosen":"IRONCLAD","items_purchased":["Headbutt","Lantern","Cleave","Bag of Marbles"],"campfire_rested":1,"item_purchase_floors":[7,7,8,8],"current_hp_per_floor":[77,77,77,72,73,73,73,73,73,79,77,77,73,79,79,75,85,85,42,33,31,31,31,36,12,12,16,28,28],"gold":418,"neow_bonus":"TWO_FIFTY_GOLD","is_prod":false,"is_daily":false,"chose_seed":false,"campfire_upgraded":4,"win_rate":0,"timestamp":1537000056,"path_taken":["M","?","?","M","?","R","?","$","T","M","M","R","?","M","R","BOSS","M","?","M","M","?","R","M","E","T","M","R","M"],"build_version":"2018-09-06","purchased_purges":2,"victory":false,"max_hp_per_floor":[80,80,80,80,80,80,80,80,80,80,80,80,80,80,80,80,85,85,42,42,42,42,42,42,42,42,42,42,42],"card_choices":[{"not_picked":["Shrug It Off","Perfected Strike"],"picked":"Heavy Blade","floor":1},{"not_picked":["Bludgeon","Anger"],"picked":"Flex","floor":4},{"not_picked":["Havoc","Pommel Strike"],"picked":"Twin Strike","floor":5},{"not_picked":["True Grit","Carnage"],"picked":"Inflame","floor":10},{"not_picked":["Evolve","Sentinel"],"picked":"Thunderclap","floor":11},{"not_picked":["Feed","Dropkick"],"picked":"Clash","floor":13},{"not_picked":["Dropkick","Blood for Blood"],"picked":"Clash","floor":14},{"not_picked":["Exhume","Berserk"],"picked":"Double Tap","floor":16},{"not_picked":["Entrench","Sword Boomerang"],"picked":"Twin Strike","floor":17},{"not_picked":["Clothesline+1","Shrug It Off"],"picked":"Cleave+1","floor":18},{"not_picked":["Warcry","Thunderclap"],"picked":"Twin Strike+1","floor":20},{"not_picked":["Brutality","Sentinel"],"picked":"Sword Boomerang","floor":21},{"not_picked":["Perfected Strike","Sever Soul"],"picked":"Headbutt","floor":24},{"not_picked":["Havoc+1","Body Slam"],"picked":"Flex+1","floor":25},{"not_picked":["Warcry+1","Blood for Blood","Entrench"],"picked":"SKIP","floor":27}],"player_experience":144714,"relics_obtained":[{"floor":9,"key":"Sundial"},{"floor":25,"key":"Pen Nib"},{"floor":26,"key":"Vajra"}],"event_choices":[{"event_name":"Liars Game","player_choice":"agreed","floor":2,"damage_taken":0},{"event_name":"Scrap Ooze","player_choice":"unsuccessful","floor":3,"damage_taken":0},{"event_name":"Ghosts","player_choice":"Became a Ghost","floor":19,"damage_taken":0}],"is_beta":false,"boss_relics":[{"not_picked":["Lizard Tail","Runic Pyramid"],"picked":"Tiny House"}],"items_purged_floors":[7,8],"is_endless":false,"potions_floor_spawned":[5,13,16,21,24,27],"killed_by":"Snake Plant","ascension_level":0}