{"gold_per_floor":[109,121,121,137,63,91,44,58,81,81,81,105,105],"floor_reached":13,"playtime":416,"items_purged":[],"score":85,"play_id":"766cf049-8b01-4ccc-a638-38f2c8213927","local_time":"20180912024005","is_ascension_mode":false,"campfire_choices":[{"data":"Seeing Red","floor":10,"key":"SMITH"}],"neow_cost":"NONE","seed_source_timestamp":450662680411356,"circlet_count":0,"master_deck":["Strike_R","Strike_R","Strike_R","Strike_R","Strike_R","Defend_R","Defend_R","Defend_R","Defend_R","Bash","Twin Strike","Sword Boomerang","Wild Strike","Whirlwind","Seeing Red+1","Twin Strike","Wild Strike","Pommel Strike"],"relics":["Burning Blood","Happy Flower","Omamori","Bag of Preparation","Golden Idol"],"potions_floor_usage":[],"damage_taken":[{"damage":6,"enemies":"Small Slimes","floor":1,"turns":3},{"damage":1,"enemies":"Jaw Worm","floor":2,"turns":3},{"damage":6,"enemies":"Cultist","floor":4,"turns":3},{"damage":55,"enemies":"Lagavulin","floor":6,"turns":7},{"damage":5,"enemies":"Looter","floor":8,"turns":2},{"damage":9,"enemies":"Blue Slaver","floor":12,"turns":4},{"damage":2,"enemies":"3 Louse","floor":13,"turns":3}],"seed_played":"-2655346689993523849","potions_obtained":[],"is_trial":false,"path_per_floor":["M","M","?","M","$","E","$","M","T","R","?","M"],"character_chosen":"IRONCLAD","items_purchased":["Whirlwind","Twin Strike"],"campfire_rested":0,"item_purchase_floors":[5,7],"current_hp_per_floor":[80,80,80,80,80,31,31,32,32,32,12,9,7],"gold":105,"neow_bonus":"RANDOM_COMMON_RELIC","is_prod":false,"is_daily":false,"chose_seed":false,"campfire_upgraded":1,"win_rate":0,"timestamp":1536734405,"path_taken":["M","M","?","M","$","E","$","M","T","R","?","?","M"],"build_version":"2018-09-06","purchased_purges":0,"victory":false,"max_hp_per_floor":[80,80,80,80,80,80,80,80,80,80,80,80,80],"card_choices":[{"not_picked":["Entrench","Wild Strike"],"picked":"Twin Strike","floor":1},{"not_picked":["Iron Wave","Shrug It Off"],"picked":"Sword Boomerang","floor":2},{"not_picked":["Rupture","Disarm"],"picked":"Wild Strike","floor":4},{"not_picked":["Blood for Blood","Clothesline"],"picked":"Seeing Red","floor":6},{"not_picked":["Battle Trance","Headbutt"],"picked":"Wild Strike","floor":8},{"not_picked":["Corruption","Hemokinesis"],"picked":"Pommel Strike","floor":12}],"player_experience":118166,"relics_obtained":[{"floor":6,"key":"Omamori"},{"floor":9,"key":"Bag of Preparation"}],"event_choices":[{"event_name":"Golden Wing","player_choice":"Ignored","floor":3,"damage_taken":0},{"event_name":"Golden Idol","player_choice":"Take Damage","floor":11,"damage_taken":0}],"is_beta":false,"boss_relics":[],"items_purged_floors":[],"is_endless":false,"potions_floor_spawned":[4],"killed_by":"3 Louse","ascension_level":0}