{"gold_per_floor":[112,112,112,130,147,147,178,178,255,270,270,281,281,298,298,393,443,458,106,120,137,152,152,171,186,186,199,218,218,218,238,238,340,340,358,358,358,54,74,74,88,100,400,400,413,427,376,396,396,396],"floor_reached":51,"playtime":3710,"items_purged":[],"score":686,"play_id":"51e4c89f-9d3c-4d67-823c-7a9bbf95edc0","local_time":"20190103214819","daily_mods":["SealedDeck"],"is_ascension_mode":false,"campfire_choices":[{"data":"Limit Break","floor":6.0,"key":"SMITH"},{"data":"Armaments","floor":8.0,"key":"SMITH"},{"data":"Body Slam","floor":11.0,"key":"SMITH"},{"data":"Entrench","floor":13.0,"key":"SMITH"},{"data":"Body Slam","floor":15.0,"key":"SMITH"},{"data":"Spot Weakness","floor":23.0,"key":"SMITH"},{"data":"Spot Weakness","floor":30.0,"key":"SMITH"},{"floor":32.0,"key":"REST"},{"data":"Double Tap","floor":40.0,"key":"SMITH"},{"floor":49,"key":"REST"}],"neow_cost":"","seed_source_timestamp":0,"circlet_count":0,"master_deck":["Inflame","Heavy Blade","Whirlwind","Anger","Rage+1","Power Through","Body Slam+1","Armaments+1","Armaments+1","Shrug It Off","Limit Break+1","Rampage+1","Spot Weakness+1","Headbutt","Body Slam+1","Entrench+1","Reaper","Spot Weakness+1","Shrug It Off","Whirlwind","Seeing Red+1","Double Tap+1","Parasite"],"special_seed":0,"relics":["Burning Blood","Anchor","Bottled Tornado","Tiny House","Bottled Flame","Question Card","Lizard Tail","Mango","Old Coin"],"potions_floor_usage":[48,48,50],"damage_taken":[{"damage":1.0,"enemies":"2 Louse","floor":1.0,"turns":2.0},{"damage":1.0,"enemies":"Cultist","floor":4.0,"turns":4.0},{"damage":0.0,"enemies":"Small Slimes","floor":5.0,"turns":2.0},{"damage":17.0,"enemies":"3 Sentries","floor":7.0,"turns":3.0},{"damage":0.0,"enemies":"2 Fungi Beasts","floor":10.0,"turns":2.0},{"damage":0.0,"enemies":"Looter","floor":12.0,"turns":2.0},{"damage":0.0,"enemies":"Exordium Wildlife","floor":14.0,"turns":2.0},{"damage":23.0,"enemies":"The Guardian","floor":16.0,"turns":7.0},{"damage":20.0,"enemies":"Spheric Guardian","floor":18.0,"turns":4.0},{"damage":2.0,"enemies":"Shell Parasite","floor":20.0,"turns":4.0},{"damage":8.0,"enemies":"Snecko","floor":21.0,"turns":6.0},{"damage":6.0,"enemies":"Centurion and Healer","floor":22.0,"turns":5.0},{"damage":11.0,"enemies":"Cultist and Chosen","floor":24.0,"turns":5.0},{"damage":32.0,"enemies":"Snake Plant","floor":25.0,"turns":3.0},{"damage":12.0,"enemies":"Shelled Parasite and Fungi","floor":27.0,"turns":4.0},{"damage":21.0,"enemies":"Centurion and Healer","floor":28.0,"turns":4.0},{"damage":26.0,"enemies":"3 Cultists","floor":31.0,"turns":4.0},{"damage":98.0,"enemies":"Collector","floor":33.0,"turns":9.0},{"damage":26.0,"enemies":"3 Darklings","floor":35.0,"turns":6.0},{"damage":5.0,"enemies":"3 Shapes","floor":39.0,"turns":8.0},{"damage":33.0,"enemies":"Maw","floor":41.0,"turns":6.0},{"damage":16.0,"enemies":"Spire Growth","floor":42.0,"turns":4.0},{"damage":0.0,"enemies":"Transient","floor":44.0,"turns":1.0},{"damage":17.0,"enemies":"3 Darklings","floor":45.0,"turns":4.0},{"damage":0.0,"enemies":"Jaw Worm Horde","floor":46.0,"turns":2.0},{"damage":10,"enemies":"Writhing Mass","floor":48,"turns":4},{"damage":138,"enemies":"Awakened One","floor":50,"turns":10}],"seed_played":"3062132679800897208","potions_obtained":[{"floor":1.0,"key":"Block Potion"},{"floor":4.0,"key":"Regen Potion"},{"floor":16.0,"key":"Energy Potion"},{"floor":17.0,"key":"FairyPotion"},{"floor":24.0,"key":"GamblersBrew"},{"floor":31.0,"key":"Strength Potion"},{"floor":33.0,"key":"PowerPotion"},{"floor":35.0,"key":"Energy Potion"},{"floor":42.0,"key":"SmokeBomb"},{"floor":48,"key":"Fire Potion"}],"is_trial":true,"path_per_floor":["M","?","?","M","M","R","E","R","T","M","R","M","R","M","R","B",null,"M","$","M","M","M","R","M","M","T","M","M","?","R","M","R","B",null,"M","?","?","$","M","R","M","M","T","M","M","M","$","M","R","B",null],"character_chosen":"IRONCLAD","items_purchased":["Bottled Flame","Spot Weakness","Shrug It Off","Mango","FearPotion"],"campfire_rested":2,"item_purchase_floors":[19,19,19,38,47],"current_hp_per_floor":[80,64,64,69,75,75,64,64,64,70,70,76,76,80,80,63,85,71,71,85,85,85,85,82,70,70,64,61,61,61,62,85,22,85,65,65,65,79,80,80,53,43,43,49,56,62,62,58,86,15],"gold":396,"neow_bonus":"","is_prod":false,"is_daily":false,"chose_seed":false,"campfire_upgraded":8,"win_rate":0,"timestamp":1546570099,"path_taken":["M","?","?","M","M","R","E","R","T","M","R","M","R","M","R","BOSS","M","$","M","M","M","R","?","M","T","M","M","?","R","?","R","BOSS","M","?","?","?","M","R","M","M","T","M","M","M","$","M","R","BOSS"],"build_version":"2019-01-03","purchased_purges":0,"victory":true,"max_hp_per_floor":[80,80,80,80,80,80,80,80,80,80,80,80,80,80,80,80,85,85,85,85,85,85,85,85,85,85,85,85,85,85,85,85,85,85,85,85,81,95,95,95,95,95,95,95,95,95,95,95,95,95],"card_choices":[{"not_picked":["Rampage","Pummel"],"picked":"Shrug It Off","floor":1.0},{"not_picked":["Pommel Strike","Headbutt"],"picked":"Spot Weakness","floor":4.0},{"not_picked":["Havoc","Intimidate","Pummel"],"picked":"SKIP","floor":5.0},{"not_picked":["Warcry","Sword Boomerang"],"picked":"Headbutt","floor":7.0},{"not_picked":["Armaments","Pommel Strike"],"picked":"Body Slam","floor":10.0},{"not_picked":["Cleave","Fiend Fire"],"picked":"Entrench","floor":12.0},{"not_picked":["Twin Strike","Carnage","Dropkick"],"picked":"SKIP","floor":14.0},{"not_picked":["Bludgeon","Limit Break"],"picked":"Reaper","floor":16.0},{"not_picked":["Headbutt","Clash","Shockwave"],"picked":"SKIP","floor":18.0},{"not_picked":["Headbutt","Carnage","Thunderclap"],"picked":"SKIP","floor":20.0},{"not_picked":["Sword Boomerang","Fire Breathing","Warcry"],"picked":"SKIP","floor":21.0},{"not_picked":["Sword Boomerang","Fire Breathing","Warcry"],"picked":"SKIP","floor":21.0},{"not_picked":["Dropkick+1","Wild Strike+1","Feel No Pain+1"],"picked":"SKIP","floor":22.0},{"not_picked":["Wild Strike+1","Rupture"],"picked":"Whirlwind","floor":24.0},{"not_picked":["Second Wind","Combust+1","Havoc"],"picked":"SKIP","floor":25.0},{"not_picked":["Feel No Pain","Bloodletting+1","Heavy Blade+1"],"picked":"Seeing Red+1","floor":27.0},{"not_picked":["Reaper","Headbutt+1","Clothesline","Thunderclap+1"],"picked":"SKIP","floor":28.0},{"not_picked":["Warcry+1","Pommel Strike","Blood for Blood","Flex"],"picked":"SKIP","floor":31.0},{"not_picked":["Demon Form","Offering","Immolate"],"picked":"Double Tap","floor":33.0},{"not_picked":["Twin Strike","Thunderclap+1","Perfected Strike+1","Sword Boomerang+1"],"picked":"SKIP","floor":35.0},{"not_picked":["Blood for Blood","Sentinel+1","Cleave+1","Pummel"],"picked":"SKIP","floor":39.0},{"not_picked":["Anger+1","Warcry","Cleave+1","Flex+1"],"picked":"SKIP","floor":41.0},{"not_picked":["Reckless Charge+1","Twin Strike","Brutality","Headbutt"],"picked":"SKIP","floor":42.0},{"not_picked":["Warcry+1","Body Slam+1","Heavy Blade","Thunderclap+1"],"picked":"SKIP","floor":45.0},{"not_picked":["Clash+1","Flex+1","Anger+1","Whirlwind"],"picked":"SKIP","floor":46.0},{"not_picked":["Iron Wave","Cleave+1","Clothesline","Twin Strike"],"picked":"SKIP","floor":48}],"player_experience":414172,"relics_obtained":[{"floor":7.0,"key":"Anchor"},{"floor":9.0,"key":"Bottled Tornado"},{"floor":26.0,"key":"Question Card"},{"floor":43.0,"key":"Old Coin"}],"event_choices":[{"damage_healed":0.0,"max_hp_gain":0.0,"max_hp_loss":0.0,"gold_gain":0.0,"event_name":"Shining Light","player_choice":"Entered Light","floor":2.0,"gold_loss":0.0,"damage_taken":16.0,"cards_upgraded":["Armaments","Rage"]},{"damage_healed":0.0,"max_hp_gain":0.0,"max_hp_loss":0.0,"gold_gain":0.0,"event_name":"Match and Keep!","player_choice":"2 cards matched","floor":3.0,"gold_loss":0.0,"damage_taken":0.0,"cards_obtained":["Limit Break","Rampage"]},{"damage_healed":0.0,"max_hp_gain":0.0,"max_hp_loss":0.0,"gold_gain":0.0,"event_name":"Match and Keep!","player_choice":"2 cards matched","floor":3.0,"gold_loss":0.0,"damage_taken":0.0,"cards_obtained":["Limit Break","Rampage"]},{"cards_removed":["Flex"],"damage_healed":0.0,"max_hp_gain":0.0,"max_hp_loss":0.0,"gold_gain":0.0,"event_name":"Wheel of Change","player_choice":"Card Removal","floor":29.0,"gold_loss":0.0,"damage_taken":0.0},{"damage_healed":0.0,"max_hp_gain":0.0,"max_hp_loss":0.0,"gold_gain":0.0,"event_name":"Mysterious Sphere","player_choice":"Ignored","floor":36.0,"gold_loss":0.0,"damage_taken":0.0},{"damage_healed":0.0,"max_hp_gain":0.0,"max_hp_loss":4.0,"gold_gain":0.0,"event_name":"Winding Halls","player_choice":"Max HP","floor":37.0,"gold_loss":0.0,"damage_taken":0.0}],"is_beta":false,"boss_relics":[{"not_picked":["Astrolabe","Philosopher\u0027s Stone"],"picked":"Tiny House"},{"not_picked":["Runic Dome","White Beast Statue"],"picked":"Lizard Tail"}],"items_purged_floors":[],"is_endless":false,"potions_floor_spawned":[1,4,16,24,27,28,31,33,35,42,44,48],"ascension_level":0}