{"gold_per_floor":[113,113,125,145,145,145,165,179,179,179,195,223,223,236,236,336,386,403,18,18,37,55,55,55,55,55,74,74,89,99,113,113,209,209,228,228,243,6,23,23,23,43,43,43,60,0,0,17,17,17],"floor_reached":51,"playtime":2121,"items_purged":["Defend_R","Entrench"],"score":482,"play_id":"98515429-354b-4b14-b9ac-52a19a9eeba4","local_time":"20190306121421","is_ascension_mode":false,"campfire_choices":[{"data":"Clash","floor":6,"key":"SMITH"},{"data":"Clash","floor":13,"key":"SMITH"},{"floor":15,"key":"REST"},{"floor":23,"key":"REST"},{"data":"Armaments","floor":28,"key":"SMITH"},{"floor":32,"key":"REST"},{"floor":41,"key":"REST"},{"floor":50,"key":"REST"}],"neow_cost":"NONE","seed_source_timestamp":83419758201840,"circlet_count":0,"master_deck":["Strike_R","Strike_R","Strike_R","Strike_R","Defend_R","Defend_R","Defend_R+1","Bash","Clash","Armaments+1","Clash+1","Carnage","Clash+1","Clash","Shrug It Off","Bludgeon","Cleave","Juggernaut","Anger","Uppercut","Offering","Clash","Intimidate","Clash","Twin Strike"],"relics":["Burning Blood","Oddly Smooth Stone","Meat on the Bone","Regal Pillow","The Courier","Tiny House","Orichalcum","Bottled Flame","Mummified Hand","Orrery","Bag of Preparation","Dodecahedron","Red Mask"],"potions_floor_usage":[16,16,16,22,22,31,33,33,42,46,46,51],"damage_taken":[{"damage":1,"enemies":"Cultist","floor":1,"turns":3},{"damage":0,"enemies":"2 Louse","floor":3,"turns":3},{"damage":9,"enemies":"Small Slimes","floor":4,"turns":4},{"damage":6,"enemies":"Blue Slaver","floor":7,"turns":3},{"damage":4,"enemies":"Gremlin Gang","floor":8,"turns":6},{"damage":12,"enemies":"Exordium Wildlife","floor":11,"turns":2},{"damage":18,"enemies":"3 Sentries","floor":12,"turns":6},{"damage":0,"enemies":"3 Louse","floor":14,"turns":2},{"damage":1,"enemies":"Slime Boss","floor":16,"turns":7},{"damage":22,"enemies":"3 Byrds","floor":18,"turns":6},{"damage":16,"enemies":"Shell Parasite","floor":21,"turns":5},{"damage":21,"enemies":"Centurion and Healer","floor":22,"turns":4},{"damage":0,"enemies":"Snake Plant","floor":27,"turns":3},{"damage":5,"enemies":"Snecko","floor":29,"turns":3},{"damage":15,"enemies":"Centurion and Healer","floor":30,"turns":4},{"damage":32,"enemies":"Shelled Parasite and Fungi","floor":31,"turns":4},{"damage":63,"enemies":"Champ","floor":33,"turns":9},{"damage":41,"enemies":"3 Darklings","floor":36,"turns":5},{"damage":25,"enemies":"Orb Walker","floor":38,"turns":5},{"damage":23,"enemies":"4 Shapes","floor":40,"turns":4},{"damage":14,"enemies":"Maw","floor":42,"turns":3},{"damage":8,"enemies":"Transient","floor":43,"turns":5},{"damage":6,"enemies":"Sphere and 2 Shapes","floor":46,"turns":3},{"damage":59,"enemies":"4 Shapes","floor":49,"turns":5},{"damage":75,"enemies":"Time Eater","floor":51,"turns":6}],"seed_played":"8311100189177652137","potions_obtained":[{"floor":3,"key":"Dexterity Potion"},{"floor":8,"key":"Block Potion"},{"floor":14,"key":"PowerPotion"},{"floor":17,"key":"FearPotion"},{"floor":18,"key":"GamblersBrew"},{"floor":20,"key":"SkillPotion"},{"floor":30,"key":"Poison Potion"},{"floor":31,"key":"Strength Potion"},{"floor":36,"key":"SmokeBomb"},{"floor":40,"key":"Explosive Potion"},{"floor":43,"key":"Swift Potion"},{"floor":46,"key":"LiquidBronze"}],"is_trial":false,"path_per_floor":["M","T","M","M","?","R","M","M","T","?","M","E","R","M","R","B",null,"M","$","?","M","M","R","?","?","T","M","R","M","M","M","R","B",null,"M","?","M","$","M","R","M","M","T","?","M","?","$","M","R","B"],"character_chosen":"IRONCLAD","items_purchased":["Orichalcum","Bottled Flame","Bag of Preparation","Clash"],"campfire_rested":5,"item_purchase_floors":[19,19,39,39],"current_hp_per_floor":[80,80,80,77,77,77,77,79,79,61,55,55,55,61,80,80,85,69,69,69,59,56,85,85,85,85,85,85,85,76,50,85,40,85,50,50,43,43,38,78,70,68,68,68,68,68,68,27,66,0],"gold":17,"neow_bonus":"ONE_RANDOM_RARE_CARD","is_prod":false,"is_daily":false,"chose_seed":false,"campfire_upgraded":3,"win_rate":0,"timestamp":1551834861,"path_taken":["M","?","M","M","?","R","M","M","T","?","M","E","R","M","R","BOSS","M","$","?","?","M","R","?","?","T","M","R","M","M","M","R","BOSS","M","?","M","?","M","R","M","M","T","?","M","?","?","M","R","BOSS"],"build_version":"2019-02-06","purchased_purges":2,"victory":false,"max_hp_per_floor":[80,80,80,80,80,80,80,80,80,80,80,80,80,80,80,80,85,85,85,85,85,85,85,85,85,85,85,85,85,85,85,85,85,85,85,85,85,85,85,85,85,85,85,81,81,81,81,81,81,81],"card_choices":[{"not_picked":["Perfected Strike","True Grit"],"picked":"Clash","floor":1},{"not_picked":["Dual Wield","Iron Wave"],"picked":"Armaments","floor":3},{"not_picked":["Pommel Strike","Burning Pact"],"picked":"Clash","floor":4},{"not_picked":["Wild Strike","Iron Wave"],"picked":"Carnage","floor":7},{"not_picked":["Uppercut","True Grit"],"picked":"Clash","floor":8},{"not_picked":["Flex","Headbutt"],"picked":"Clash","floor":11},{"not_picked":["Clothesline","Warcry"],"picked":"Shrug It Off","floor":12},{"not_picked":["Warcry","Flex","Clothesline"],"picked":"SKIP","floor":14},{"not_picked":["Limit Break","Dark Embrace"],"picked":"Bludgeon","floor":16},{"not_picked":["Carnage","Blood for Blood"],"picked":"Cleave","floor":18},{"not_picked":["Flex+1","Havoc+1","Ghostly Armor"],"picked":"SKIP","floor":21},{"not_picked":["Armaments","Carnage"],"picked":"Juggernaut","floor":22},{"not_picked":["Clothesline","Pommel Strike"],"picked":"Uppercut","floor":27},{"not_picked":["Spot Weakness","Warcry","Pummel"],"picked":"SKIP","floor":29},{"not_picked":["Disarm","Headbutt","Thunderclap"],"picked":"SKIP","floor":30},{"not_picked":["Bloodletting+1","Sentinel+1","Perfected Strike"],"picked":"SKIP","floor":31},{"not_picked":["Exhume","Reaper"],"picked":"Offering","floor":33},{"not_picked":["Perfected Strike+1","Wild Strike","Shrug It Off"],"picked":"SKIP","floor":36},{"not_picked":["Thunderclap+1","Seeing Red","Flex"],"picked":"SKIP","floor":38},{"not_picked":["Feed","Perfected Strike"],"picked":"Intimidate","floor":40},{"not_picked":["Feel No Pain+1","Wild Strike+1"],"picked":"Clash","floor":43},{"not_picked":["Thunderclap+1","Dual Wield"],"picked":"Twin Strike","floor":46},{"not_picked":["Warcry+1","Clothesline","Combust"],"picked":"SKIP","floor":49}],"player_experience":490830,"relics_obtained":[{"floor":2,"key":"Oddly Smooth Stone"},{"floor":9,"key":"Meat on the Bone"},{"floor":12,"key":"The Courier"},{"floor":26,"key":"Mummified Hand"},{"floor":44,"key":"Dodecahedron"}],"event_choices":[{"cards_removed":["Barricade"],"damage_healed":0,"gold_gain":0,"player_choice":"Forget","damage_taken":0,"max_hp_gain":0,"max_hp_loss":0,"event_name":"Living Wall","floor":5,"gold_loss":0},{"damage_healed":0,"gold_gain":0,"player_choice":"Success","damage_taken":18,"relics_obtained":["Regal Pillow"],"max_hp_gain":0,"max_hp_loss":0,"event_name":"Scrap Ooze","floor":10,"gold_loss":0},{"damage_healed":0,"gold_gain":0,"player_choice":"Got Potions","damage_taken":0,"max_hp_gain":0,"max_hp_loss":0,"event_name":"Lab","floor":20,"gold_loss":0},{"damage_healed":0,"gold_gain":0,"player_choice":"Read","damage_taken":0,"max_hp_gain":0,"max_hp_loss":0,"event_name":"The Library","floor":25,"gold_loss":0,"cards_obtained":["Anger"]},{"damage_healed":0,"gold_gain":0,"cards_transformed":["Strike_R"],"player_choice":"Transformed","damage_taken":0,"max_hp_gain":0,"max_hp_loss":0,"event_name":"Transmorgrifier","floor":37,"gold_loss":0,"cards_obtained":["Entrench"]},{"damage_healed":0,"gold_gain":0,"player_choice":"Max HP","damage_taken":0,"max_hp_gain":0,"max_hp_loss":4,"event_name":"Winding Halls","floor":45,"gold_loss":0},{"damage_healed":0,"gold_gain":0,"player_choice":"Paid","damage_taken":0,"relics_obtained":["Red Mask"],"max_hp_gain":0,"max_hp_loss":0,"event_name":"Tomb of Lord Red Mask","floor":47,"gold_loss":60}],"is_beta":true,"boss_relics":[{"not_picked":["Calling Bell","White Beast Statue"],"picked":"Tiny House"},{"not_picked":["Eternal Feather","Fusion Hammer"],"picked":"Orrery"}],"items_purged_floors":[19,39],"is_endless":false,"potions_floor_spawned":[3,8,14,18,30,31,36,40,43,46],"killed_by":"Time Eater","ascension_level":0}