{"gold_per_floor":[118,137,152,152,164,199,199,209,256,284,302,302,272],"floor_reached":13,"playtime":707,"items_purged":[],"score":116,"play_id":"16dd7c17-0a6b-4dc3-b5bd-6a82f0b0d762","local_time":"20190214030217","is_ascension_mode":true,"campfire_choices":[{"data":"Venomology","floor":7,"key":"SMITH"}],"neow_cost":"TEN_PERCENT_HP_LOSS","seed_source_timestamp":666193303793300,"circlet_count":0,"master_deck":["Defend_G","Defend_G","Defend_G","Defend_G","Defend_G","Strike_G","Strike_G","Strike_G","Strike_G","Strike_G+1","Survivor","Neutralize+1","Bullet Time","Poisoned Stab","Backflip","Bouncing Flask","Backflip+1","Venomology+1","Dagger Spray","Poisoned Stab","Cloak And Dagger"],"relics":["Ring of the Snake","Tough Bandages","Dream Catcher","Meat on the Bone"],"potions_floor_usage":[6,10,11,13],"damage_taken":[{"damage":0,"enemies":"2 Louse","floor":1,"turns":3},{"damage":0,"enemies":"Cultist","floor":2,"turns":4},{"damage":3,"enemies":"Jaw Worm","floor":3,"turns":5},{"damage":0,"enemies":"2 Fungi Beasts","floor":5,"turns":3},{"damage":31,"enemies":"3 Sentries","floor":6,"turns":14},{"damage":0,"enemies":"Exordium Wildlife","floor":8,"turns":2},{"damage":16,"enemies":"Lagavulin","floor":10,"turns":8},{"damage":9,"enemies":"Lots of Slimes","floor":11,"turns":5},{"damage":11,"enemies":"Exordium Thugs","floor":13,"turns":2}],"seed_played":"-155893740733858075","potions_obtained":[{"floor":3,"key":"Poison Potion"},{"floor":6,"key":"LiquidBronze"},{"floor":10,"key":"GamblersBrew"}],"is_trial":false,"path_per_floor":["M","M","M","?","M","E","R","M","T","E","M","?","M"],"character_chosen":"THE_SILENT","items_purchased":[],"campfire_rested":0,"item_purchase_floors":[],"current_hp_per_floor":[63,63,60,60,60,29,29,29,29,13,16,3,0],"gold":272,"neow_bonus":"THREE_RARE_CARDS","is_prod":false,"is_daily":false,"chose_seed":false,"campfire_upgraded":1,"win_rate":0,"timestamp":1550142137,"path_taken":["M","M","M","?","?","E","R","M","T","E","M","?","M"],"build_version":"2019-01-23","purchased_purges":0,"victory":false,"max_hp_per_floor":[63,63,63,63,63,63,63,63,63,63,63,63,63],"card_choices":[{"not_picked":["Night Terror","Storm of Steel"],"picked":"Bullet Time","floor":0},{"not_picked":["Dagger Spray","Bane"],"picked":"Poisoned Stab","floor":1},{"not_picked":["Setup","Flying Knee"],"picked":"Backflip","floor":2},{"not_picked":["Finisher","Blade Dance"],"picked":"Bouncing Flask","floor":3},{"not_picked":["Bane","Deflect"],"picked":"Backflip","floor":5},{"not_picked":["Infinite Blades","Blade Dance"],"picked":"Venomology","floor":6},{"not_picked":["Sucker Punch","Outmaneuver"],"picked":"Dagger Spray","floor":8},{"not_picked":["Dodge and Roll","Cloak And Dagger"],"picked":"Poisoned Stab","floor":10},{"not_picked":["Choke","Skewer"],"picked":"Cloak And Dagger","floor":11}],"player_experience":688323,"relics_obtained":[{"floor":6,"key":"Tough Bandages"},{"floor":9,"key":"Dream Catcher"},{"floor":10,"key":"Meat on the Bone"}],"event_choices":[{"damage_healed":0,"gold_gain":0,"player_choice":"Upgraded","damage_taken":0,"max_hp_gain":0,"max_hp_loss":0,"event_name":"Upgrade Shrine","floor":4,"gold_loss":0,"cards_upgraded":["Neutralize"]},{"damage_healed":0,"gold_gain":0,"player_choice":"Entered Light","damage_taken":13,"max_hp_gain":0,"max_hp_loss":0,"event_name":"Shining Light","floor":12,"gold_loss":0,"cards_upgraded":["Strike_G","Backflip"]}],"is_beta":false,"boss_relics":[],"items_purged_floors":[],"is_endless":false,"potions_floor_spawned":[3,6,10],"killed_by":"Exordium Thugs","ascension_level":4}