{"gold_per_floor":[115,115,133,58,58,58,58,58,58,72,87,103,103,3,3,108,108,90,189,189,25,100,100,112,162,162,172,172,172,191,208,208,208],"floor_reached":33,"playtime":947,"items_purged":["Strike_R","Strike_R","Defend_R"],"score":237,"play_id":"7c9e6ab0-0ed8-4d0e-b314-c0af5331fc5a","local_time":"20190301203443","is_ascension_mode":false,"campfire_choices":[{"data":"Inflame","floor":6,"key":"SMITH"},{"data":"Dropkick","floor":8,"key":"SMITH"},{"data":"Ghostly Armor","floor":13,"key":"SMITH"},{"data":"Thunderclap","floor":15,"key":"SMITH"},{"data":"Inflame","floor":23,"key":"SMITH"},{"floor":28,"key":"REST"},{"floor":32,"key":"REST"}],"neow_cost":"NONE","seed_source_timestamp":0,"circlet_count":0,"master_deck":["Strike_R","Strike_R","Strike_R","Defend_R","Defend_R","Bash+1","Inflame+1","Dropkick+1","Thunderclap+1","Ghostly Armor+1","True Grit+1","Inflame+1","Corruption"],"special_seed":0,"relics":["Burning Blood"],"potions_floor_usage":[24,29,31,33],"damage_taken":[{"damage":6.0,"enemies":"Cultist","floor":1.0,"turns":3.0},{"damage":10.0,"enemies":"Small Slimes","floor":3.0,"turns":3.0},{"damage":5,"enemies":"Jaw Worm","floor":10,"turns":4},{"damage":5,"enemies":"Exordium Thugs","floor":11,"turns":3},{"damage":10,"enemies":"Looter","floor":12,"turns":2},{"damage":29,"enemies":"Slime Boss","floor":16,"turns":8},{"damage":30,"enemies":"2 Thieves","floor":18,"turns":4},{"damage":16,"enemies":"Shell Parasite","floor":24,"turns":5},{"damage":24,"enemies":"Snake Plant","floor":27,"turns":6},{"damage":5,"enemies":"3 Cultists","floor":29,"turns":3},{"damage":16,"enemies":"Cultist and Chosen","floor":30,"turns":7},{"damage":23,"enemies":"Snecko","floor":31,"turns":7},{"damage":78,"enemies":"Collector","floor":33,"turns":8}],"seed_played":"-6989194576952538612","potions_obtained":[{"floor":10,"key":"SmokeBomb"},{"floor":12,"key":"GamblersBrew"},{"floor":18,"key":"BloodPotion"},{"floor":24,"key":"Weak Potion"},{"floor":30,"key":"BloodPotion"}],"is_trial":false,"path_per_floor":["M","?","M","$","?","R","?","R","T","M","M","M","R","$","R","B",null,"M","?","?","$","T","R","M","?","T","M","R","M","M","M","R","B"],"character_chosen":"IRONCLAD","items_purchased":["Inflame"],"campfire_rested":2,"item_purchase_floors":[21],"current_hp_per_floor":[80,85,81,81,81,81,81,81,81,82,83,79,79,79,79,56,85,61,61,61,61,61,61,59,59,59,41,66,67,57,48,73,0],"gold":208,"neow_bonus":"UPGRADE_CARD","is_prod":false,"is_daily":false,"chose_seed":false,"campfire_upgraded":5,"win_rate":0,"timestamp":1551490483,"path_taken":["M","?","M","$","?","R","?","R","T","?","M","M","R","$","R","BOSS","M","?","?","$","?","R","M","?","T","?","R","M","M","?","R","BOSS"],"build_version":"2019-01-23","purchased_purges":3,"victory":false,"max_hp_per_floor":[80,85,85,85,85,85,85,85,85,85,85,85,85,85,85,85,85,85,85,85,85,85,85,85,85,85,85,85,85,85,85,85,85],"card_choices":[{"not_picked":["Heavy Blade","Metallicize"],"picked":"Inflame","floor":1.0},{"not_picked":["Sword Boomerang","Thunderclap"],"picked":"Dropkick","floor":3.0},{"not_picked":["Infernal Blade","Cleave"],"picked":"Thunderclap","floor":10},{"not_picked":["Anger","True Grit","Iron Wave"],"picked":"SKIP","floor":11},{"not_picked":["Pommel Strike","Havoc"],"picked":"Ghostly Armor","floor":12},{"not_picked":["Flex","Anger"],"picked":"True Grit+1","floor":18},{"not_picked":["Sword Boomerang","True Grit","Warcry+1"],"picked":"SKIP","floor":24},{"not_picked":["Pommel Strike","Reaper","True Grit"],"picked":"SKIP","floor":27},{"not_picked":["Rupture","Pommel Strike","Havoc+1"],"picked":"SKIP","floor":30},{"not_picked":["Entrench+1","Perfected Strike+1"],"picked":"Corruption","floor":31}],"player_experience":252363,"relics_obtained":[],"event_choices":[{"damage_healed":0.0,"max_hp_gain":5.0,"max_hp_loss":0.0,"gold_gain":0.0,"event_name":"Big Fish","player_choice":"Donut","floor":2.0,"gold_loss":0.0,"damage_taken":0.0},{"damage_healed":0.0,"max_hp_gain":0.0,"max_hp_loss":0.0,"gold_gain":0.0,"event_name":"Liars Game","player_choice":"Ignored","floor":5.0,"gold_loss":0.0,"damage_taken":0.0},{"cards_removed":["Defend_R"],"damage_healed":0,"gold_gain":0,"player_choice":"Forget","damage_taken":0,"max_hp_gain":0,"max_hp_loss":0,"event_name":"Living Wall","floor":7,"gold_loss":0},{"damage_healed":0,"gold_gain":99,"player_choice":"Stole From Cult","damage_taken":0,"max_hp_gain":0,"max_hp_loss":0,"event_name":"Nest","floor":19,"gold_loss":0},{"damage_healed":0,"gold_gain":0,"player_choice":"Ignored","damage_taken":0,"max_hp_gain":0,"max_hp_loss":0,"event_name":"Vampires","floor":20,"gold_loss":0},{"damage_healed":0,"gold_gain":100,"player_choice":"Bet on Murderer","damage_taken":0,"max_hp_gain":0,"max_hp_loss":0,"event_name":"The Joust","floor":25,"gold_loss":50}],"is_beta":false,"boss_relics":[{"not_picked":["Runic Pyramid","Ectoplasm","Runic Cube"]}],"items_purged_floors":[4,14,21],"is_endless":false,"potions_floor_spawned":[10,12,18,24,30],"killed_by":"Collector","ascension_level":0}