{"gold_per_floor":[109,129,21,96,115,115,143,157,157,157],"floor_reached":10,"playtime":472,"items_purged":[],"score":126,"play_id":"ddad7aa9-7f0d-46f1-89cd-4a7add74ca07","local_time":"20190116110335","is_ascension_mode":true,"campfire_choices":[{"data":"Consume","floor":6,"key":"SMITH"}],"neow_cost":"NONE","seed_source_timestamp":499469637429400,"circlet_count":0,"master_deck":["AscendersBane","Strike_B","Strike_B","Strike_B","Strike_B","Defend_B","Defend_B","Defend_B","Defend_B","Zap","Dualcast","Glacier","Lockon","Gash","Hologram","Consume+1","Consume","Blizzard"],"relics":["Eternal Feather","Calipers","Bottled Flame"],"potions_floor_usage":[8],"damage_taken":[{"damage":28,"enemies":"Small Slimes","floor":1,"turns":4},{"damage":1,"enemies":"Cultist","floor":2,"turns":4},{"damage":0,"enemies":"Jaw Worm","floor":5,"turns":5},{"damage":3,"enemies":"Lagavulin","floor":7,"turns":10},{"damage":17,"enemies":"Exordium Thugs","floor":8,"turns":5},{"damage":14,"enemies":"Gremlin Nob","floor":10,"turns":2}],"seed_played":"7115158992304678871","potions_obtained":[{"floor":2,"key":"Explosive Potion"},{"floor":5,"key":"FocusPotion"}],"is_trial":false,"path_per_floor":["M","M","$","?","M","R","E","M","T","E"],"character_chosen":"DEFECT","items_purchased":["Gash","Hologram"],"campfire_rested":0,"item_purchase_floors":[3,3],"current_hp_per_floor":[36,35,35,24,24,33,30,13,13,0],"gold":157,"neow_bonus":"BOSS_RELIC","is_prod":false,"is_daily":false,"chose_seed":false,"campfire_upgraded":1,"win_rate":0,"timestamp":1547665415,"path_taken":["M","M","$","?","M","R","E","M","T","E"],"build_version":"2019-01-10","purchased_purges":0,"victory":false,"max_hp_per_floor":[71,71,71,71,71,71,71,71,71,71],"card_choices":[{"not_picked":["Cold Snap","Ball Lightning"],"picked":"Glacier","floor":1},{"not_picked":["Leap","Scrape"],"picked":"Lockon","floor":2},{"not_picked":["Redo","BootSequence"],"picked":"Consume","floor":5},{"not_picked":["Redo","Steam"],"picked":"Consume","floor":7},{"not_picked":["Sweeping Beam","Redo"],"picked":"Blizzard","floor":8}],"player_experience":497988,"relics_obtained":[{"floor":7,"key":"Calipers"},{"floor":9,"key":"Bottled Flame"}],"event_choices":[{"damage_healed":0,"gold_gain":75,"player_choice":"Gather Gold","damage_taken":11,"max_hp_gain":0,"max_hp_loss":0,"event_name":"World of Goop","floor":4,"gold_loss":0}],"is_beta":false,"boss_relics":[],"items_purged_floors":[],"is_endless":false,"potions_floor_spawned":[2,5],"killed_by":"Gremlin Nob","ascension_level":17}