{"gold_per_floor":[116,131,143,143,154,154,166,166,192,211,221,321,321,331,331,431,431,448,448,295,315,330,330,365,365,392,411,411,423,435,435,435,533,533,544,557,657,657,668,668,682,682,736,754,754,765,783,783,783,783],"floor_reached":51,"playtime":2181,"items_purged":[],"score":717,"play_id":"49597cfc-67c5-4bb8-8284-e69122e640c0","local_time":"20190107073030","daily_mods":["SealedDeck","Vintage"],"is_ascension_mode":false,"campfire_choices":[{"data":"Entrench","floor":6.0,"key":"SMITH"},{"data":"Cleave","floor":8.0,"key":"SMITH"},{"data":"Spot Weakness","floor":13.0,"key":"SMITH"},{"data":"Armaments","floor":15.0,"key":"SMITH"},{"data":"Limit Break","floor":23.0,"key":"SMITH"},{"data":"Corruption","floor":25.0,"key":"SMITH"},{"floor":28.0,"key":"REST"},{"data":"Whirlwind","floor":32.0,"key":"SMITH"},{"data":"Thunderclap","floor":40,"key":"SMITH"},{"data":"Rage","floor":45,"key":"SMITH"},{"floor":49,"key":"REST"}],"neow_cost":"","seed_source_timestamp":0,"circlet_count":0,"master_deck":["Entrench+1","Rage+1","Thunderclap+1","Pommel Strike","Heavy Blade+1","Cleave+1","Armaments+1","Spot Weakness+1","Feel No Pain","Corruption+1","Limit Break+1","Cleave+1","Thunderclap+1","Whirlwind+1","Limit Break+1"],"special_seed":0,"relics":["Burning Blood","Dream Catcher","Bag of Preparation","Strawberry","Pear","Ginger","Regal Pillow","Bottled Flame","Red Skull","Boot","Lizard Tail","Question Card","Lantern","Torii","Ancient Tea Set","Juzu Bracelet","Bag of Marbles","Mercury Hourglass","Toxic Egg 2","Dead Branch","Orichalcum","Dodecahedron","Champion Belt","Bottled Tornado","Frozen Egg 2","Smiling Mask","Self Forming Clay","Letter Opener","Art of War"],"potions_floor_usage":[36,37],"damage_taken":[{"damage":0.0,"enemies":"2 Louse","floor":1.0,"turns":1.0},{"damage":0.0,"enemies":"Small Slimes","floor":2.0,"turns":3.0},{"damage":0.0,"enemies":"Cultist","floor":3.0,"turns":3.0},{"damage":2.0,"enemies":"Looter","floor":5.0,"turns":2.0},{"damage":0.0,"enemies":"3 Louse","floor":7.0,"turns":2.0},{"damage":7.0,"enemies":"Large Slime","floor":10.0,"turns":3.0},{"damage":0.0,"enemies":"2 Fungi Beasts","floor":11.0,"turns":2.0},{"damage":4.0,"enemies":"Blue Slaver","floor":14.0,"turns":2.0},{"damage":48.0,"enemies":"The Guardian","floor":16.0,"turns":7.0},{"damage":3.0,"enemies":"3 Byrds","floor":18.0,"turns":3.0},{"damage":19.0,"enemies":"Spheric Guardian","floor":21.0,"turns":4.0},{"damage":15.0,"enemies":"Snake Plant","floor":22.0,"turns":2.0},{"damage":29.0,"enemies":"Slavers","floor":24.0,"turns":3.0},{"damage":15.0,"enemies":"Cultist and Chosen","floor":27.0,"turns":5.0},{"damage":1.0,"enemies":"Centurion and Healer","floor":29.0,"turns":2.0},{"damage":0.0,"enemies":"3 Cultists","floor":30.0,"turns":2.0},{"damage":35.0,"enemies":"Champ","floor":33.0,"turns":6.0},{"damage":1.0,"enemies":"Orb Walker","floor":35.0,"turns":2.0},{"damage":17,"enemies":"3 Darklings","floor":36,"turns":2},{"damage":11,"enemies":"Mind Bloom Boss Battle","floor":37,"turns":7},{"damage":6,"enemies":"Spire Growth","floor":39,"turns":3},{"damage":0,"enemies":"Transient","floor":41,"turns":5},{"damage":29,"enemies":"Maw","floor":44,"turns":8},{"damage":6,"enemies":"Writhing Mass","floor":46,"turns":2},{"damage":6,"enemies":"4 Shapes","floor":47,"turns":2},{"damage":16,"enemies":"Time Eater","floor":50,"turns":5}],"seed_played":"6800958411200572501","potions_obtained":[{"floor":1.0,"key":"PowerPotion"},{"floor":2.0,"key":"Fire Potion"},{"floor":11.0,"key":"Dexterity Potion"},{"floor":14.0,"key":"SkillPotion"},{"floor":22.0,"key":"Poison Potion"},{"floor":24.0,"key":"Block Potion"},{"floor":36,"key":"AttackPotion"},{"floor":37,"key":"SpeedPotion"},{"floor":39,"key":"BloodPotion"}],"is_trial":true,"path_per_floor":["M","M","M","?","M","R","M","R","T","M","M","?","R","M","R","B",null,"M","?","$","M","M","R","E","R","T","M","R","M","M","?","R","B",null,"M","M","?","?","M","R","M","?","T","M","R","M","M","?","R","B",null],"character_chosen":"IRONCLAD","items_purchased":["Lantern"],"campfire_rested":2,"item_purchase_floors":[20],"current_hp_per_floor":[80,80,87,70,84,84,90,90,90,89,95,95,95,97,97,55,97,97,97,97,84,75,75,52,52,52,43,87,92,97,97,97,68,97,97,86,81,81,81,81,87,87,87,64,64,64,64,64,92,82],"gold":783,"neow_bonus":"","is_prod":false,"is_daily":false,"chose_seed":false,"campfire_upgraded":9,"win_rate":0,"timestamp":1546864230,"path_taken":["M","M","M","?","M","R","M","R","T","M","M","?","R","M","R","BOSS","M","?","$","M","M","R","E","R","T","M","R","M","M","?","R","BOSS","M","M","?","?","M","R","M","?","T","M","R","M","M","?","R","BOSS"],"build_version":"2019-01-03v4","purchased_purges":0,"victory":true,"max_hp_per_floor":[80,80,87,87,97,97,97,97,97,97,97,97,97,97,97,97,97,97,97,97,97,97,97,97,97,97,97,97,97,97,97,97,97,97,97,97,97,92,92,92,92,92,92,92,92,92,92,92,92,92],"card_choices":[{"not_picked":["Demon Form","Bludgeon"],"picked":"Limit Break","floor":16.0},{"not_picked":["Intimidate","Uppercut+1","Sword Boomerang+1"],"picked":"Cleave+1","floor":24.0},{"not_picked":["Heavy Blade","Iron Wave","Searing Blow"],"picked":"Thunderclap","floor":28.0},{"not_picked":["Demon Form","Bludgeon","Feed"],"picked":"Limit Break+1","floor":33.0}],"player_experience":463448,"relics_obtained":[{"floor":1.0,"key":"Dream Catcher"},{"floor":2.0,"key":"Bag of Preparation"},{"floor":3.0,"key":"Strawberry"},{"floor":5.0,"key":"Pear"},{"floor":7.0,"key":"Ginger"},{"floor":9.0,"key":"Regal Pillow"},{"floor":10.0,"key":"Bottled Flame"},{"floor":11.0,"key":"Red Skull"},{"floor":14.0,"key":"Boot"},{"floor":18.0,"key":"Question Card"},{"floor":21.0,"key":"Torii"},{"floor":22.0,"key":"Ancient Tea Set"},{"floor":24.0,"key":"Juzu Bracelet"},{"floor":26.0,"key":"Bag of Marbles"},{"floor":27.0,"key":"Mercury Hourglass"},{"floor":29.0,"key":"Toxic Egg 2"},{"floor":30.0,"key":"Dead Branch"},{"floor":35.0,"key":"Orichalcum"},{"floor":36,"key":"Dodecahedron"},{"floor":37,"key":"Champion Belt"},{"floor":39,"key":"Bottled Tornado"},{"floor":41,"key":"Frozen Egg 2"},{"floor":43,"key":"Smiling Mask"},{"floor":44,"key":"Self Forming Clay"},{"floor":46,"key":"Letter Opener"},{"floor":47,"key":"Art of War"}],"event_choices":[{"damage_healed":0.0,"max_hp_gain":0.0,"max_hp_loss":0.0,"gold_gain":0.0,"event_name":"Shining Light","player_choice":"Entered Light","floor":4.0,"gold_loss":0.0,"damage_taken":17.0,"cards_upgraded":["Heavy Blade","Thunderclap"]},{"damage_healed":0.0,"max_hp_gain":0.0,"max_hp_loss":0.0,"gold_gain":100.0,"event_name":"Wheel of Change","player_choice":"Gold","floor":12.0,"gold_loss":0.0,"damage_taken":0.0},{"damage_healed":0.0,"max_hp_gain":0.0,"max_hp_loss":0.0,"gold_gain":0.0,"event_name":"Vampires","player_choice":"Ignored","floor":19.0,"gold_loss":0.0,"damage_taken":0.0},{"damage_healed":0.0,"max_hp_gain":0.0,"max_hp_loss":0.0,"gold_gain":0.0,"event_name":"The Library","player_choice":"Read","floor":31.0,"gold_loss":0.0,"damage_taken":0.0,"cards_obtained":["Whirlwind"]},{"damage_healed":0,"gold_gain":0,"player_choice":"Fight","damage_taken":0,"max_hp_gain":0,"max_hp_loss":0,"event_name":"MindBloom","floor":37,"gold_loss":0},{"damage_healed":0,"gold_gain":0,"player_choice":"Max HP","damage_taken":0,"max_hp_gain":0,"max_hp_loss":5,"event_name":"Winding Halls","floor":38,"gold_loss":0},{"damage_healed":0,"gold_gain":0,"player_choice":"Memory 1","damage_taken":0,"max_hp_gain":0,"max_hp_loss":0,"event_name":"SensoryStone","floor":42,"gold_loss":0},{"damage_healed":0,"gold_gain":0,"player_choice":"Ignored","damage_taken":0,"max_hp_gain":0,"max_hp_loss":0,"event_name":"Mysterious Sphere","floor":48,"gold_loss":0}],"is_beta":false,"boss_relics":[{"not_picked":["Philosopher\u0027s Stone","Calling Bell"],"picked":"Lizard Tail"},{"not_picked":["Astrolabe","Runic Dome","Coffee Dripper"]}],"items_purged_floors":[],"is_endless":false,"potions_floor_spawned":[1,2,11,14,22,24,30,33,36,37,39,44,47],"ascension_level":0}