{"gold_per_floor":[116,126,126,126,36,63,74,89,160,160,170,170,170,188,188,287,287,301,301,301,312,332,332,346,91,118,118,118,136,17,35,35,136,136,148,166,133,152,152,152,169,169,169,183,113,113],"floor_reached":46,"playtime":4616,"items_purged":[],"score":499,"play_id":"46449bbb-df6e-4964-adbb-1d6efd3398a4","local_time":"20190105124849","is_ascension_mode":false,"campfire_choices":[{"floor":10,"key":"REST"},{"data":"Discovery","floor":12,"key":"SMITH"},{"floor":15,"key":"REST"},{"data":"Sweeping Beam","floor":23,"key":"SMITH"},{"data":"Biased Cognition","floor":28,"key":"SMITH"},{"floor":32,"key":"REST"},{"floor":40,"key":"REST"}],"neow_cost":"NONE","seed_source_timestamp":1336532198106786,"circlet_count":0,"master_deck":["Strike_B","Strike_B","Strike_B","Strike_B+1","Defend_B","Defend_B","Defend_B","Defend_B","Zap","Dualcast+1","Cold Snap","Static Discharge","Discovery+1","Sweeping Beam+1","Auto Shields","Redo","Go for the Eyes","Double Energy","Biased Cognition+1","Go for the Eyes","Dualcast+1","Go for the Eyes","Melter","Leap+1","Compile Driver","Reinforced Body","Redo","Melter","Streamline+1","Thunder Strike","Defragment","Capacitor+1","Melter","Force Field+1","Sweeping Beam+1","Leap+1","Static Discharge+1"],"relics":["Cracked Core","Thread and Needle","Mercury Hourglass","Nuclear Battery","MutagenicStrength","Frozen Eye","Ancient Tea Set","FaceOfCleric","White Beast Statue","Frozen Egg 2","Boot"],"potions_floor_usage":[38,44],"damage_taken":[{"damage":1,"enemies":"Cultist","floor":1,"turns":3},{"damage":6,"enemies":"2 Louse","floor":2,"turns":3},{"damage":25,"enemies":"3 Sentries","floor":6,"turns":5},{"damage":0,"enemies":"Small Slimes","floor":7,"turns":2},{"damage":0,"enemies":"Exordium Wildlife","floor":8,"turns":4},{"damage":0,"enemies":"Looter","floor":11,"turns":3},{"damage":0,"enemies":"Exordium Thugs","floor":14,"turns":4},{"damage":17,"enemies":"Slime Boss","floor":16,"turns":8},{"damage":11,"enemies":"2 Thieves","floor":18,"turns":3},{"damage":0,"enemies":"3 Byrds","floor":21,"turns":4},{"damage":2,"enemies":"Shelled Parasite and Fungi","floor":22,"turns":6},{"damage":0,"enemies":"Chosen and Byrds","floor":24,"turns":5},{"damage":0,"enemies":"Sentry and Sphere","floor":29,"turns":2},{"damage":0,"enemies":"Snake Plant","floor":31,"turns":3},{"damage":48,"enemies":"Collector","floor":33,"turns":14},{"damage":3,"enemies":"3 Shapes","floor":35,"turns":5},{"damage":28,"enemies":"3 Darklings","floor":36,"turns":3},{"damage":21,"enemies":"Maw","floor":38,"turns":9},{"damage":36,"enemies":"Spire Growth","floor":41,"turns":7},{"damage":13,"enemies":"Transient","floor":44,"turns":5},{"damage":21,"enemies":"3 Darklings","floor":46,"turns":2}],"seed_played":"-3935810805100735393","potions_obtained":[{"floor":1,"key":"Regen Potion"},{"floor":11,"key":"FearPotion"},{"floor":16,"key":"FearPotion"},{"floor":18,"key":"LiquidBronze"},{"floor":21,"key":"Poison Potion"},{"floor":35,"key":"Energy Potion"},{"floor":38,"key":"SteroidPotion"},{"floor":44,"key":"Explosive Potion"}],"is_trial":false,"path_per_floor":["M","M","?","?","$","E","M","M","T","R","M","R","?","M","R","B",null,"M","?","?","M","M","R","M","$","T","?","R","M","$","M","R","B",null,"M","M","$","M","?","R","M","T","T","M","$","M"],"character_chosen":"DEFECT","items_purchased":["Discovery","Frozen Eye","Compile Driver","Redo","Melter","Melter","Static Discharge+1"],"campfire_rested":4,"item_purchase_floors":[5,25,25,30,30,37,45],"current_hp_per_floor":[81,75,80,63,63,38,38,38,38,64,64,64,64,64,87,70,87,76,76,76,76,74,74,74,74,74,74,74,75,75,76,89,42,90,88,61,61,41,41,68,33,33,33,21,21,0],"gold":113,"neow_bonus":"TEN_PERCENT_HP_BONUS","is_prod":false,"is_daily":false,"chose_seed":false,"campfire_upgraded":3,"win_rate":0.0,"timestamp":1546710529,"path_taken":["M","?","?","?","?","E","M","M","T","R","M","R","?","M","R","BOSS","M","?","?","M","?","R","M","$","T","?","R","M","$","M","R","BOSS","M","M","?","?","?","R","?","?","T","M","?","M"],"build_version":"2019-01-03v4","purchased_purges":0,"victory":false,"max_hp_per_floor":[82,82,87,87,87,87,87,87,87,87,87,87,87,87,87,87,87,87,87,87,87,87,87,87,87,87,87,87,88,88,89,89,90,90,91,92,92,93,93,93,94,94,94,95,95,95],"card_choices":[{"not_picked":["Storm","Stack"],"picked":"Cold Snap","floor":1},{"not_picked":["Coolheaded","Steam"],"picked":"Static Discharge","floor":2},{"not_picked":["Compile Driver","Conserve Battery"],"picked":"Sweeping Beam","floor":6},{"not_picked":["Leap","Sweeping Beam"],"picked":"Auto Shields","floor":7},{"not_picked":["Beam Cell","Gash"],"picked":"Redo","floor":8},{"not_picked":["Redo","Chaos"],"picked":"Go for the Eyes","floor":11},{"not_picked":["Steam","Multi-Cast"],"picked":"Double Energy","floor":14},{"not_picked":["Buffer","Thunder Strike"],"picked":"Biased Cognition","floor":16},{"not_picked":["Force Field","Stack"],"picked":"Go for the Eyes","floor":18},{"not_picked":["Chaos","Gash"],"picked":"Go for the Eyes","floor":21},{"not_picked":["Steam","BootSequence"],"picked":"Melter","floor":22},{"not_picked":["Self Repair","Conserve Battery"],"picked":"Leap+1","floor":24},{"not_picked":["Cold Snap","Beam Cell"],"picked":"Reinforced Body","floor":29},{"not_picked":["Go for the Eyes","Steam+1"],"picked":"Streamline+1","floor":31},{"not_picked":["Reboot","Multi-Cast"],"picked":"Thunder Strike","floor":33},{"not_picked":["Coolheaded","Tempest"],"picked":"Defragment","floor":35},{"not_picked":["Fusion+1","Reinforced Body"],"picked":"Capacitor+1","floor":36},{"not_picked":["Skim","Steam"],"picked":"Force Field+1","floor":38},{"not_picked":["BootSequence","Beam Cell"],"picked":"Sweeping Beam+1","floor":41},{"not_picked":["Conserve Battery","Double Energy+1"],"picked":"Leap+1","floor":44}],"player_experience":13808,"relics_obtained":[{"floor":6,"key":"Thread and Needle"},{"floor":9,"key":"Mercury Hourglass"},{"floor":26,"key":"Ancient Tea Set"},{"floor":42,"key":"Frozen Egg 2"},{"floor":43,"key":"Boot"}],"event_choices":[{"damage_healed":0,"gold_gain":0,"player_choice":"Donut","damage_taken":0,"max_hp_gain":5,"max_hp_loss":0,"event_name":"Big Fish","floor":3,"gold_loss":0},{"damage_healed":0,"gold_gain":0,"player_choice":"Entered Light","damage_taken":17,"max_hp_gain":0,"max_hp_loss":0,"event_name":"Shining Light","floor":4,"gold_loss":0,"cards_upgraded":["Dualcast","Strike_B"]},{"damage_healed":0,"gold_gain":0,"player_choice":"Ignored","damage_taken":0,"max_hp_gain":0,"max_hp_loss":0,"event_name":"Liars Game","floor":13,"gold_loss":0},{"damage_healed":0,"gold_gain":0,"player_choice":"Inject Mutagens","damage_taken":0,"relics_obtained":["MutagenicStrength"],"max_hp_gain":0,"max_hp_loss":0,"event_name":"Drug Dealer","floor":19,"gold_loss":0},{"damage_healed":0,"gold_gain":0,"player_choice":"Copied","damage_taken":0,"max_hp_gain":0,"max_hp_loss":0,"event_name":"Duplicator","floor":20,"gold_loss":0,"cards_obtained":["Dualcast"]},{"damage_healed":0,"gold_gain":0,"player_choice":"Trade","damage_taken":0,"relics_obtained":["FaceOfCleric"],"max_hp_gain":0,"max_hp_loss":0,"event_name":"FaceTrader","floor":27,"gold_loss":0},{"damage_healed":0,"gold_gain":0,"player_choice":"Bought 0 Potions","damage_taken":0,"max_hp_gain":0,"max_hp_loss":0,"event_name":"The Woman in Blue","floor":39,"gold_loss":0}],"is_beta":false,"boss_relics":[{"not_picked":["Astrolabe","Coffee Dripper"],"picked":"Nuclear Battery"},{"not_picked":["Tiny House","Cursed Key"],"picked":"White Beast Statue"}],"items_purged_floors":[],"is_endless":false,"potions_floor_spawned":[1,11,16,18,21,24,35,36,38,41,44],"killed_by":"3 Darklings","ascension_level":0}