{"path_per_floor":["M","M","M","?","M","R","M","E","T","M","E","R","?","$","R","B",null,"M","?","?","M","$","R","M","E","T","T","?","M","R","?","R","B",null,"M","M","$","M","?","E","R","?","T","$","M","$","R","T","R","B"],"character_chosen":"IRONCLAD","items_purchased":["Feel No Pain","Dropkick","Feel No Pain","Feel No Pain","Regen Potion"],"gold_per_floor":[116,129,147,97,109,109,127,161,241,256,291,291,291,105,105,208,208,222,222,222,236,195,195,211,240,240,240,240,252,252,302,302,398,398,408,425,253,263,263,288,288,258,258,133,145,96,96,96,96,96],"floor_reached":51,"campfire_rested":2,"playtime":2934,"current_hp_per_floor":[74,76,76,76,73,73,61,48,48,47,50,50,50,50,50,25,82,77,77,77,79,79,79,71,57,57,57,41,42,72,72,72,49,88,73,72,72,38,88,57,57,57,57,57,65,65,65,65,88,15],"items_purged":["Regret","Normality","Decay"],"gold":96,"score":1037,"play_id":"f25fbbcc-816b-4fde-99f8-7198b319fde4","local_time":"20180422195012","is_prod":false,"is_daily":false,"chose_seed":false,"is_ascension_mode":true,"campfire_upgraded":6,"timestamp":1524419412,"path_taken":["M","M","M","?","M","R","M","E","T","M","E","R","?","$","R","BOSS","M","?","?","M","$","R","?","E","T","?","?","M","R","?","R","BOSS","M","?","$","M","?","E","R","?","T","$","M","$","R","?","R","BOSS"],"build_version":"2018-04-19","seed_source_timestamp":0,"purchased_purges":3,"victory":true,"master_deck":["Strike_R+1","Strike_R+1","Strike_R+1","Strike_R+1","Defend_R+1","Defend_R+1","Defend_R+1","Defend_R+1","Bash","AscendersBane","Uppercut+1","Cleave","Clothesline+1","Thunderclap","Metallicize+1","Reckless Charge","Inflame+1","Flame Barrier","Feel No Pain","Dropkick","Limit Break+1","Disarm+1","Feel No Pain","Headbutt+1","Carnage+1","Necronomicurse","Disarm","Reaper+1","Parasite","Dropkick+1","Dual Wield+1","Feel No Pain+1","Dual Wield+1"],"max_hp_per_floor":[80,80,80,80,80,80,80,87,87,87,101,101,101,101,101,101,101,101,101,101,101,101,101,101,101,101,101,101,101,101,101,101,101,101,101,101,101,101,88,88,88,88,88,88,88,88,88,88,88,88],"relics":["Burning Blood","Lantern","Strawberry","Dodecahedron","Mango","Ancient Tea Set","Cursed Key","Molten Egg 2","Bird Faced Urn","Necronomicon","Calling Bell","Bronze Scales","Frozen Egg 2","Girya","Blood Vial"],"card_choices":[{"not_picked":["Flex","Body Slam"],"picked":"Uppercut","floor":1.0},{"not_picked":["Body Slam","Heavy Blade"],"picked":"Cleave","floor":2.0},{"not_picked":["Combust","Warcry"],"picked":"Clothesline","floor":3.0},{"not_picked":["Cleave","Double Tap"],"picked":"Thunderclap","floor":5.0},{"not_picked":["Rupture","Warcry"],"picked":"Metallicize","floor":7.0},{"not_picked":["Perfected Strike","Iron Wave"],"picked":"Reckless Charge","floor":8.0},{"not_picked":["Warcry","Pommel Strike"],"picked":"Inflame","floor":10.0},{"not_picked":["Shockwave","Rupture"],"picked":"Flame Barrier","floor":11.0},{"not_picked":["Offering","Brutality"],"picked":"Limit Break","floor":16.0},{"not_picked":["Uppercut","Anger"],"picked":"Disarm","floor":18.0},{"not_picked":["Power Through","Clash"],"picked":"Headbutt","floor":24.0},{"not_picked":["Rupture","Bloodletting"],"picked":"Carnage","floor":25.0},{"not_picked":["Fiend Fire","Flex"],"picked":"Disarm","floor":29.0},{"not_picked":["Limit Break","Juggernaut"],"picked":"Reaper","floor":33.0},{"not_picked":["Perfected Strike","Flex"],"picked":"Dropkick","floor":35},{"not_picked":["Headbutt","Sever Soul"],"picked":"Dual Wield","floor":36},{"not_picked":["Carnage","Demon Form"],"picked":"Dual Wield","floor":45}],"player_experience":406192,"potions_floor_usage":[36,50,50,50],"damage_taken":[{"damage":4.0,"enemies":"Jaw Worm","floor":1.0,"turns":5.0},{"damage":4.0,"enemies":"Small Slimes","floor":2.0,"turns":3.0},{"damage":6.0,"enemies":"2 Louse","floor":3.0,"turns":3.0},{"damage":9.0,"enemies":"Looter","floor":5.0,"turns":3.0},{"damage":18.0,"enemies":"Gremlin Gang","floor":7.0,"turns":3.0},{"damage":26.0,"enemies":"Lagavulin","floor":8.0,"turns":6.0},{"damage":7.0,"enemies":"3 Louse","floor":10.0,"turns":3.0},{"damage":17.0,"enemies":"3 Sentries","floor":11.0,"turns":6.0},{"damage":31.0,"enemies":"The Guardian","floor":16.0,"turns":11.0},{"damage":11.0,"enemies":"Shell Parasite","floor":18.0,"turns":5.0},{"damage":4.0,"enemies":"3 Byrds","floor":21.0,"turns":4.0},{"damage":14.0,"enemies":"Cultist and Chosen","floor":24.0,"turns":6.0},{"damage":20.0,"enemies":"Slavers","floor":25.0,"turns":7.0},{"damage":7.0,"enemies":"3 Cultists","floor":29.0,"turns":3.0},{"damage":37.0,"enemies":"Champ","floor":33.0,"turns":11.0},{"damage":23,"enemies":"Orb Walker","floor":35,"turns":3},{"damage":21,"enemies":"3 Darklings","floor":36,"turns":6},{"damage":40,"enemies":"4 Shapes","floor":38,"turns":5},{"damage":42,"enemies":"Giant Head","floor":40,"turns":8},{"damage":33,"enemies":"Sphere and 2 Shapes","floor":45,"turns":6},{"damage":102,"enemies":"Awakened One","floor":50,"turns":17}],"event_choices":[{"event_name":"The Cleric","player_choice":"Card Removal","floor":4.0,"damage_taken":0.0},{"event_name":"Big Fish","player_choice":"Box","floor":13.0,"damage_taken":0.0},{"event_name":"The Mausoleum","player_choice":"Yes","floor":19.0,"damage_taken":0.0},{"event_name":"Back to Basics","player_choice":"Simplicity","floor":20.0,"damage_taken":0.0},{"event_name":"Cursed Tome","player_choice":"Obtained Book","floor":28.0,"damage_taken":0.0},{"event_name":"The Joust","player_choice":"Bet on Murderer","floor":31.0,"damage_taken":0.0},{"event_name":"The Moai Head","player_choice":"Heal","floor":39,"damage_taken":0},{"event_name":"The Woman in Blue","player_choice":"Bought 2 Potions","floor":42,"damage_taken":0}],"boss_relics":[{"not_picked":["White Beast Statue","Orrery"],"picked":"Calling Bell"}],"potions_floor_spawned":[1,7,8,11,16,21,24,35,40],"seed_played":"-114612601465003201","ascension_level":11,"is_trial":false}