{"gold_per_floor":[111,111,138,153,153,196,214,254,254,16,46,66,66,141,141,272,272,296,30,34,47,47,47],"floor_reached":23,"playtime":993,"items_purged":["Strike_G"],"score":314,"play_id":"f0ba25f4-218f-4d7d-9784-050008a87b26","local_time":"20190214111254","is_ascension_mode":true,"campfire_choices":[{"floor":13.0,"key":"REST"},{"floor":15.0,"key":"REST"}],"neow_cost":"NONE","seed_source_timestamp":0,"circlet_count":0,"master_deck":["Defend_G","Defend_G","Defend_G","Defend_G","Defend_G","Strike_G","Strike_G","Strike_G","Strike_G","Survivor","Neutralize","Slice","Deflect","Prepared","Dagger Spray","Deadly Poison","Bullet Time","Acrobatics","Backflip","Dash","Tools of the Trade","Blur","Footwork","Blade Dance","Blade Dance"],"special_seed":0,"relics":["Ring of the Serpent","NeowsBlessing","Dream Catcher","Vajra","Golden Idol","Omamori","Snake Skull","Ninja Scroll","Membership Card","Odd Mushroom","Shuriken","Sling","MutagenicStrength"],"potions_floor_usage":[21,23],"damage_taken":[{"damage":0.0,"enemies":"Cultist","floor":1.0,"turns":1.0},{"damage":0.0,"enemies":"Jaw Worm","floor":4.0,"turns":1.0},{"damage":0.0,"enemies":"3 Sentries","floor":6.0,"turns":1.0},{"damage":6.0,"enemies":"Small Slimes","floor":7.0,"turns":4.0},{"damage":21.0,"enemies":"Gremlin Nob","floor":8.0,"turns":4.0},{"damage":4.0,"enemies":"The Mushroom Lair","floor":11.0,"turns":3.0},{"damage":0.0,"enemies":"Exordium Wildlife","floor":12.0,"turns":2.0},{"damage":38.0,"enemies":"The Guardian","floor":16.0,"turns":14.0},{"damage":15,"enemies":"Shell Parasite","floor":18,"turns":9},{"damage":5,"enemies":"2 Thieves","floor":20,"turns":4},{"damage":2,"enemies":"Shelled Parasite and Fungi","floor":21,"turns":8},{"damage":34,"enemies":"Book of Stabbing","floor":23,"turns":5}],"seed_played":"-4111749859801498651","potions_obtained":[{"floor":4.0,"key":"Poison Potion"},{"floor":6.0,"key":"SkillPotion"},{"floor":7.0,"key":"LiquidBronze"},{"floor":20,"key":"SteroidPotion"}],"is_trial":false,"path_per_floor":["M","?","T","M","?","E","M","E","T","$","?","M","R","?","R","B",null,"M","$","M","M","?","E"],"character_chosen":"THE_SILENT","items_purchased":["Membership Card","Footwork","Shuriken","Sling"],"campfire_rested":2,"item_purchase_floors":[10,19,19,19],"current_hp_per_floor":[63,45,45,45,45,45,39,18,18,18,14,14,33,22,41,3,50,35,35,30,28,28,0],"gold":47,"neow_bonus":"THREE_ENEMY_KILL","is_prod":false,"is_daily":false,"chose_seed":false,"campfire_upgraded":0,"win_rate":0,"timestamp":1550131974,"path_taken":["M","?","?","?","?","E","M","E","T","$","?","M","R","?","R","BOSS","M","$","M","M","?","E"],"build_version":"2019-01-23","purchased_purges":1,"victory":false,"max_hp_per_floor":[70,70,70,70,65,65,65,65,65,65,65,65,65,65,65,65,65,65,65,65,65,65,65],"card_choices":[{"not_picked":["Accuracy","Flying Knee"],"picked":"Slice","floor":1.0},{"not_picked":["Quick Slash","Bane"],"picked":"Deflect","floor":4.0},{"not_picked":["Dash","Die Die Die"],"picked":"Prepared","floor":6.0},{"not_picked":["Bouncing Flask","Underhanded Strike"],"picked":"Dagger Spray","floor":7.0},{"not_picked":["Dash","Flechettes"],"picked":"Deadly Poison","floor":8.0},{"not_picked":["Prepared","Dash"],"picked":"Bullet Time","floor":11.0},{"not_picked":["Underhanded Strike","Masterful Stab"],"picked":"Acrobatics","floor":12.0},{"not_picked":["Setup","Leg Sweep"],"picked":"Backflip","floor":13.0},{"not_picked":["Dagger Throw","Flying Knee"],"picked":"Dash","floor":15.0},{"not_picked":["Wraith Form v2","Storm of Steel"],"picked":"Tools of the Trade","floor":16.0},{"not_picked":["Blade Dance","Quick Slash"],"picked":"Blur","floor":18},{"not_picked":["Dodge and Roll","Caltrops+1"],"picked":"Blade Dance","floor":20},{"not_picked":["Distraction","PiercingWail"],"picked":"Blade Dance","floor":21}],"player_experience":300052,"relics_obtained":[{"floor":3.0,"key":"Vajra"},{"floor":6.0,"key":"Omamori"},{"floor":8.0,"key":"Snake Skull"},{"floor":9.0,"key":"Ninja Scroll"},{"floor":11.0,"key":"Odd Mushroom"}],"event_choices":[{"damage_healed":0.0,"max_hp_gain":0.0,"max_hp_loss":0.0,"gold_gain":0.0,"event_name":"Scrap Ooze","player_choice":"Success","floor":2.0,"gold_loss":0.0,"damage_taken":18.0,"relics_obtained":["Dream Catcher"]},{"damage_healed":0.0,"max_hp_gain":0.0,"max_hp_loss":5.0,"gold_gain":0.0,"event_name":"Golden Idol","player_choice":"Lose Max HP","floor":5.0,"gold_loss":0.0,"damage_taken":0.0,"relics_obtained":["Golden Idol"]},{"damage_healed":0.0,"max_hp_gain":0.0,"max_hp_loss":0.0,"gold_gain":0.0,"event_name":"Mushrooms","player_choice":"Fought Mushrooms","floor":11.0,"gold_loss":0.0,"damage_taken":0.0},{"damage_healed":0.0,"max_hp_gain":0.0,"max_hp_loss":0.0,"gold_gain":75.0,"event_name":"World of Goop","player_choice":"Gather Gold","floor":14.0,"gold_loss":0.0,"damage_taken":11.0},{"damage_healed":0,"gold_gain":0,"player_choice":"Inject Mutagens","damage_taken":0,"relics_obtained":["MutagenicStrength"],"max_hp_gain":0,"max_hp_loss":0,"event_name":"Drug Dealer","floor":22,"gold_loss":0}],"is_beta":false,"boss_relics":[{"not_picked":["Runic Dome","Fusion Hammer"],"picked":"Ring of the Serpent"}],"items_purged_floors":[10],"is_endless":false,"potions_floor_spawned":[4,6,7,20],"killed_by":"Book of Stabbing","ascension_level":8}