{"gold_per_floor":[116,134,149,164,164,164,193,193,275,275,293,318,318,351,351,453,453,467,467,467,487,487,512,529,564,633,663,663,673,708,727,727,823,823,833,845,860,860,860,889,889,917,941,292,292,347,361,391,391,391,391,391,23,51,51],"floor_reached":56,"playtime":6538,"items_purged":[],"score":1649,"play_id":"8cfac857-57ea-4b04-84cd-30031d285def","local_time":"20190124172017","is_ascension_mode":true,"campfire_choices":[{"data":"Tools of the Trade","floor":6,"key":"SMITH"},{"floor":8,"key":"RECALL"},{"floor":10,"key":"REST"},{"data":"Neutralize","floor":13,"key":"SMITH"},{"floor":15,"key":"REST"},{"data":"Survivor","floor":28,"key":"SMITH"},{"data":"Choke","floor":32,"key":"SMITH"},{"data":"After Image","floor":41,"key":"SMITH"},{"floor":49,"key":"REST"},{"data":"Infinite Blades","floor":52,"key":"SMITH"}],"neow_cost":"NONE","seed_source_timestamp":41101720941514,"circlet_count":0,"master_deck":["Survivor+1","Neutralize+1","Dagger Throw","Poisoned Stab","Poisoned Stab","Tools of the Trade+1","Dash","Blade Dance+1","Leg Sweep+1","Storm of Steel+1","Choke+1","Tactician+1","Terror+1","Distraction+1","Tactician+1","After Image","Cloak And Dagger+1","Calculated Gamble+1","Burst+1","Distraction+1","Endless Agony","Leg Sweep+1","Backstab","Prepared+1","Endless Agony","Backflip+1","Eviscerate+1","Heel Hook","Eviscerate+1","After Image+1","Prepared+1","Escape Plan+1","Infinite Blades+1","Blur+1","Slice+1","Accuracy","After Image","Dagger Spray","Quick Slash","Die Die Die","Prepared+1","Reflex+1","Dramatic Entrance","Chrysalis+1","Impatience+1","Endless Agony+1","Dagger Throw","PanicButton+1","Mind Blast","Panacea+1","Deflect+1","Prepared+1"],"relics":["Ring of the Snake","NeowsBlessing","Tingsha","Toxic Egg 2","Potion Belt","War Paint","Pandora\u0027s Box","Boot","Bottled Tornado","Omamori","Tough Bandages","Black Star","The Courier","Pantograph","Oddly Smooth Stone","Ninja Scroll","Anchor","Dodecahedron","Regal Pillow","Bird Faced Urn","Snake Skull","Bronze Scales","Pear","Centennial Puzzle"],"potions_floor_usage":[7,23,23,33,54,55],"damage_taken":[{"damage":0,"enemies":"Cultist","floor":1,"turns":1},{"damage":0,"enemies":"Small Slimes","floor":2,"turns":1},{"damage":0,"enemies":"Jaw Worm","floor":3,"turns":1},{"damage":8,"enemies":"Looter","floor":4,"turns":3},{"damage":28,"enemies":"3 Sentries","floor":7,"turns":9},{"damage":3,"enemies":"Large Slime","floor":11,"turns":4},{"damage":8,"enemies":"Gremlin Nob","floor":12,"turns":4},{"damage":9,"enemies":"3 Sentries","floor":14,"turns":6},{"damage":31,"enemies":"Slime Boss","floor":16,"turns":7},{"damage":0,"enemies":"Chosen","floor":18,"turns":3},{"damage":0,"enemies":"2 Thieves","floor":21,"turns":2},{"damage":4,"enemies":"Slavers","floor":23,"turns":5},{"damage":15,"enemies":"Shelled Parasite and Fungi","floor":24,"turns":5},{"damage":0,"enemies":"Book of Stabbing","floor":25,"turns":4},{"damage":3,"enemies":"Gremlin Leader","floor":27,"turns":4},{"damage":0,"enemies":"Chosen and Byrds","floor":29,"turns":5},{"damage":0,"enemies":"Book of Stabbing","floor":30,"turns":4},{"damage":5,"enemies":"Centurion and Healer","floor":31,"turns":4},{"damage":7,"enemies":"Automaton","floor":33,"turns":7},{"damage":7,"enemies":"3 Shapes","floor":35,"turns":3},{"damage":0,"enemies":"Orb Walker","floor":36,"turns":3},{"damage":21,"enemies":"Transient","floor":37,"turns":5},{"damage":0,"enemies":"Giant Head","floor":40,"turns":7},{"damage":0,"enemies":"Reptomancer","floor":42,"turns":5},{"damage":16,"enemies":"Jaw Worm Horde","floor":47,"turns":3},{"damage":0,"enemies":"Giant Head","floor":48,"turns":8},{"damage":87,"enemies":"Time Eater","floor":50,"turns":16},{"damage":0,"enemies":"Shield and Spear","floor":54,"turns":5},{"damage":38,"enemies":"The Heart","floor":55,"turns":10}],"seed_played":"-2439854328422562224","potions_obtained":[{"floor":2,"key":"SteroidPotion"},{"floor":7,"key":"Fire Potion"},{"floor":12,"key":"EssenceOfSteel"},{"floor":16,"key":"EssenceOfSteel"},{"floor":23,"key":"Regen Potion"},{"floor":27,"key":"FairyPotion"},{"floor":30,"key":"SpeedPotion"},{"floor":31,"key":"SkillPotion"},{"floor":37,"key":"GhostInAJar"},{"floor":40,"key":"SneckoOil"}],"is_trial":false,"path_per_floor":["M","M","M","M","?","R","E","R","T","R","M","E","R","E","R","B",null,"M","?","?","M","?","E","M","E","T","E","R","M","E","M","R","B",null,"M","M","M","?","?","E","R","E","T","$","?","T","M","E","R","B",null,"R","$","E","B",null],"character_chosen":"THE_SILENT","items_purchased":["Accuracy","Dodecahedron","After Image","Dagger Spray","Quick Slash","Die Die Die","Prepared+1","Reflex+1","Bronze Scales","PanicButton+1","Mind Blast","Panacea+1","Deflect+1"],"campfire_rested":3,"item_purchase_floors":[44,44,44,44,44,44,44,44,53,53,53,53,53],"current_hp_per_floor":[70,70,70,62,48,48,20,20,20,41,38,30,30,21,42,11,70,70,70,80,80,80,76,61,61,61,58,58,58,58,53,53,46,80,73,73,52,72,72,72,72,72,72,72,62,62,46,46,80,1,80,80,80,90,71],"gold":51,"neow_bonus":"THREE_ENEMY_KILL","is_prod":false,"is_daily":false,"chose_seed":false,"campfire_upgraded":6,"win_rate":0,"timestamp":1548368417,"path_taken":["M","M","?","M","?","R","E","R","T","R","M","E","R","E","R","BOSS","M","?","?","?","?","E","M","E","T","E","R","M","E","M","R","BOSS","M","M","M","?","?","E","R","E","T","$","?","?","M","E","R","BOSS","R","$","E","BOSS"],"build_version":"2019-01-23","purchased_purges":0,"victory":true,"max_hp_per_floor":[70,70,70,70,70,70,70,70,70,70,70,70,70,70,70,70,70,70,70,80,80,80,80,80,80,80,80,80,80,80,80,80,80,80,80,80,80,80,80,80,80,80,80,80,80,80,80,80,80,80,80,80,80,90,90],"card_choices":[{"not_picked":["Deadly Poison","Flying Knee"],"picked":"Dagger Throw","floor":1},{"not_picked":["Deflect","Blade Dance"],"picked":"Poisoned Stab","floor":2},{"not_picked":["Flying Knee","Acrobatics"],"picked":"Poisoned Stab","floor":3},{"not_picked":["Dagger Spray","Slice"],"picked":"Tools of the Trade","floor":4},{"not_picked":["Flying Knee","Blur"],"picked":"Dash","floor":7},{"not_picked":["Dagger Throw","PiercingWail+1"],"picked":"Blade Dance+1","floor":11},{"not_picked":["Blade Dance+1","Acrobatics+1"],"picked":"Leg Sweep+1","floor":12},{"not_picked":["Tools of the Trade","Well Laid Plans"],"picked":"Die Die Die","floor":14},{"not_picked":["Die Die Die","After Image"],"picked":"Storm of Steel+1","floor":16},{"not_picked":["PiercingWail+1","Expertise+1"],"picked":"Distraction+1","floor":18},{"not_picked":["Deflect+1","Underhanded Strike"],"picked":"Leg Sweep+1","floor":21},{"not_picked":["Backflip+1","Deflect+1"],"picked":"Backstab","floor":23},{"not_picked":["Blade Dance+1","Wraith Form v2"],"picked":"Prepared+1","floor":24},{"not_picked":["Poisoned Stab","Dagger Throw"],"picked":"Endless Agony","floor":25},{"not_picked":["Bouncing Flask+1","Deadly Poison+1"],"picked":"Backflip+1","floor":27},{"not_picked":["Bane+1","Cloak And Dagger+1"],"picked":"Eviscerate+1","floor":29},{"not_picked":["Well Laid Plans","Eviscerate+1"],"picked":"Heel Hook","floor":30},{"not_picked":["Distraction+1","Underhanded Strike"],"picked":"Eviscerate+1","floor":31},{"not_picked":["Unload","Malaise+1"],"picked":"After Image","floor":33},{"not_picked":["Dash+1","Blade Dance+1"],"picked":"Prepared+1","floor":35},{"not_picked":["Dagger Throw","Riddle With Holes"],"picked":"Escape Plan+1","floor":36},{"not_picked":["Deflect+1","Prepared+1"],"picked":"Infinite Blades","floor":37},{"not_picked":["Deflect+1","Deadly Poison+1"],"picked":"Blur+1","floor":40},{"not_picked":["Distraction+1","Prepared+1"],"picked":"Slice+1","floor":42},{"not_picked":["Jack Of All Trades+1","Dark Shackles+1"],"picked":"Dramatic Entrance","floor":45},{"not_picked":["Violence+1","Mind Blast"],"picked":"Chrysalis+1","floor":45},{"not_picked":["Blind+1","Mayhem"],"picked":"Impatience+1","floor":45},{"not_picked":["Backflip+1","Dagger Throw+1"],"picked":"Endless Agony+1","floor":47},{"not_picked":["Outmaneuver+1","Quick Slash"],"picked":"Dagger Throw","floor":48},{"not_picked":["Outmaneuver+1","Skewer+1"],"picked":"Prepared+1","floor":54}],"player_experience":83089,"relics_obtained":[{"floor":7,"key":"Tingsha"},{"floor":9,"key":"Toxic Egg 2"},{"floor":12,"key":"Potion Belt"},{"floor":14,"key":"War Paint"},{"floor":23,"key":"Boot"},{"floor":25,"key":"Bottled Tornado"},{"floor":27,"key":"Omamori"},{"floor":30,"key":"Tough Bandages"},{"floor":40,"key":"The Courier"},{"floor":40,"key":"Pantograph"},{"floor":42,"key":"Oddly Smooth Stone"},{"floor":42,"key":"Ninja Scroll"},{"floor":43,"key":"Anchor"},{"floor":46,"key":"Regal Pillow"},{"floor":48,"key":"Bird Faced Urn"},{"floor":48,"key":"Snake Skull"},{"floor":54,"key":"Pear"},{"floor":54,"key":"Centennial Puzzle"}],"event_choices":[{"damage_healed":0,"gold_gain":0,"player_choice":"Entered Light","damage_taken":14,"max_hp_gain":0,"max_hp_loss":0,"event_name":"Shining Light","floor":5,"gold_loss":0,"cards_upgraded":["Strike_G","Strike_G"]},{"damage_healed":0,"gold_gain":0,"player_choice":"Read","damage_taken":0,"max_hp_gain":0,"max_hp_loss":0,"event_name":"The Library","floor":19,"gold_loss":0,"cards_obtained":["Endless Agony"]},{"cards_removed":["Storm of Steel"],"damage_healed":0,"gold_gain":0,"player_choice":"Offered Rare","damage_taken":0,"max_hp_gain":10,"max_hp_loss":0,"event_name":"Bonfire Elementals","floor":20,"gold_loss":0},{"damage_healed":0,"gold_gain":0,"player_choice":"Ignored","damage_taken":0,"max_hp_gain":0,"max_hp_loss":0,"event_name":"Ghosts","floor":22,"gold_loss":0},{"damage_healed":20,"gold_gain":0,"player_choice":"Writhe","damage_taken":0,"max_hp_gain":0,"max_hp_loss":0,"event_name":"Winding Halls","floor":38,"gold_loss":0,"cards_obtained":["Writhe"]},{"cards_removed":["Die Die Die"],"damage_healed":0,"gold_gain":0,"player_choice":"Removed Attack","damage_taken":0,"max_hp_gain":0,"max_hp_loss":0,"event_name":"Falling","floor":39,"gold_loss":0},{"damage_healed":0,"gold_gain":0,"player_choice":"Memory 3","damage_taken":10,"max_hp_gain":0,"max_hp_loss":0,"event_name":"SensoryStone","floor":45,"gold_loss":0}],"is_beta":false,"boss_relics":[{"not_picked":["Sozu","Fusion Hammer"],"picked":"Pandora\u0027s Box"},{"not_picked":["Lizard Tail","Astrolabe"],"picked":"Black Star"}],"items_purged_floors":[],"is_endless":false,"potions_floor_spawned":[2,7,12,16,23,27,30,31,37,40],"ascension_level":2}