{"gold_per_floor":[109,259,259,278,290,325,325,341,423,435,19,19,0,13,13,13],"floor_reached":16,"playtime":518,"items_purged":["Pain"],"score":204,"play_id":"d732dfdf-f471-44dd-a23d-cc6a1281533f","local_time":"20181120001125","is_ascension_mode":true,"campfire_choices":[{"floor":7,"key":"REST"},{"floor":15,"key":"REST"}],"neow_cost":"NONE","seed_source_timestamp":48611690905133,"circlet_count":0,"master_deck":["AscendersBane","Strike_R","Strike_R","Strike_R","Strike_R","Strike_R","Defend_R","Defend_R","Defend_R","Defend_R","Bash","Metallicize","Doubt","True Grit","Ghostly Armor","True Grit","Battle Trance","Clothesline+1","Feel No Pain","Pommel Strike+1","Immolate+1"],"special_seed":0,"relics":["Burning Blood","NeowsBlessing","WarpedTongs","Nunchaku","Molten Egg 2","Paper Frog","Blood Vial"],"potions_floor_usage":[10,16],"damage_taken":[{"damage":0.0,"enemies":"2 Louse","floor":1.0,"turns":1.0},{"damage":0.0,"enemies":"Jaw Worm","floor":4.0,"turns":1.0},{"damage":0.0,"enemies":"Cultist","floor":5.0,"turns":1.0},{"damage":71,"enemies":"Gremlin Nob","floor":6,"turns":7},{"damage":9,"enemies":"Exordium Wildlife","floor":8,"turns":5},{"damage":17,"enemies":"Gremlin Gang","floor":10,"turns":7},{"damage":2,"enemies":"Looter","floor":13,"turns":4},{"damage":6,"enemies":"Red Slaver","floor":14,"turns":5},{"damage":53,"enemies":"Hexaghost","floor":16,"turns":9}],"seed_played":"7084232477944981707","potions_obtained":[{"floor":6,"key":"Poison Potion"},{"floor":8,"key":"Weak Potion"},{"floor":14,"key":"FearPotion"}],"is_trial":false,"path_per_floor":["M","?","?","M","M","E","R","M","T","M","$","?","M","M","R","B"],"character_chosen":"IRONCLAD","items_purchased":["Paper Frog","Feel No Pain"],"campfire_rested":2,"item_purchase_floors":[11,11],"current_hp_per_floor":[74,74,74,75,75,10,32,29,29,18,18,18,24,26,48,0],"gold":13,"neow_bonus":"THREE_ENEMY_KILL","is_prod":false,"is_daily":false,"chose_seed":false,"campfire_upgraded":0,"win_rate":0,"timestamp":1542701485,"path_taken":["M","?","?","?","M","E","R","M","T","M","$","?","M","M","R","BOSS"],"build_version":"2018-11-15","purchased_purges":1,"victory":false,"max_hp_per_floor":[75,75,75,75,75,75,75,75,75,75,75,75,75,75,75,75],"card_choices":[{"not_picked":["Warcry","Body Slam"],"picked":"Metallicize","floor":1.0},{"not_picked":["Sword Boomerang","Anger"],"picked":"True Grit","floor":4.0},{"not_picked":["Perfected Strike","Entrench"],"picked":"Ghostly Armor","floor":5.0},{"not_picked":["Clash","Clothesline"],"picked":"True Grit","floor":6},{"not_picked":["Pummel","Intimidate"],"picked":"Battle Trance","floor":8},{"not_picked":["Havoc","Warcry"],"picked":"Clothesline+1","floor":10},{"not_picked":["Body Slam+1","Clash+1"],"picked":"Pommel Strike+1","floor":13},{"not_picked":["Anger+1","Wild Strike+1"],"picked":"Immolate+1","floor":14}],"player_experience":657526,"relics_obtained":[{"floor":6,"key":"Nunchaku"},{"floor":9,"key":"Molten Egg 2"}],"event_choices":[{"damage_healed":0.0,"max_hp_gain":0.0,"max_hp_loss":0.0,"gold_gain":150.0,"event_name":"Liars Game","player_choice":"AGREE","floor":2.0,"gold_loss":0.0,"damage_taken":0.0,"cards_obtained":["Doubt"]},{"damage_healed":0.0,"max_hp_gain":0.0,"max_hp_loss":0.0,"gold_gain":0.0,"event_name":"Accursed Blacksmith","player_choice":"Rummage","floor":3.0,"gold_loss":0.0,"damage_taken":0.0,"relics_obtained":["WarpedTongs"],"cards_obtained":["Pain"]},{"damage_healed":0,"gold_gain":0,"player_choice":"Gave Potion","damage_taken":0,"relics_obtained":["Blood Vial"],"max_hp_gain":0,"max_hp_loss":0,"event_name":"WeMeetAgain","floor":12,"gold_loss":0}],"is_beta":false,"boss_relics":[],"items_purged_floors":[11],"is_endless":false,"potions_floor_spawned":[6,8,14],"killed_by":"Hexaghost","ascension_level":20}