{"gold_per_floor":[114,39,39,54,70,70,70,86,138,138,138,38,49,49,49,145,145,159,173,173,184,200,200,230,105,135,154,168,18,18,37,37,139,139,154,166,114,132,147,178,188,188,211,211,36,48,48,65,65,65],"floor_reached":51,"playtime":2275,"items_purged":["Body Slam","Iron Wave","Shrug It Off","Shrug It Off","Shrug It Off"],"score":868,"play_id":"da255bdf-3d36-4362-acb8-96b604fac638","local_time":"20180912000025","daily_mods":["Draft"],"is_ascension_mode":false,"campfire_choices":[{"data":"Anger","floor":6,"key":"SMITH"},{"data":"Flex","floor":10,"key":"SMITH"},{"data":"Flex","floor":15,"key":"SMITH"},{"data":"Flex","floor":23,"key":"SMITH"},{"data":"Flex","floor":32,"key":"SMITH"},{"data":"Anger","floor":42,"key":"SMITH"},{"data":"Flex","floor":44,"key":"SMITH"},{"data":"Flex","floor":47,"key":"SMITH"},{"floor":49,"key":"REST"}],"neow_cost":"","seed_source_timestamp":438134945036843,"circlet_count":0,"master_deck":["Flex+1","Anger+1","Clash","Flex+1","Flex+1","Flex+1","Clash+1","Anger+1","Flex+1","Clash","Flex+1","Whirlwind+1"],"relics":["Unceasing Top","Regal Pillow","Empty Cage","Bag of Preparation","Tiny Chest","Sozu","Paper Frog","Lantern"],"potions_floor_usage":[16,50,50,50],"damage_taken":[{"damage":0,"enemies":"2 Louse","floor":1,"turns":1},{"damage":0,"enemies":"Jaw Worm","floor":4,"turns":2},{"damage":0,"enemies":"Cultist","floor":5,"turns":2},{"damage":0,"enemies":"Large Slime","floor":8,"turns":2},{"damage":0,"enemies":"Gremlin Gang","floor":13,"turns":2},{"damage":30,"enemies":"The Guardian","floor":16,"turns":6},{"damage":0,"enemies":"Spheric Guardian","floor":18,"turns":2},{"damage":0,"enemies":"Shell Parasite","floor":19,"turns":2},{"damage":0,"enemies":"Centurion and Healer","floor":21,"turns":2},{"damage":0,"enemies":"Chosen and Byrds","floor":22,"turns":2},{"damage":1,"enemies":"Slavers","floor":24,"turns":2},{"damage":0,"enemies":"Shelled Parasite and Fungi","floor":27,"turns":1},{"damage":0,"enemies":"Sentry and Sphere","floor":28,"turns":1},{"damage":0,"enemies":"Snake Plant","floor":31,"turns":1},{"damage":0,"enemies":"Champ","floor":33,"turns":1},{"damage":0,"enemies":"3 Darklings","floor":35,"turns":1},{"damage":0,"enemies":"Orb Walker","floor":36,"turns":1},{"damage":4,"enemies":"4 Shapes","floor":38,"turns":1},{"damage":0,"enemies":"Sphere and 2 Shapes","floor":39,"turns":1},{"damage":0,"enemies":"2 Orb Walkers","floor":40,"turns":1},{"damage":0,"enemies":"Transient","floor":41,"turns":1},{"damage":6,"enemies":"4 Shapes","floor":46,"turns":1},{"damage":0,"enemies":"3 Darklings","floor":48,"turns":1},{"damage":27,"enemies":"Time Eater","floor":50,"turns":2}],"seed_played":"8387427493247614382","potions_obtained":[{"floor":4,"key":"PowerPotion"},{"floor":13,"key":"Block Potion"},{"floor":19,"key":"Explosive Potion"},{"floor":22,"key":"SteroidPotion"},{"floor":27,"key":"Fire Potion"},{"floor":33,"key":"Strength Potion"}],"is_trial":true,"path_per_floor":["M","$","?","M","M","R","?","M","T","R","?","$","M","$","R","B",null,"M","M","?","M","M","R","E","$","T","M","M","$","$","M","R","B",null,"M","M","$","M","M","E","M","R","T","R","$","M","R","M","R","B"],"character_chosen":"IRONCLAD","items_purchased":["Flex"],"campfire_rested":1,"item_purchase_floors":[37],"current_hp_per_floor":[80,80,73,73,73,73,73,73,73,73,78,78,78,78,78,48,80,80,80,80,80,80,80,79,79,79,79,79,79,79,79,79,79,80,80,80,80,76,76,76,76,76,76,76,76,70,70,70,80,53],"gold":65,"neow_bonus":"","is_prod":false,"is_daily":false,"chose_seed":false,"campfire_upgraded":8,"win_rate":0,"timestamp":1536724825,"path_taken":["M","$","?","M","M","R","?","M","T","R","?","$","M","$","R","BOSS","M","M","?","M","M","R","E","$","T","M","?","?","$","M","R","BOSS","M","?","$","M","M","E","M","R","T","R","$","M","R","M","R","BOSS"],"build_version":"2018-09-06","purchased_purges":5,"victory":true,"max_hp_per_floor":[80,80,80,80,80,80,80,80,80,80,80,80,80,80,80,80,80,80,80,80,80,80,80,80,80,80,80,80,80,80,80,80,80,80,80,80,80,80,80,80,80,80,80,80,80,80,80,80,80,80],"card_choices":[{"not_picked":["Anger","Armaments"],"picked":"Flex","floor":0},{"not_picked":["Wild Strike","Sever Soul"],"picked":"Shrug It Off","floor":0},{"not_picked":["Iron Wave","Feel No Pain"],"picked":"Anger","floor":0},{"not_picked":["Evolve","Headbutt"],"picked":"Pommel Strike","floor":0},{"not_picked":["Iron Wave","Body Slam"],"picked":"Shrug It Off","floor":0},{"not_picked":["Warcry","Sever Soul"],"picked":"Clash","floor":0},{"not_picked":["Havoc","Body Slam"],"picked":"Shrug It Off","floor":0},{"not_picked":["Inflame","Shockwave"],"picked":"Flex","floor":0},{"not_picked":["Clothesline","True Grit"],"picked":"Body Slam","floor":0},{"not_picked":["Rampage","True Grit"],"picked":"Iron Wave","floor":0},{"not_picked":["Iron Wave","Wild Strike"],"picked":"Body Slam","floor":0},{"not_picked":["Twin Strike","Shrug It Off"],"picked":"Body Slam","floor":0},{"not_picked":["Metallicize","Bloodletting"],"picked":"Body Slam","floor":0},{"not_picked":["Infernal Blade","Clothesline"],"picked":"Flex","floor":0},{"not_picked":["Headbutt","Cleave"],"picked":"Flex","floor":0},{"not_picked":["Body Slam","Heavy Blade","Carnage"],"picked":"SKIP","floor":1},{"not_picked":["Spot Weakness","Carnage","Sword Boomerang"],"picked":"SKIP","floor":4},{"not_picked":["Heavy Blade","Body Slam","Power Through"],"picked":"SKIP","floor":5},{"not_picked":["Pommel Strike","Cleave","Perfected Strike"],"picked":"SKIP","floor":8},{"not_picked":["Havoc","Body Slam","Armaments"],"picked":"SKIP","floor":13},{"not_picked":["Shockwave","Perfected Strike+1","Entrench"],"picked":"SKIP","floor":18},{"not_picked":["Twin Strike","Flex+1"],"picked":"Clash","floor":19},{"not_picked":["Twin Strike+1","Wild Strike+1"],"picked":"Anger","floor":21},{"not_picked":["Sever Soul+1","Metallicize+1","Cleave+1"],"picked":"SKIP","floor":22},{"not_picked":["Warcry","Havoc","Reckless Charge"],"picked":"SKIP","floor":24},{"not_picked":["Inflame","Clothesline","Power Through"],"picked":"SKIP","floor":27},{"not_picked":["Inflame","Clothesline","Power Through"],"picked":"SKIP","floor":27},{"not_picked":["Burning Pact","Reckless Charge","True Grit"],"picked":"SKIP","floor":28},{"not_picked":["Spot Weakness","Sword Boomerang","Havoc"],"picked":"SKIP","floor":31},{"not_picked":["Armaments","Clothesline+1","Infernal Blade+1"],"picked":"SKIP","floor":35},{"not_picked":["Shrug It Off+1","Armaments","True Grit+1"],"picked":"SKIP","floor":36},{"not_picked":["Headbutt","Armaments+1"],"picked":"Clash","floor":38},{"not_picked":["Warcry+1","Thunderclap","Pommel Strike"],"picked":"SKIP","floor":39},{"not_picked":["Exhume","Armaments","Pummel"],"picked":"SKIP","floor":40},{"not_picked":["True Grit+1","Corruption+1"],"picked":"Flex","floor":41},{"not_picked":["Cleave+1","Evolve+1"],"picked":"Whirlwind+1","floor":46},{"not_picked":["Second Wind+1","True Grit","Twin Strike+1"],"picked":"SKIP","floor":48}],"player_experience":110071,"relics_obtained":[{"floor":9,"key":"Regal Pillow"},{"floor":24,"key":"Bag of Preparation"},{"floor":26,"key":"Tiny Chest"},{"floor":40,"key":"Paper Frog"},{"floor":43,"key":"Lantern"}],"event_choices":[{"event_name":"Golden Wing","player_choice":"Card Removal","floor":3,"damage_taken":0},{"event_name":"Liars Game","player_choice":"disagreed","floor":7,"damage_taken":0},{"event_name":"Bonfire Elementals","player_choice":"COMMON","floor":11,"damage_taken":0},{"event_name":"Upgrade Shrine","player_choice":"Upgraded","floor":20,"damage_taken":0}],"is_beta":false,"boss_relics":[{"not_picked":["Coffee Dripper","Tiny House"],"picked":"Empty Cage"},{"not_picked":["Lizard Tail","Runic Cube"],"picked":"Sozu"}],"items_purged_floors":[2,12,25,29,45],"is_endless":false,"potions_floor_spawned":[4,13,19,22,27,33,35,41,46,48],"ascension_level":0}