{"gold_per_floor":[119,135,135,60,72,72,90,90,162,1,1,14,14,89,89,183,183,167,167,181,181,181],"floor_reached":22,"playtime":656,"items_purged":["Defend_G"],"score":348,"play_id":"07e453cb-b0ee-475c-b459-a074efde70cf","local_time":"20181103003059","is_ascension_mode":true,"campfire_choices":[{"data":"Neutralize","floor":6,"key":"SMITH"},{"floor":11,"key":"REST"},{"data":"Terror","floor":13,"key":"SMITH"},{"data":"Quick Slash","floor":15,"key":"SMITH"}],"neow_cost":"NONE","seed_source_timestamp":101430162899380,"circlet_count":0,"master_deck":["AscendersBane","Defend_G","Defend_G","Defend_G","Survivor","Neutralize+1","Infinite Blades","Quick Slash+1","Escape Plan","Terror+1","A Thousand Cuts+1","Burst+1","Reflex+1","Wraith Form v2+1","Writhe","Noxious Fumes+1"],"relics":["Empty Cage","Golden Idol","Frozen Egg 2","Oddly Smooth Stone","Astrolabe","Art of War","Enchiridion"],"potions_floor_usage":[16,16,22],"damage_taken":[{"damage":10,"enemies":"Cultist","floor":1,"turns":6},{"damage":0,"enemies":"2 Louse","floor":2,"turns":3},{"damage":4,"enemies":"Small Slimes","floor":5,"turns":4},{"damage":6,"enemies":"Looter","floor":7,"turns":3},{"damage":5,"enemies":"Exordium Wildlife","floor":12,"turns":7},{"damage":2,"enemies":"The Guardian","floor":16,"turns":10},{"damage":2,"enemies":"2 Thieves","floor":18,"turns":4},{"damage":8,"enemies":"3 Byrds","floor":20,"turns":5},{"damage":42,"enemies":"Cultist and Chosen","floor":22,"turns":3}],"seed_played":"-282284116062712402","potions_obtained":[{"floor":5,"key":"Strength Potion"},{"floor":12,"key":"EssenceOfSteel"},{"floor":20,"key":"Poison Potion"}],"is_trial":false,"path_per_floor":["M","M","?","$","M","R","M","?","T","$","R","M","R","?","R","B",null,"M","?","M","?","M"],"character_chosen":"THE_SILENT","items_purchased":["Oddly Smooth Stone"],"campfire_rested":1,"item_purchase_floors":[10],"current_hp_per_floor":[49,49,49,49,45,45,39,39,39,39,57,52,52,41,41,39,55,53,53,45,24,0],"gold":181,"neow_bonus":"BOSS_RELIC","is_prod":false,"is_daily":false,"chose_seed":false,"campfire_upgraded":3,"win_rate":0,"timestamp":1541230259,"path_taken":["M","M","?","?","M","R","M","?","T","$","R","M","R","?","R","BOSS","M","?","M","?","M"],"build_version":"2018-11-01","purchased_purges":1,"victory":false,"max_hp_per_floor":[66,66,66,66,66,66,66,60,60,60,60,60,60,60,60,60,60,60,60,60,60,60],"card_choices":[{"not_picked":["Dodge and Roll","Deflect"],"picked":"Infinite Blades","floor":1},{"not_picked":["Bane","Dagger Spray"],"picked":"Quick Slash","floor":2},{"not_picked":["Calculated Gamble","Bane","Blade Dance"],"picked":"SKIP","floor":5},{"not_picked":["Prepared","Finisher"],"picked":"Escape Plan","floor":7},{"not_picked":["Slice","Sucker Punch"],"picked":"Terror","floor":12},{"not_picked":["Bullet Time","Corpse Explosion"],"picked":"A Thousand Cuts+1","floor":16},{"not_picked":["Choke+1","Dagger Spray","Poisoned Stab"],"picked":"SKIP","floor":18},{"not_picked":["Quick Slash","Backflip"],"picked":"Noxious Fumes+1","floor":20}],"player_experience":592862,"relics_obtained":[{"floor":9,"key":"Frozen Egg 2"},{"floor":21,"key":"Enchiridion"}],"event_choices":[{"cards_removed":["Strike_G"],"damage_healed":0,"gold_gain":0,"player_choice":"Purged","damage_taken":0,"max_hp_gain":0,"max_hp_loss":0,"event_name":"Purifier","floor":3,"gold_loss":0},{"damage_healed":0,"gold_gain":0,"player_choice":"Lose Max HP","damage_taken":0,"relics_obtained":["Golden Idol"],"max_hp_gain":0,"max_hp_loss":6,"event_name":"Golden Idol","floor":8,"gold_loss":0},{"damage_healed":0,"gold_gain":75,"player_choice":"Gather Gold","damage_taken":11,"max_hp_gain":0,"max_hp_loss":0,"event_name":"World of Goop","floor":14,"gold_loss":0},{"damage_healed":0,"gold_gain":0,"player_choice":"Opened","damage_taken":0,"relics_obtained":["Art of War"],"max_hp_gain":0,"max_hp_loss":0,"event_name":"The Mausoleum","floor":19,"gold_loss":0,"cards_obtained":["Writhe"]},{"damage_healed":0,"gold_gain":0,"player_choice":"Obtained Book","damage_taken":21,"max_hp_gain":0,"max_hp_loss":0,"event_name":"Cursed Tome","floor":21,"gold_loss":0}],"is_beta":false,"boss_relics":[{"not_picked":["Orrery","Tiny House"],"picked":"Astrolabe"}],"items_purged_floors":[4],"is_endless":false,"potions_floor_spawned":[5,12,20],"killed_by":"Cultist and Chosen","ascension_level":20}