{"gold_per_floor":[114,114,114,114,124,157,174,174,174,27,27,27,61,81,81,81],"floor_reached":16,"playtime":498,"items_purged":["Strike_B"],"score":233,"play_id":"2cbb008b-2743-45a2-9b5d-53e7d83c93bf","local_time":"20190115201135","is_ascension_mode":true,"campfire_choices":[{"data":"Zap","floor":11,"key":"SMITH"},{"data":"Chaos","floor":15,"key":"SMITH"}],"neow_cost":"NONE","seed_source_timestamp":445923632679800,"circlet_count":0,"master_deck":["AscendersBane","Strike_B","Strike_B+1","Strike_B","Defend_B+1","Defend_B","Defend_B","Defend_B","Zap+1","Dualcast","Capacitor+1","Reboot","Skim","Ball Lightning","Doom and Gloom","Electrodynamics","Chaos+1","Coolheaded"],"relics":["Cracked Core","NeowsBlessing","Symbiotic Virus","Kunai","Dodecahedron"],"potions_floor_usage":[13,16],"damage_taken":[{"damage":0,"enemies":"Cultist","floor":1,"turns":1},{"damage":0,"enemies":"Small Slimes","floor":5,"turns":1},{"damage":0,"enemies":"Lagavulin","floor":6,"turns":1},{"damage":0,"enemies":"2 Louse","floor":7,"turns":3},{"damage":15,"enemies":"3 Sentries","floor":13,"turns":3},{"damage":9,"enemies":"Red Slaver","floor":14,"turns":2},{"damage":26,"enemies":"The Guardian","floor":16,"turns":5}],"seed_played":"-5078210046301728685","potions_obtained":[{"floor":6,"key":"AttackPotion"},{"floor":13,"key":"SpeedPotion"}],"is_trial":false,"path_per_floor":["M","?","?","?","M","E","M","?","T","$","R","?","E","M","R","B"],"character_chosen":"DEFECT","items_purchased":["Electrodynamics"],"campfire_rested":0,"item_purchase_floors":[10],"current_hp_per_floor":[64,43,43,43,43,43,43,48,48,48,48,48,33,24,24,0],"gold":81,"neow_bonus":"THREE_ENEMY_KILL","is_prod":false,"is_daily":false,"chose_seed":false,"campfire_upgraded":2,"win_rate":0,"timestamp":1547611895,"path_taken":["M","?","?","?","?","E","M","?","T","?","R","?","E","M","R","BOSS"],"build_version":"2019-01-10","purchased_purges":1,"victory":false,"max_hp_per_floor":[71,71,71,71,71,71,71,76,76,76,76,76,76,76,76,76],"card_choices":[{"not_picked":["Compile Driver","Conserve Battery"],"picked":"Capacitor","floor":1},{"not_picked":["Doom and Gloom","Streamline"],"picked":"Skim","floor":5},{"not_picked":["Lockon","Beam Cell"],"picked":"Ball Lightning","floor":6},{"not_picked":["Redo","Cold Snap"],"picked":"Doom and Gloom","floor":7},{"not_picked":["Seek","Turbo"],"picked":"Chaos","floor":13},{"not_picked":["Beam Cell","Streamline"],"picked":"Coolheaded","floor":14}],"player_experience":479021,"relics_obtained":[{"floor":6,"key":"Symbiotic Virus"},{"floor":9,"key":"Kunai"},{"floor":13,"key":"Dodecahedron"}],"event_choices":[{"damage_healed":0,"gold_gain":0,"player_choice":"Entered Light","damage_taken":21,"max_hp_gain":0,"max_hp_loss":0,"event_name":"Shining Light","floor":2,"gold_loss":0,"cards_upgraded":["Strike_B","Defend_B"]},{"damage_healed":0,"gold_gain":0,"player_choice":"Ignored","damage_taken":0,"max_hp_gain":0,"max_hp_loss":0,"event_name":"Liars Game","floor":3,"gold_loss":0},{"damage_healed":0,"gold_gain":0,"player_choice":"1 cards matched","damage_taken":0,"max_hp_gain":0,"max_hp_loss":0,"event_name":"Match and Keep!","floor":4,"gold_loss":0,"cards_obtained":["Reboot"]},{"damage_healed":0,"gold_gain":0,"player_choice":"Donut","damage_taken":0,"max_hp_gain":5,"max_hp_loss":0,"event_name":"Big Fish","floor":8,"gold_loss":0},{"damage_healed":0,"gold_gain":0,"player_choice":"Grow","damage_taken":0,"max_hp_gain":0,"max_hp_loss":0,"event_name":"Living Wall","floor":12,"gold_loss":0,"cards_upgraded":["Capacitor"]}],"is_beta":false,"boss_relics":[],"items_purged_floors":[10],"is_endless":false,"potions_floor_spawned":[6,13],"killed_by":"The Guardian","ascension_level":15}