{"gold_per_floor":[109,109,121,196,215,271,170,198,225,225,239,266,279,279,279,279],"floor_reached":16,"playtime":886,"items_purged":["Strike_G"],"score":162,"play_id":"52e3920c-0939-47cf-a552-6f2109064892","local_time":"20190131031710","is_ascension_mode":true,"campfire_choices":[{"data":"Leg Sweep","floor":15,"key":"SMITH"}],"neow_cost":"NONE","seed_source_timestamp":600802674621042,"circlet_count":0,"master_deck":["Defend_G","Defend_G+1","Defend_G","Defend_G","Defend_G","Strike_G","Strike_G+1","Strike_G+1","Survivor+1","Neutralize","Leg Sweep+1","Poisoned Stab","Dash","Dagger Spray","Quick Slash","Heel Hook","Caltrops","Dash","Poisoned Stab"],"special_seed":0,"relics":["Ring of the Snake","Whetstone","Anchor","Tiny Chest","Dodecahedron","War Paint","Orichalcum","Bottled Lightning"],"potions_floor_usage":[12,16],"damage_taken":[{"damage":0.0,"enemies":"Jaw Worm","floor":1.0,"turns":4.0},{"damage":3.0,"enemies":"Small Slimes","floor":3.0,"turns":5.0},{"damage":0.0,"enemies":"2 Louse","floor":5.0,"turns":5.0},{"damage":10.0,"enemies":"Lagavulin","floor":6.0,"turns":12.0},{"damage":2.0,"enemies":"3 Sentries","floor":8.0,"turns":8.0},{"damage":0.0,"enemies":"Blue Slaver","floor":11.0,"turns":3.0},{"damage":12,"enemies":"Lagavulin","floor":12,"turns":11},{"damage":2,"enemies":"2 Fungi Beasts","floor":13,"turns":3},{"damage":10,"enemies":"Slime Boss","floor":16,"turns":6}],"seed_played":"-1576528063822960008","potions_obtained":[{"floor":5.0,"key":"Dexterity Potion"},{"floor":6.0,"key":"Block Potion"},{"floor":11.0,"key":"Energy Potion"},{"floor":12,"key":"FearPotion"}],"is_trial":false,"path_per_floor":["M","?","M","?","M","E","$","E","T","?","M","E","M","T","R","B"],"character_chosen":"THE_SILENT","items_purchased":["Quick Slash"],"campfire_rested":0,"item_purchase_floors":[7],"current_hp_per_floor":[63,56,53,42,42,32,32,30,30,23,23,11,9,9,9,0],"gold":279,"neow_bonus":"RANDOM_COMMON_RELIC","is_prod":false,"is_daily":false,"chose_seed":false,"campfire_upgraded":1,"win_rate":0,"timestamp":1548922630,"path_taken":["M","?","M","?","M","E","$","E","T","?","M","E","M","?","R","BOSS"],"build_version":"2019-01-23","purchased_purges":1,"victory":false,"max_hp_per_floor":[70,70,70,70,70,70,70,70,70,70,70,70,70,70,70,70],"card_choices":[{"not_picked":["Deadly Poison","PiercingWail"],"picked":"Leg Sweep","floor":1.0},{"not_picked":["Bane","Deflect"],"picked":"Poisoned Stab","floor":3.0},{"not_picked":["Concentrate","Dagger Spray"],"picked":"Dash","floor":5.0},{"not_picked":["PiercingWail","Outmaneuver"],"picked":"Dagger Spray","floor":6.0},{"not_picked":["Setup","Prepared"],"picked":"Heel Hook","floor":8.0},{"not_picked":["Concentrate","Caltrops","Bane"],"picked":"SKIP","floor":11.0},{"not_picked":["Concentrate","Bane"],"picked":"Caltrops","floor":11.0},{"not_picked":["Flying Knee","Prepared"],"picked":"Dash","floor":12},{"not_picked":["Dodge and Roll","Dagger Spray"],"picked":"Poisoned Stab","floor":13}],"player_experience":265258,"relics_obtained":[{"floor":6.0,"key":"Tiny Chest"},{"floor":8.0,"key":"Dodecahedron"},{"floor":9.0,"key":"War Paint"},{"floor":12,"key":"Orichalcum"},{"floor":14,"key":"Bottled Lightning"}],"event_choices":[{"damage_healed":0.0,"max_hp_gain":0.0,"max_hp_loss":0.0,"gold_gain":0.0,"event_name":"Scrap Ooze","player_choice":"Success","floor":2.0,"gold_loss":0.0,"damage_taken":7.0,"relics_obtained":["Anchor"]},{"damage_healed":0.0,"max_hp_gain":0.0,"max_hp_loss":0.0,"gold_gain":75.0,"event_name":"World of Goop","player_choice":"Gather Gold","floor":4.0,"gold_loss":0.0,"damage_taken":11.0},{"cards_removed":["Strike_G"],"damage_healed":0.0,"max_hp_gain":0.0,"max_hp_loss":0.0,"gold_gain":0.0,"event_name":"Golden Wing","player_choice":"Card Removal","floor":10.0,"gold_loss":0.0,"damage_taken":7.0}],"is_beta":false,"boss_relics":[],"items_purged_floors":[7],"is_endless":false,"potions_floor_spawned":[5,6,11,12],"killed_by":"Slime Boss","ascension_level":7}