{"gold_per_floor":[110,120,134,134,154,154,154,154,177,193,44,44,64,93,93,189,189,202,236,224,124,124,124,134,150,197,197,216,216,235,249,249,345,345,358,358,101,201,217,217,232,232,232,232,248,263,263,116,116,116],"floor_reached":51,"playtime":2606,"items_purged":["Defend_R","Limit Break"],"score":776,"play_id":"f040293b-9fe0-43c2-9a76-2da6cedbb33d","local_time":"20190829191202","is_ascension_mode":false,"campfire_choices":[{"data":"Flame Barrier","floor":6,"key":"SMITH"},{"data":"Feel No Pain","floor":8,"key":"SMITH"},{"data":"Intimidate","floor":12,"key":"SMITH"},{"data":"Rampage","floor":15,"key":"SMITH"},{"data":"Barricade","floor":23,"key":"SMITH"},{"floor":29,"key":"REST"},{"floor":32,"key":"REST"},{"data":"Entrench","floor":40,"key":"SMITH"},{"floor":42,"key":"REST"},{"data":"Dark Embrace","floor":47,"key":"SMITH"},{"floor":49,"key":"REST"}],"neow_cost":"NONE","seed_source_timestamp":632511429207599,"circlet_count":0,"master_deck":["Bash","Flame Barrier+1","Feel No Pain+1","Sever Soul","Intimidate+1","Rampage+1","Sentinel","Barricade+1","Dark Embrace+1","Ghostly Armor","Cleave","Iron Wave","Feed","Cleave","Intimidate","Body Slam+1","Entrench+1","Body Slam+1"],"relics":["Burning Blood","Art of War","Ancient Tea Set","Strawberry","Pandora\u0027s Box","Red Mask","PreservedInsect","Busted Crown","Shuriken","Ice Cream","Bag of Marbles"],"potions_floor_usage":[16,16,16,24,30,30,33,33,35,50,50],"damage_taken":[{"damage":1,"enemies":"Cultist","floor":1,"turns":4},{"damage":0,"enemies":"Jaw Worm","floor":2,"turns":4},{"damage":0,"enemies":"Small Slimes","floor":3,"turns":5},{"damage":6,"enemies":"Red Slaver","floor":5,"turns":4},{"damage":4,"enemies":"Exordium Wildlife","floor":10,"turns":3},{"damage":0,"enemies":"Blue Slaver","floor":13,"turns":4},{"damage":14,"enemies":"3 Sentries","floor":14,"turns":8},{"damage":46,"enemies":"The Guardian","floor":16,"turns":12},{"damage":13,"enemies":"Spheric Guardian","floor":18,"turns":10},{"damage":44,"enemies":"Masked Bandits","floor":19,"turns":7},{"damage":9,"enemies":"2 Thieves","floor":20,"turns":4},{"damage":4,"enemies":"Cultist and Chosen","floor":24,"turns":7},{"damage":18,"enemies":"Snake Plant","floor":25,"turns":5},{"damage":12,"enemies":"Centurion and Healer","floor":28,"turns":9},{"damage":7,"enemies":"Cultist and Chosen","floor":30,"turns":7},{"damage":9,"enemies":"Chosen and Byrds","floor":31,"turns":7},{"damage":0,"enemies":"Automaton","floor":33,"turns":10},{"damage":32,"enemies":"3 Darklings","floor":35,"turns":7},{"damage":0,"enemies":"3 Shapes","floor":39,"turns":6},{"damage":29,"enemies":"Writhing Mass","floor":41,"turns":7},{"damage":24,"enemies":"Jaw Worm Horde","floor":45,"turns":6},{"damage":11,"enemies":"3 Darklings","floor":46,"turns":5},{"damage":83,"enemies":"Awakened One","floor":50,"turns":14}],"seed_played":"-7664199633543503490","potions_obtained":[{"floor":2,"key":"GamblersBrew"},{"floor":3,"key":"Weak Potion"},{"floor":5,"key":"PowerPotion"},{"floor":20,"key":"Explosive Potion"},{"floor":24,"key":"SkillPotion"},{"floor":27,"key":"EssenceOfSteel"},{"floor":27,"key":"EssenceOfSteel"},{"floor":28,"key":"AttackPotion"},{"floor":31,"key":"Dexterity Potion"},{"floor":33,"key":"FearPotion"},{"floor":39,"key":"Poison Potion"},{"floor":41,"key":"Poison Potion"},{"floor":45,"key":"SpeedPotion"}],"is_trial":false,"path_per_floor":["M","M","M","?","M","R","?","R","T","M","$","R","M","E","R","B",null,"M","?","M","$","?","R","M","M","T","?","M","R","M","M","R","B",null,"M","?","$","?","M","R","M","R","T","?","M","M","R","$","R","B",null],"character_chosen":"IRONCLAD","items_purchased":["Rampage","Shuriken","Bag of Marbles"],"campfire_rested":4,"item_purchase_floors":[11,37,48],"current_hp_per_floor":[88,88,88,81,81,81,81,81,81,83,83,83,88,87,87,47,95,88,53,50,50,50,50,55,43,43,43,40,71,73,70,102,107,107,81,81,81,81,90,90,67,100,100,100,82,77,77,77,110,33],"gold":116,"neow_bonus":"TEN_PERCENT_HP_BONUS","is_prod":false,"is_daily":false,"chose_seed":false,"campfire_upgraded":7,"win_rate":0,"timestamp":1567120322,"path_taken":["M","M","?","?","M","R","?","R","T","M","$","R","?","E","R","BOSS","M","?","M","$","?","R","M","?","T","?","M","R","M","?","R","BOSS","M","?","$","?","?","R","M","R","T","?","M","M","R","$","R","BOSS"],"build_version":"2019-07-17","purchased_purges":2,"victory":true,"max_hp_per_floor":[88,88,88,88,88,88,88,88,88,88,88,88,88,95,95,95,95,95,98,98,98,98,98,101,101,101,101,104,104,107,107,107,107,107,107,107,107,107,110,110,110,110,110,110,110,110,110,110,110,110],"card_choices":[{"not_picked":["Shrug It Off","Wild Strike"],"picked":"Flame Barrier","floor":1},{"not_picked":["Sentinel","Combust"],"picked":"Feel No Pain","floor":2},{"not_picked":["Anger","Fire Breathing"],"picked":"Sever Soul","floor":3},{"not_picked":["Perfected Strike","Inflame","Havoc"],"picked":"SKIP","floor":5},{"not_picked":["Shrug It Off","Cleave"],"picked":"Intimidate","floor":10},{"not_picked":["Inflame","Clash","Body Slam"],"picked":"SKIP","floor":13},{"not_picked":["Impervious","Headbutt"],"picked":"Sentinel","floor":14},{"not_picked":["Brutality","Immolate"],"picked":"Barricade","floor":16},{"not_picked":["Sentinel","Pommel Strike+1","Searing Blow"],"picked":"SKIP","floor":18},{"not_picked":["Armaments","Shrug It Off","Clash+1"],"picked":"SKIP","floor":20},{"not_picked":["Shrug It Off","Heavy Blade","Hemokinesis+1"],"picked":"SKIP","floor":24},{"not_picked":["Shrug It Off","Metallicize"],"picked":"Body Slam+1","floor":25},{"not_picked":["Reckless Charge","Pummel+1","Disarm"],"picked":"SKIP","floor":28},{"not_picked":["Hemokinesis","Shrug It Off"],"picked":"Entrench","floor":30},{"not_picked":["Heavy Blade+1","Sword Boomerang","Cleave"],"picked":"SKIP","floor":31},{"not_picked":["Cleave"],"picked":"SKIP","floor":35},{"not_picked":[],"picked":"Body Slam+1","floor":39},{"not_picked":["Cleave"],"picked":"SKIP","floor":41},{"not_picked":["Clothesline+1"],"picked":"SKIP","floor":45},{"not_picked":["Rampage+1"],"picked":"SKIP","floor":46}],"player_experience":176455,"relics_obtained":[{"floor":9,"key":"Ancient Tea Set"},{"floor":14,"key":"Strawberry"},{"floor":19,"key":"Red Mask"},{"floor":26,"key":"PreservedInsect"},{"floor":43,"key":"Ice Cream"}],"event_choices":[{"damage_healed":0,"gold_gain":0,"player_choice":"Success","damage_taken":7,"relics_obtained":["Art of War"],"max_hp_gain":0,"max_hp_loss":0,"event_name":"Scrap Ooze","floor":4,"gold_loss":0},{"damage_healed":0,"gold_gain":0,"player_choice":"Ignored","damage_taken":0,"max_hp_gain":0,"max_hp_loss":0,"event_name":"NoteForYourself","floor":7,"gold_loss":0},{"damage_healed":0,"gold_gain":0,"player_choice":"Fought Bandits","damage_taken":0,"max_hp_gain":0,"max_hp_loss":0,"event_name":"Masked Bandits","floor":19,"gold_loss":0},{"damage_healed":0,"gold_gain":0,"player_choice":"1 cards matched","damage_taken":0,"max_hp_gain":0,"max_hp_loss":0,"event_name":"Match and Keep!","floor":22,"gold_loss":0,"cards_obtained":["Intimidate"]},{"damage_healed":0,"gold_gain":0,"player_choice":"Got Potions","damage_taken":0,"max_hp_gain":0,"max_hp_loss":0,"event_name":"Lab","floor":27,"gold_loss":0},{"cards_removed":["Rage"],"damage_healed":0,"gold_gain":0,"player_choice":"Removed Skill","damage_taken":0,"max_hp_gain":0,"max_hp_loss":0,"event_name":"Falling","floor":36,"gold_loss":0},{"damage_healed":0,"gold_gain":100,"player_choice":"Pray","damage_taken":0,"max_hp_gain":0,"max_hp_loss":0,"event_name":"Golden Shrine","floor":38,"gold_loss":0},{"damage_healed":0,"gold_gain":0,"player_choice":"Ignored","damage_taken":0,"max_hp_gain":0,"max_hp_loss":0,"event_name":"Mysterious Sphere","floor":44,"gold_loss":0}],"is_beta":false,"boss_relics":[{"not_picked":["Tiny House","Coffee Dripper"],"picked":"Pandora\u0027s Box"},{"not_picked":["Runic Dome","Empty Cage"],"picked":"Busted Crown"}],"items_purged_floors":[11,21],"is_endless":false,"potions_floor_spawned":[2,3,5,10,20,24,28,31,33,39,41,45],"ascension_level":0}