{"gold_per_floor":[359,373,373,373,373,373,224,42,97,107,166,166,166,181,181,181],"floor_reached":16,"playtime":818,"items_purged":["Strike_R"],"score":200,"play_id":"c461772f-5bda-4139-996b-aa1c7858b164","local_time":"20190614104946","is_ascension_mode":true,"campfire_choices":[{"data":"Bash","floor":6,"key":"SMITH"},{"floor":12,"key":"REST"},{"floor":15,"key":"REST"}],"neow_cost":"TEN_PERCENT_HP_LOSS","seed_source_timestamp":0,"circlet_count":0,"master_deck":["Strike_R","Strike_R","Strike_R","Defend_R","Defend_R+1","Defend_R","Defend_R+1","Bash+1","Entrench","Seeing Red","Apotheosis","Shrug It Off","Disarm","Shrug It Off"],"special_seed":0,"relics":["Burning Blood","Blood Vial","Strawberry","WingedGreaves"],"potions_floor_usage":[16],"damage_taken":[{"damage":9,"enemies":"Jaw Worm","floor":1,"turns":5},{"damage":3,"enemies":"2 Louse","floor":2,"turns":5},{"damage":0,"enemies":"Small Slimes","floor":10,"turns":6},{"damage":31,"enemies":"Lagavulin Event","floor":11,"turns":11},{"damage":10,"enemies":"2 Fungi Beasts","floor":14,"turns":5},{"damage":80,"enemies":"Slime Boss","floor":16,"turns":16}],"seed_played":"997005999190630668","potions_obtained":[{"floor":2,"key":"Ancient Potion"}],"is_trial":false,"path_per_floor":["M","M","?","?","?","R","$","$","T","M","?","R","?","M","R","B"],"character_chosen":"IRONCLAD","items_purchased":["Seeing Red","Apotheosis"],"campfire_rested":2,"item_purchase_floors":[7,8],"current_hp_per_floor":[69,72,77,70,55,55,55,55,55,63,47,72,54,52,77,0],"gold":181,"neow_bonus":"TWO_FIFTY_GOLD","is_prod":false,"is_daily":false,"chose_seed":false,"campfire_upgraded":1,"win_rate":0,"timestamp":1560527386,"path_taken":["M","M","?","?","?","R","?","$","T","M","?","R","?","M","R","BOSS"],"build_version":"2019-01-23","purchased_purges":1,"victory":false,"max_hp_per_floor":[72,72,77,77,77,77,77,77,77,77,84,84,84,84,84,84],"card_choices":[{"not_picked":["Clothesline","Havoc"],"picked":"Entrench","floor":1},{"not_picked":["Second Wind","Entrench","Rupture"],"picked":"SKIP","floor":2},{"not_picked":["Ghostly Armor","Entrench"],"picked":"Shrug It Off","floor":10},{"not_picked":["Cleave","Corruption"],"picked":"Disarm","floor":11},{"not_picked":["Blood for Blood","Clothesline"],"picked":"Shrug It Off","floor":14}],"player_experience":2036607,"relics_obtained":[{"floor":9,"key":"Blood Vial"},{"floor":11,"key":"Strawberry"}],"event_choices":[{"damage_healed":0,"gold_gain":0,"player_choice":"Donut","damage_taken":0,"max_hp_gain":5,"max_hp_loss":0,"event_name":"Big Fish","floor":3,"gold_loss":0},{"cards_removed":["Strike_R"],"damage_healed":0,"gold_gain":0,"player_choice":"Card Removal","damage_taken":7,"max_hp_gain":0,"max_hp_loss":0,"event_name":"Golden Wing","floor":4,"gold_loss":0},{"damage_healed":0,"gold_gain":0,"player_choice":"Entered Light","damage_taken":15,"max_hp_gain":0,"max_hp_loss":0,"event_name":"Shining Light","floor":5,"gold_loss":0,"cards_upgraded":["Defend_R","Defend_R"]},{"damage_healed":0,"gold_gain":0,"player_choice":"Searched \u00272\u0027 times","damage_taken":0,"max_hp_gain":0,"max_hp_loss":0,"event_name":"Dead Adventurer","floor":11,"gold_loss":0},{"damage_healed":0,"gold_gain":0,"player_choice":"Success","damage_taken":18,"relics_obtained":["WingedGreaves"],"max_hp_gain":0,"max_hp_loss":0,"event_name":"Scrap Ooze","floor":13,"gold_loss":0}],"is_beta":false,"boss_relics":[],"items_purged_floors":[7],"is_endless":false,"potions_floor_spawned":[2],"killed_by":"Slime Boss","ascension_level":9}