{"gold_per_floor":[115,40,40,40,140,140,153,170,170,189,189,189,199,60,60,164,164,178,178,190,200,75,75],"floor_reached":23,"playtime":4366,"items_purged":["Defend_G","Strike_G","Defend_G"],"score":181,"play_id":"01309fdd-37f5-49ff-abd6-701d32057efd","local_time":"20181111175144","is_ascension_mode":false,"campfire_choices":[{"floor":6,"key":"REST"},{"data":"Eviscerate","floor":11,"key":"SMITH"},{"floor":15,"key":"REST"}],"neow_cost":"NONE","seed_source_timestamp":2827482257789179,"circlet_count":0,"master_deck":["Defend_G","Defend_G","Defend_G","Strike_G+1","Strike_G","Strike_G","Strike_G","Survivor","Neutralize+1","Riddle With Holes","Eviscerate+1","Predator","Skewer"],"relics":["Snecko Eye","Omamori","Bag of Marbles","Orrery"],"potions_floor_usage":[16],"damage_taken":[{"damage":6,"enemies":"Cultist","floor":1,"turns":5},{"damage":5,"enemies":"Jaw Worm","floor":7,"turns":5},{"damage":0,"enemies":"Small Slimes","floor":8,"turns":2},{"damage":10,"enemies":"Exordium Thugs","floor":10,"turns":4},{"damage":0,"enemies":"Blue Slaver","floor":13,"turns":2},{"damage":19,"enemies":"Slime Boss","floor":16,"turns":7},{"damage":7,"enemies":"Shell Parasite","floor":18,"turns":3},{"damage":5,"enemies":"3 Byrds","floor":20,"turns":4},{"damage":6,"enemies":"Cultist and Chosen","floor":21,"turns":5},{"damage":39,"enemies":"Book of Stabbing","floor":23,"turns":4}],"seed_played":"-170766990479891655","potions_obtained":[{"floor":7,"key":"Fire Potion"},{"floor":13,"key":"SmokeBomb"},{"floor":16,"key":"Ancient Potion"},{"floor":18,"key":"PowerPotion"}],"is_trial":false,"path_per_floor":["M","$","$","?","?","R","M","M","T","M","R","?","M","$","R","B",null,"M","?","M","M","$","E"],"character_chosen":"THE_SILENT","items_purchased":["Predator"],"campfire_rested":2,"item_purchase_floors":[14],"current_hp_per_floor":[64,64,64,46,46,67,62,62,62,52,52,38,38,38,59,40,70,63,50,45,39,39,0],"gold":75,"neow_bonus":"BOSS_RELIC","is_prod":false,"is_daily":false,"chose_seed":false,"campfire_upgraded":1,"win_rate":0.0,"timestamp":1541980304,"path_taken":["M","?","$","?","?","R","?","M","T","M","R","?","M","$","R","BOSS","M","?","M","M","$","E"],"build_version":"2018-11-08","purchased_purges":3,"victory":false,"max_hp_per_floor":[70,70,70,70,70,70,70,70,70,70,70,70,70,70,70,70,70,70,75,75,75,75,75],"card_choices":[{"not_picked":["Acrobatics","Slice","Deflect"],"picked":"SKIP","floor":1},{"not_picked":["Cloak And Dagger","Deadly Poison"],"picked":"Riddle With Holes","floor":7},{"not_picked":["Deflect","Slice"],"picked":"Eviscerate","floor":8},{"not_picked":["Dagger Spray","Accuracy","Prepared"],"picked":"SKIP","floor":10},{"not_picked":["Outmaneuver","Terror","Sucker Punch"],"picked":"SKIP","floor":13},{"not_picked":["Deadly Poison","Noxious Fumes"],"picked":"Skewer","floor":17},{"not_picked":["Reflex","Masterful Stab","Expertise+1"],"picked":"SKIP","floor":18},{"not_picked":["Backflip","Deflect","Deadly Poison"],"picked":"SKIP","floor":20},{"not_picked":["All Out Attack","Blade Dance","Accuracy"],"picked":"SKIP","floor":21}],"player_experience":138073,"relics_obtained":[{"floor":9,"key":"Bag of Marbles"}],"event_choices":[{"damage_healed":0,"gold_gain":0,"player_choice":"Success","damage_taken":18,"relics_obtained":["Omamori"],"max_hp_gain":0,"max_hp_loss":0,"event_name":"Scrap Ooze","floor":4,"gold_loss":0},{"damage_healed":0,"gold_gain":100,"player_choice":"Pray","damage_taken":0,"max_hp_gain":0,"max_hp_loss":0,"event_name":"Golden Shrine","floor":5,"gold_loss":0},{"damage_healed":0,"gold_gain":0,"player_choice":"Entered Light","damage_taken":14,"max_hp_gain":0,"max_hp_loss":0,"event_name":"Shining Light","floor":12,"gold_loss":0,"cards_upgraded":["Neutralize","Strike_G"]},{"damage_healed":0,"gold_gain":0,"player_choice":"Shed Blood","damage_taken":18,"max_hp_gain":5,"max_hp_loss":0,"event_name":"Forgotten Altar","floor":19,"gold_loss":0}],"is_beta":false,"boss_relics":[{"not_picked":["Lizard Tail","Velvet Choker"],"picked":"Orrery"}],"items_purged_floors":[2,14,22],"is_endless":false,"potions_floor_spawned":[7,13,16,18],"killed_by":"Book of Stabbing","ascension_level":0}