{"gold_per_floor":[118,133,133,133,151,168,168,168,168,168,16,16,16,30,30,131,131,141,141,113,125,224,224,242,242,242,7,24,24,41,61,61,158,208,224,242,242],"floor_reached":37,"playtime":2450,"items_purged":["Strike_G","Strike_G"],"score":454,"play_id":"e2aa14a1-615e-43c8-8fec-8b65281b802f","local_time":"20190210212635","is_ascension_mode":true,"campfire_choices":[{"floor":10,"key":"REST"},{"floor":13,"key":"REST"},{"data":"Burst","floor":15,"key":"SMITH"},{"floor":23,"key":"REST"},{"floor":25,"key":"REST"},{"floor":32,"key":"REST"}],"neow_cost":"NONE","seed_source_timestamp":2737889265517908,"circlet_count":0,"master_deck":["Defend_G","Defend_G","Defend_G","Defend_G+1","Defend_G+1","Strike_G","Strike_G+1","Strike_G","Survivor","Neutralize","Blur","Burst+1","Footwork","Footwork","Noxious Fumes","Bullet Time","Blur+1","Bouncing Flask","Well Laid Plans+1","Burst","Deadly Poison+1","Bouncing Flask+1","Backflip"],"relics":["Ring of the Snake","NeowsBlessing","Mercury Hourglass","Gremlin Horn","Ninja Scroll","Sozu","Bag of Preparation","Tiny House"],"potions_floor_usage":[16],"damage_taken":[{"damage":0,"enemies":"Jaw Worm","floor":1,"turns":1},{"damage":0,"enemies":"Cultist","floor":2,"turns":1},{"damage":0,"enemies":"Small Slimes","floor":5,"turns":1},{"damage":6,"enemies":"Blue Slaver","floor":6,"turns":6},{"damage":0,"enemies":"Large Slime","floor":14,"turns":9},{"damage":18,"enemies":"The Guardian","floor":16,"turns":16},{"damage":18,"enemies":"Chosen","floor":18,"turns":8},{"damage":9,"enemies":"Colosseum Slavers","floor":19,"turns":7},{"damage":0,"enemies":"2 Thieves","floor":20,"turns":5},{"damage":32,"enemies":"Cultist and Chosen","floor":21,"turns":9},{"damage":0,"enemies":"Centurion and Healer","floor":24,"turns":11},{"damage":0,"enemies":"Chosen and Byrds","floor":28,"turns":7},{"damage":0,"enemies":"Snake Plant","floor":30,"turns":4},{"damage":16,"enemies":"Centurion and Healer","floor":31,"turns":5},{"damage":24,"enemies":"Automaton","floor":33,"turns":11},{"damage":20,"enemies":"3 Shapes","floor":35,"turns":4},{"damage":18,"enemies":"3 Darklings","floor":36,"turns":6},{"damage":36,"enemies":"2 Orb Walkers","floor":37,"turns":4}],"seed_played":"986017898580696914","potions_obtained":[{"floor":2,"key":"Poison Potion"},{"floor":14,"key":"Dexterity Potion"}],"is_trial":false,"path_per_floor":["M","M","?","?","M","M","?","?","T","R","$","$","R","M","R","B",null,"M","?","M","M","?","R","M","R","T","$","M","$","M","M","R","B",null,"M","M","?"],"character_chosen":"THE_SILENT","items_purchased":["Footwork","Burst"],"campfire_rested":5,"item_purchase_floors":[11,27],"current_hp_per_floor":[70,70,75,75,75,69,44,29,29,51,51,51,73,73,73,55,70,52,43,43,11,11,33,33,55,55,55,55,55,55,39,61,37,71,51,33,0],"gold":242,"neow_bonus":"THREE_ENEMY_KILL","is_prod":false,"is_daily":false,"chose_seed":false,"campfire_upgraded":1,"win_rate":0,"timestamp":1549855595,"path_taken":["M","M","?","?","M","?","?","?","T","R","?","$","R","M","R","BOSS","M","?","M","M","?","R","M","R","T","$","M","?","?","M","R","BOSS","M","M","?"],"build_version":"2019-01-23","purchased_purges":2,"victory":false,"max_hp_per_floor":[70,70,75,75,75,75,75,75,75,75,75,75,75,75,75,75,75,75,75,75,75,75,75,75,75,75,75,75,75,75,75,75,75,80,80,80,80],"card_choices":[{"not_picked":["Quick Slash","Dodge and Roll"],"picked":"Blur","floor":1},{"not_picked":["Slice","Deflect"],"picked":"Burst","floor":2},{"not_picked":["Quick Slash","Underhanded Strike"],"picked":"Footwork","floor":5},{"not_picked":["Flying Knee","Escape Plan","Underhanded Strike"],"picked":"SKIP","floor":6},{"not_picked":["Cloak And Dagger","PiercingWail"],"picked":"Noxious Fumes","floor":14},{"not_picked":["Unload","Malaise"],"picked":"Bullet Time","floor":16},{"not_picked":["Backflip+1","Dash+1"],"picked":"Blur+1","floor":18},{"not_picked":["Dodge and Roll","Infinite Blades+1"],"picked":"Bouncing Flask","floor":20},{"not_picked":["Poisoned Stab","Deflect+1"],"picked":"Well Laid Plans+1","floor":21},{"not_picked":["Flying Knee","Dagger Spray","Deflect"],"picked":"SKIP","floor":24},{"not_picked":["Tactician","Dagger Spray+1"],"picked":"Deadly Poison+1","floor":28},{"not_picked":["Leg Sweep+1","Prepared+1"],"picked":"Bouncing Flask+1","floor":30},{"not_picked":["Dodge and Roll","Storm of Steel","Flying Knee"],"picked":"SKIP","floor":31},{"not_picked":["Deflect+1","Dodge and Roll+1"],"picked":"Backflip","floor":34},{"not_picked":["Dagger Spray+1","Outmaneuver","Poisoned Stab"],"picked":"SKIP","floor":35},{"not_picked":["Tactician","Dagger Throw","Calculated Gamble+1"],"picked":"SKIP","floor":36}],"player_experience":1343266,"relics_obtained":[{"floor":9,"key":"Ninja Scroll"},{"floor":26,"key":"Bag of Preparation"}],"event_choices":[{"damage_healed":0,"gold_gain":0,"player_choice":"Donut","damage_taken":0,"max_hp_gain":5,"max_hp_loss":0,"event_name":"Big Fish","floor":3,"gold_loss":0},{"damage_healed":0,"gold_gain":0,"player_choice":"Gave Potion","damage_taken":0,"relics_obtained":["Mercury Hourglass"],"max_hp_gain":0,"max_hp_loss":0,"event_name":"WeMeetAgain","floor":4,"gold_loss":0},{"damage_healed":0,"gold_gain":0,"player_choice":"Success","damage_taken":25,"relics_obtained":["Gremlin Horn"],"max_hp_gain":0,"max_hp_loss":0,"event_name":"Scrap Ooze","floor":7,"gold_loss":0},{"damage_healed":0,"gold_gain":0,"player_choice":"Entered Light","damage_taken":15,"max_hp_gain":0,"max_hp_loss":0,"event_name":"Shining Light","floor":8,"gold_loss":0,"cards_upgraded":["Defend_G","Defend_G"]},{"damage_healed":0,"gold_gain":0,"player_choice":"Fight","damage_taken":0,"max_hp_gain":0,"max_hp_loss":0,"event_name":"Colosseum","floor":19,"gold_loss":0},{"damage_healed":0,"gold_gain":0,"player_choice":"Fled From Nobs","damage_taken":0,"max_hp_gain":0,"max_hp_loss":0,"event_name":"Colosseum","floor":19,"gold_loss":0},{"damage_healed":0,"gold_gain":99,"player_choice":"Stole From Cult","damage_taken":0,"max_hp_gain":0,"max_hp_loss":0,"event_name":"Nest","floor":22,"gold_loss":0},{"damage_healed":0,"gold_gain":0,"player_choice":"Fight","damage_taken":0,"max_hp_gain":0,"max_hp_loss":0,"event_name":"Mysterious Sphere","floor":37,"gold_loss":0}],"is_beta":false,"boss_relics":[{"not_picked":["Eternal Feather","Calling Bell"],"picked":"Sozu"},{"not_picked":["Black Star","Philosopher\u0027s Stone"],"picked":"Tiny House"}],"items_purged_floors":[11,27],"is_endless":false,"potions_floor_spawned":[2,14,19,28,30],"killed_by":"2 Orb Walkers","ascension_level":5}