{"gold_per_floor":[117,137,154,164,183,216,216,251,275,294,311,311,326,344,344,448,448,463,478,393,318,318],"floor_reached":22,"playtime":1643,"items_purged":["Brutality"],"score":202,"play_id":"ebe95765-1526-4bc0-9235-7adffc5fdb48","local_time":"20190829120643","is_ascension_mode":false,"campfire_choices":[{"data":"Seeing Red","floor":7,"key":"SMITH"},{"floor":15,"key":"REST"}],"neow_cost":"NONE","seed_source_timestamp":5618047013800,"circlet_count":0,"master_deck":["Strike_R","Strike_R","Strike_R","Strike_R","Defend_R","Defend_R","Bash","Headbutt","Blood for Blood","Seeing Red+1","Flex","Thunderclap","Double Tap","Pommel Strike","Uppercut","Fire Breathing","Cleave","Headbutt","Double Tap","Heavy Blade+1","Headbutt"],"relics":["Burning Blood","Letter Opener","Anchor","Vajra","Empty Cage","Bag of Preparation"],"potions_floor_usage":[8],"damage_taken":[{"damage":5,"enemies":"Jaw Worm","floor":1,"turns":4},{"damage":1,"enemies":"Cultist","floor":2,"turns":3},{"damage":2,"enemies":"2 Louse","floor":3,"turns":3},{"damage":0,"enemies":"Exordium Wildlife","floor":4,"turns":3},{"damage":8,"enemies":"Large Slime","floor":5,"turns":6},{"damage":35,"enemies":"3 Sentries","floor":6,"turns":5},{"damage":22,"enemies":"Gremlin Nob","floor":8,"turns":4},{"damage":7,"enemies":"Blue Slaver","floor":10,"turns":3},{"damage":4,"enemies":"2 Fungi Beasts","floor":11,"turns":3},{"damage":0,"enemies":"3 Louse","floor":13,"turns":2},{"damage":3,"enemies":"Lots of Slimes","floor":14,"turns":3},{"damage":20,"enemies":"Slime Boss","floor":16,"turns":7},{"damage":19,"enemies":"Shell Parasite","floor":18,"turns":5},{"damage":31,"enemies":"2 Thieves","floor":19,"turns":4},{"damage":42,"enemies":"Centurion and Healer","floor":22,"turns":4}],"seed_played":"-4083113381871610827","potions_obtained":[{"floor":3,"key":"Ancient Potion"},{"floor":4,"key":"Weak Potion"},{"floor":6,"key":"Weak Potion"},{"floor":10,"key":"Energy Potion"},{"floor":16,"key":"GamblersBrew"}],"is_trial":false,"path_per_floor":["M","M","M","M","M","E","R","E","T","M","M","?","M","M","R","B",null,"M","M","?","$","M"],"character_chosen":"IRONCLAD","items_purchased":[],"campfire_rested":1,"item_purchase_floors":[],"current_hp_per_floor":[80,80,80,80,78,49,49,33,33,32,34,34,40,43,67,53,80,67,42,42,42,0],"gold":318,"neow_bonus":"TRANSFORM_CARD","is_prod":false,"is_daily":false,"chose_seed":false,"campfire_upgraded":1,"win_rate":0.0,"timestamp":1567073203,"path_taken":["M","M","M","M","M","E","R","E","T","M","M","?","M","M","R","BOSS","M","?","?","$","M"],"build_version":"2019-07-17","purchased_purges":1,"victory":false,"max_hp_per_floor":[80,80,80,80,80,80,80,80,80,80,80,80,80,80,80,80,80,80,80,80,80,80],"card_choices":[{"not_picked":["Clothesline","Thunderclap"],"picked":"Headbutt","floor":1},{"not_picked":["Shockwave","Armaments"],"picked":"Blood for Blood","floor":2},{"not_picked":["Thunderclap","True Grit"],"picked":"Seeing Red","floor":3},{"not_picked":["Body Slam","Shockwave"],"picked":"Flex","floor":4},{"not_picked":["Second Wind","Power Through"],"picked":"Thunderclap","floor":5},{"not_picked":["Warcry","Thunderclap"],"picked":"Double Tap","floor":6},{"not_picked":["Flex","Feel No Pain"],"picked":"Pommel Strike","floor":8},{"not_picked":["Flex","Clothesline"],"picked":"Uppercut","floor":10},{"not_picked":["Headbutt","Warcry"],"picked":"Fire Breathing","floor":11},{"not_picked":["Battle Trance","Carnage"],"picked":"Cleave","floor":13},{"not_picked":["Fire Breathing","Twin Strike"],"picked":"Headbutt","floor":14},{"not_picked":["Brutality","Fiend Fire"],"picked":"Double Tap","floor":16},{"not_picked":["Metallicize","Disarm"],"picked":"Heavy Blade+1","floor":18},{"not_picked":["Anger","Hemokinesis"],"picked":"Headbutt","floor":19}],"player_experience":14467,"relics_obtained":[{"floor":6,"key":"Letter Opener"},{"floor":8,"key":"Anchor"},{"floor":9,"key":"Vajra"}],"event_choices":[{"damage_healed":0,"gold_gain":0,"player_choice":"Bought 0 Potions","damage_taken":0,"max_hp_gain":0,"max_hp_loss":0,"event_name":"The Woman in Blue","floor":12,"gold_loss":0},{"damage_healed":0,"gold_gain":0,"player_choice":"Obtained Relic","damage_taken":0,"relics_obtained":["Bag of Preparation"],"max_hp_gain":0,"max_hp_loss":0,"event_name":"Addict","floor":20,"gold_loss":85}],"is_beta":false,"boss_relics":[{"not_picked":["Calling Bell","Ectoplasm"],"picked":"Empty Cage"}],"items_purged_floors":[21],"is_endless":false,"potions_floor_spawned":[3,4,6,10,16],"killed_by":"Centurion and Healer","ascension_level":0}