{"gold_per_floor":[117,137,150,169,59,90,90,165,165,18,35,35],"floor_reached":12,"playtime":3302,"items_purged":["Strike_R","Strike_R"],"score":124,"play_id":"04acd682-f8fd-4787-baaf-fc6991367733","local_time":"20190801200301","is_ascension_mode":true,"campfire_choices":[{"floor":7,"key":"REST"}],"neow_cost":"NONE","seed_source_timestamp":1796049047612080,"circlet_count":0,"master_deck":["AscendersBane","Strike_R","Defend_R","Defend_R","Defend_R","Defend_R","Fiend Fire+1","Immolate+1","Burning Pact+1","Feel No Pain","Metallicize","Body Slam"],"relics":["Astrolabe","Dream Catcher"],"potions_floor_usage":[],"damage_taken":[{"damage":0,"enemies":"Cultist","floor":1,"turns":2},{"damage":0,"enemies":"Small Slimes","floor":2,"turns":1},{"damage":0,"enemies":"2 Louse","floor":3,"turns":2},{"damage":14,"enemies":"Lots of Slimes","floor":4,"turns":2},{"damage":43,"enemies":"Gremlin Nob","floor":6,"turns":5},{"damage":0,"enemies":"2 Fungi Beasts","floor":11,"turns":1},{"damage":34,"enemies":"Lagavulin","floor":12,"turns":3}],"seed_played":"-1344086580309679311","potions_obtained":[{"floor":11,"key":"Energy Potion"}],"is_trial":false,"path_per_floor":["M","M","M","M","$","E","R","?","T","$","M","E"],"character_chosen":"IRONCLAD","items_purchased":["Metallicize","Body Slam"],"campfire_rested":1,"item_purchase_floors":[5,10],"current_hp_per_floor":[72,72,72,58,58,15,39,31,31,31,31,0],"gold":35,"neow_bonus":"BOSS_RELIC","is_prod":false,"is_daily":false,"chose_seed":false,"campfire_upgraded":0,"win_rate":0,"timestamp":1564707781,"path_taken":["M","?","M","M","$","E","R","?","T","?","M","E"],"build_version":"2019-07-17","purchased_purges":2,"victory":false,"max_hp_per_floor":[80,80,80,80,80,80,80,80,80,80,80,80],"card_choices":[{"not_picked":["True Grit","Wild Strike","Twin Strike"],"picked":"SKIP","floor":1},{"not_picked":["Havoc","Carnage","Clash"],"picked":"SKIP","floor":2},{"not_picked":["Sever Soul","Anger"],"picked":"Feel No Pain","floor":3},{"not_picked":["Pommel Strike","Offering","Havoc"],"picked":"SKIP","floor":4},{"not_picked":["Perfected Strike","Warcry","Thunderclap"],"picked":"SKIP","floor":6},{"not_picked":["Thunderclap","Brutality","Perfected Strike"],"picked":"SKIP","floor":11}],"player_experience":2611177,"relics_obtained":[{"floor":6,"key":"Dream Catcher"}],"event_choices":[{"damage_healed":0,"gold_gain":75,"player_choice":"Touch","damage_taken":8,"max_hp_gain":0,"max_hp_loss":0,"event_name":"FaceTrader","floor":8,"gold_loss":0}],"is_beta":false,"boss_relics":[],"items_purged_floors":[5,10],"is_endless":false,"potions_floor_spawned":[11],"killed_by":"Lagavulin","ascension_level":11}