{"gold_per_floor":[115,115,215,227,117,117,117,117,117,137,150,50,68,80,80,179,179,190,208,226,226,226,226,239,239,263,263],"floor_reached":27,"playtime":1584,"items_purged":["Bash","Strike_R"],"score":318,"play_id":"7ef82b38-a98b-44d4-a20e-0f3d4fb29a91","local_time":"20190731222920","is_ascension_mode":true,"campfire_choices":[{"data":"Metallicize","floor":6,"key":"SMITH"},{"data":"Ghostly Armor","floor":8,"key":"SMITH"},{"floor":15,"key":"REST"},{"floor":23,"key":"REST"},{"floor":25,"key":"REST"}],"neow_cost":"CURSE","seed_source_timestamp":1720154117455106,"circlet_count":0,"master_deck":["AscendersBane","Strike_R","Strike_R","Strike_R","Strike_R","Defend_R","Defend_R","Defend_R","Defend_R","Demon Form","Metallicize+1","Ghostly Armor+1","Armaments","Metallicize","Rampage","Impervious"],"relics":["Burning Blood","Sundial","Sozu","Enchiridion"],"potions_floor_usage":[14,16],"damage_taken":[{"damage":10,"enemies":"2 Louse","floor":1,"turns":3},{"damage":13,"enemies":"Jaw Worm","floor":4,"turns":5},{"damage":1,"enemies":"Cultist","floor":10,"turns":5},{"damage":19,"enemies":"Exordium Thugs","floor":11,"turns":6},{"damage":0,"enemies":"Blue Slaver","floor":13,"turns":7},{"damage":22,"enemies":"Gremlin Gang","floor":14,"turns":10},{"damage":49,"enemies":"Slime Boss","floor":16,"turns":14},{"damage":5,"enemies":"Shell Parasite","floor":18,"turns":11},{"damage":15,"enemies":"Spheric Guardian","floor":19,"turns":9},{"damage":16,"enemies":"Snake Plant","floor":20,"turns":8},{"damage":29,"enemies":"Chosen and Byrds","floor":24,"turns":11},{"damage":57,"enemies":"Gremlin Leader","floor":27,"turns":6}],"seed_played":"-3230719073381239918","potions_obtained":[{"floor":4,"key":"LiquidBronze"},{"floor":11,"key":"SpeedPotion"}],"is_trial":false,"path_per_floor":["M","?","?","M","$","R","?","R","T","M","M","$","M","M","R","B",null,"M","M","M","?","?","R","M","R","T","E"],"character_chosen":"IRONCLAD","items_purchased":["Ghostly Armor"],"campfire_rested":3,"item_purchase_floors":[5],"current_hp_per_floor":[68,68,68,61,61,61,61,61,61,66,53,53,59,43,67,24,66,67,58,48,32,32,56,33,57,57,0],"gold":263,"neow_bonus":"THREE_RARE_CARDS","is_prod":false,"is_daily":false,"chose_seed":false,"campfire_upgraded":2,"win_rate":0,"timestamp":1564630160,"path_taken":["M","?","?","?","?","R","?","R","T","M","?","$","M","M","R","BOSS","M","?","M","?","?","R","M","R","T","E"],"build_version":"2019-07-17","purchased_purges":2,"victory":false,"max_hp_per_floor":[80,80,80,80,80,80,80,80,80,80,80,80,80,80,80,80,80,80,80,80,80,80,80,80,80,80,80],"card_choices":[{"not_picked":["Feed","Bludgeon"],"picked":"Demon Form","floor":0},{"not_picked":["Hemokinesis","Wild Strike","Rupture"],"picked":"SKIP","floor":1},{"not_picked":["Pommel Strike","Wild Strike"],"picked":"Metallicize","floor":4},{"not_picked":["Carnage","Clash","Sword Boomerang"],"picked":"SKIP","floor":10},{"not_picked":["Sword Boomerang","Reckless Charge"],"picked":"Armaments","floor":11},{"not_picked":["Bludgeon","Shrug It Off"],"picked":"Metallicize","floor":13},{"not_picked":["Infernal Blade","Sword Boomerang"],"picked":"Rampage","floor":14},{"not_picked":["Demon Form","Feed"],"picked":"Impervious","floor":16},{"not_picked":["Inflame","Second Wind","Hemokinesis"],"picked":"SKIP","floor":18},{"not_picked":["Thunderclap","Headbutt","Iron Wave"],"picked":"SKIP","floor":19},{"not_picked":["Rupture+1","Wild Strike","Cleave"],"picked":"SKIP","floor":20},{"not_picked":["Iron Wave+1","Pommel Strike","Flex"],"picked":"SKIP","floor":24}],"player_experience":2604344,"relics_obtained":[{"floor":9,"key":"Sundial"},{"floor":21,"key":"Enchiridion"}],"event_choices":[{"cards_removed":["Pain"],"damage_healed":0,"gold_gain":0,"player_choice":"Forget","damage_taken":0,"max_hp_gain":0,"max_hp_loss":0,"event_name":"Living Wall","floor":2,"gold_loss":0},{"damage_healed":0,"gold_gain":100,"player_choice":"Pray","damage_taken":0,"max_hp_gain":0,"max_hp_loss":0,"event_name":"Golden Shrine","floor":3,"gold_loss":0},{"damage_healed":0,"gold_gain":0,"player_choice":"Ignored","damage_taken":0,"max_hp_gain":0,"max_hp_loss":0,"event_name":"Liars Game","floor":7,"gold_loss":0},{"damage_healed":0,"gold_gain":0,"player_choice":"Obtained Book","damage_taken":16,"max_hp_gain":0,"max_hp_loss":0,"event_name":"Cursed Tome","floor":21,"gold_loss":0},{"damage_healed":0,"gold_gain":0,"player_choice":"Ignored","damage_taken":0,"max_hp_gain":0,"max_hp_loss":0,"event_name":"N\u0027loth","floor":22,"gold_loss":0}],"is_beta":false,"boss_relics":[{"not_picked":["Runic Cube","Fusion Hammer"],"picked":"Sozu"}],"items_purged_floors":[5,12],"is_endless":false,"potions_floor_spawned":[4,11,18,20,24],"killed_by":"Gremlin Leader","ascension_level":11}