{"gold_per_floor":[15,26,26,101,119,119,140,160,160,160,176,176,12,12,12,12],"floor_reached":16,"playtime":773,"items_purged":["Pain"],"score":138,"play_id":"43ac830f-4e0f-40d5-833c-a60d91e7255d","local_time":"20190716093142","is_ascension_mode":true,"campfire_choices":[{"floor":6,"key":"REST"},{"floor":10,"key":"REST"},{"floor":15,"key":"RECALL"}],"neow_cost":"NO_GOLD","seed_source_timestamp":378275330549214,"circlet_count":0,"master_deck":["AscendersBane","Strike_R","Strike_R","Strike_R","Strike_R","Strike_R","Defend_R","Defend_R","Defend_R","Defend_R","Bash","Mind Blast","Panacea","Shrug It Off","Battle Trance","Madness"],"relics":["Burning Blood","Golden Idol","Juzu Bracelet","WarpedTongs"],"potions_floor_usage":[11,16,16],"damage_taken":[{"damage":6,"enemies":"2 Louse","floor":1,"turns":3},{"damage":15,"enemies":"Jaw Worm","floor":2,"turns":6},{"damage":4,"enemies":"Cultist","floor":5,"turns":5},{"damage":7,"enemies":"Exordium Wildlife","floor":7,"turns":4},{"damage":11,"enemies":"Blue Slaver","floor":8,"turns":6},{"damage":17,"enemies":"Exordium Thugs","floor":11,"turns":5},{"damage":65,"enemies":"Slime Boss","floor":16,"turns":11}],"seed_played":"-7718928002472398457","potions_obtained":[{"floor":2,"key":"Fire Potion"},{"floor":7,"key":"EssenceOfSteel"},{"floor":8,"key":"FearPotion"}],"is_trial":false,"path_per_floor":["M","M","?","?","M","R","M","M","T","R","M","?","$","T","R","B"],"character_chosen":"IRONCLAD","items_purchased":["Madness"],"campfire_rested":2,"item_purchase_floors":[13],"current_hp_per_floor":[72,63,43,32,34,58,57,52,52,76,65,65,65,65,65,0],"gold":12,"neow_bonus":"RANDOM_COLORLESS_2","is_prod":false,"is_daily":false,"chose_seed":false,"campfire_upgraded":0,"win_rate":0,"timestamp":1563287502,"path_taken":["M","M","?","?","M","R","M","M","T","R","M","?","$","?","R","BOSS"],"build_version":"2019-07-05","purchased_purges":1,"victory":false,"max_hp_per_floor":[80,80,80,80,80,80,80,80,80,80,80,80,80,80,80,80],"card_choices":[{"not_picked":["Heavy Blade","Iron Wave","Clash"],"picked":"SKIP","floor":1},{"not_picked":["Havoc","Perfected Strike"],"picked":"Shrug It Off","floor":2},{"not_picked":["Warcry","Power Through","Dual Wield"],"picked":"SKIP","floor":5},{"not_picked":["Perfected Strike","Warcry"],"picked":"Battle Trance","floor":7},{"not_picked":["Clothesline","Intimidate","Anger"],"picked":"SKIP","floor":8},{"not_picked":["Twin Strike","Intimidate","Inflame"],"picked":"SKIP","floor":11}],"player_experience":2345466,"relics_obtained":[{"floor":9,"key":"Juzu Bracelet"}],"event_choices":[{"damage_healed":0,"gold_gain":0,"player_choice":"Take Damage","damage_taken":20,"relics_obtained":["Golden Idol"],"max_hp_gain":0,"max_hp_loss":0,"event_name":"Golden Idol","floor":3,"gold_loss":0},{"damage_healed":0,"gold_gain":75,"player_choice":"Gather Gold","damage_taken":11,"max_hp_gain":0,"max_hp_loss":0,"event_name":"World of Goop","floor":4,"gold_loss":0},{"damage_healed":0,"gold_gain":0,"player_choice":"Rummage","damage_taken":0,"relics_obtained":["WarpedTongs"],"max_hp_gain":0,"max_hp_loss":0,"event_name":"Accursed Blacksmith","floor":12,"gold_loss":0,"cards_obtained":["Pain"]}],"is_beta":false,"boss_relics":[],"items_purged_floors":[13],"is_endless":false,"potions_floor_spawned":[2,7,8],"killed_by":"Slime Boss","ascension_level":10}