{"gold_per_floor":[117,117,131,131,81,81,119,131,143,155],"floor_reached":10,"playtime":275,"items_purged":[],"score":125,"play_id":"55337499-ce7d-4a16-b7cd-eae66c41c0df","local_time":"20190324091558","is_ascension_mode":true,"campfire_choices":[{"floor":6,"key":"REST"},{"data":"Footwork","floor":8,"key":"SMITH"}],"neow_cost":"NONE","seed_source_timestamp":660252086655729,"circlet_count":0,"master_deck":["Defend_G","Defend_G","Defend_G","Defend_G","Defend_G","Strike_G","Strike_G","Strike_G","Survivor","Neutralize","Footwork+1"],"relics":["Ring of the Snake","NeowsBlessing","Golden Idol","MawBank"],"potions_floor_usage":[],"damage_taken":[{"damage":0,"enemies":"2 Louse","floor":1,"turns":1},{"damage":0,"enemies":"Jaw Worm","floor":3,"turns":1},{"damage":0,"enemies":"3 Sentries","floor":7,"turns":2},{"damage":69,"enemies":"The Mushroom Lair","floor":10,"turns":11}],"seed_played":"8637810405486213581","potions_obtained":[],"is_trial":false,"path_per_floor":["M","?","M","?","?","R","E","R","T","?"],"character_chosen":"THE_SILENT","items_purchased":[],"campfire_rested":1,"item_purchase_floors":[],"current_hp_per_floor":[63,63,63,46,46,67,67,67,67,0],"gold":155,"neow_bonus":"THREE_ENEMY_KILL","is_prod":false,"is_daily":false,"chose_seed":false,"campfire_upgraded":1,"win_rate":0,"timestamp":1553436958,"path_taken":["M","?","M","?","?","R","E","R","T","?"],"build_version":"2019-01-23","purchased_purges":0,"victory":false,"max_hp_per_floor":[70,70,70,70,70,70,70,70,70,70],"card_choices":[{"not_picked":["Dagger Throw","Dagger Spray","Flying Knee"],"picked":"SKIP","floor":1},{"not_picked":["Underhanded Strike","Heel Hook","Outmaneuver"],"picked":"SKIP","floor":3},{"not_picked":["Prepared","Dodge and Roll"],"picked":"Footwork","floor":7}],"player_experience":1722846,"relics_obtained":[{"floor":7,"key":"MawBank"}],"event_choices":[{"cards_removed":["Strike_G"],"damage_healed":0,"gold_gain":0,"player_choice":"Forget","damage_taken":0,"max_hp_gain":0,"max_hp_loss":0,"event_name":"Living Wall","floor":2,"gold_loss":0},{"damage_healed":0,"gold_gain":0,"player_choice":"Take Damage","damage_taken":17,"relics_obtained":["Golden Idol"],"max_hp_gain":0,"max_hp_loss":0,"event_name":"Golden Idol","floor":4,"gold_loss":0},{"cards_removed":["Strike_G"],"damage_healed":0,"gold_gain":0,"player_choice":"Card Removal","damage_taken":0,"max_hp_gain":0,"max_hp_loss":0,"event_name":"The Cleric","floor":5,"gold_loss":50},{"damage_healed":0,"gold_gain":0,"player_choice":"Fought Mushrooms","damage_taken":0,"max_hp_gain":0,"max_hp_loss":0,"event_name":"Mushrooms","floor":10,"gold_loss":0}],"is_beta":false,"boss_relics":[],"items_purged_floors":[],"is_endless":false,"potions_floor_spawned":[],"killed_by":"The Mushroom Lair","ascension_level":8}