{"gold_per_floor":[130,153,165,177,189,201,229,251,263,275,301,313,344,375,387,496,508,506,518,540,565,590,602],"floor_reached":23,"playtime":1975,"items_purged":[],"score":243,"play_id":"1cf37a8d-f46b-4e3e-927f-2d806b3d5353","local_time":"20190218150350","is_ascension_mode":true,"campfire_choices":[{"data":"Dash","floor":6,"key":"SMITH"},{"data":"Strike_G","floor":12,"key":"PURGE"},{"data":"Strike_G","floor":15,"key":"PURGE"}],"neow_cost":"NONE","seed_source_timestamp":490866866420367,"circlet_count":0,"master_deck":["Defend_G","Defend_G","Defend_G","Defend_G","Defend_G","Strike_G","Strike_G","Strike_G","Survivor","Neutralize","Dash+1","Cloak And Dagger","Deadly Poison","Backflip","Well Laid Plans","PiercingWail","Corpse Explosion"],"relics":["Ring of the Snake","MawBank","Thread and Needle","Peace Pipe","Cursed Key"],"potions_floor_usage":[8,11,16,16,16,23,23],"damage_taken":[{"damage":7,"enemies":"Cultist","floor":1,"turns":7},{"damage":0,"enemies":"2 Louse","floor":2,"turns":3},{"damage":0,"enemies":"Small Slimes","floor":7,"turns":3},{"damage":0,"enemies":"Gremlin Gang","floor":8,"turns":6},{"damage":0,"enemies":"3 Louse","floor":11,"turns":4},{"damage":0,"enemies":"Blue Slaver","floor":13,"turns":3},{"damage":0,"enemies":"Exordium Wildlife","floor":14,"turns":3},{"damage":1,"enemies":"Hexaghost","floor":16,"turns":12},{"damage":0,"enemies":"2 Thieves","floor":18,"turns":4},{"damage":0,"enemies":"Chosen","floor":20,"turns":7},{"damage":16,"enemies":"Snake Plant","floor":21,"turns":9},{"damage":3,"enemies":"Shelled Parasite and Fungi","floor":22,"turns":7},{"damage":68,"enemies":"Gremlin Leader","floor":23,"turns":10}],"seed_played":"-3592268618764595482","potions_obtained":[{"floor":1,"key":"SteroidPotion"},{"floor":7,"key":"AttackPotion"},{"floor":8,"key":"Regen Potion"},{"floor":13,"key":"LiquidBronze"},{"floor":14,"key":"Block Potion"},{"floor":18,"key":"GamblersBrew"},{"floor":21,"key":"SteroidPotion"}],"is_trial":false,"path_per_floor":["M","M","?","?","$","R","M","M","T","?","M","R","M","M","R","B",null,"M","$","M","M","M","E"],"character_chosen":"THE_SILENT","items_purchased":[],"campfire_rested":0,"item_purchase_floors":[],"current_hp_per_floor":[56,56,49,54,54,54,54,54,54,54,54,54,54,54,54,68,73,73,73,73,57,54,0],"gold":602,"neow_bonus":"RANDOM_COMMON_RELIC","is_prod":false,"is_daily":false,"chose_seed":false,"campfire_upgraded":1,"win_rate":0,"timestamp":1550523830,"path_taken":["M","?","?","?","$","R","M","M","T","?","M","R","M","M","R","BOSS","M","$","M","M","M","E"],"build_version":"2019-01-23","purchased_purges":0,"victory":false,"max_hp_per_floor":[70,70,70,75,75,75,75,75,75,75,75,75,75,75,75,75,75,75,75,75,75,75,75],"card_choices":[{"not_picked":["Blade Dance","Outmaneuver"],"picked":"Dash","floor":1},{"not_picked":["Dagger Spray","Concentrate","Sucker Punch"],"picked":"SKIP","floor":2},{"not_picked":["Accuracy","Bouncing Flask"],"picked":"Cloak And Dagger","floor":7},{"not_picked":["Grand Finale","Setup"],"picked":"Deadly Poison","floor":8},{"not_picked":["Heel Hook","Distraction"],"picked":"Backflip","floor":11},{"not_picked":["PiercingWail","Prepared"],"picked":"Well Laid Plans","floor":13},{"not_picked":["Reflex","Poisoned Stab","Sucker Punch"],"picked":"SKIP","floor":14},{"not_picked":["Outmaneuver","Accuracy"],"picked":"PiercingWail","floor":18},{"not_picked":["Underhanded Strike","Deflect","Outmaneuver"],"picked":"SKIP","floor":20},{"not_picked":["Finisher","Dagger Throw"],"picked":"Corpse Explosion","floor":21},{"not_picked":["Terror","Underhanded Strike","Endless Agony"],"picked":"SKIP","floor":22}],"player_experience":1449051,"relics_obtained":[{"floor":9,"key":"Peace Pipe"}],"event_choices":[{"damage_healed":0,"gold_gain":0,"player_choice":"Success","damage_taken":7,"relics_obtained":["Thread and Needle"],"max_hp_gain":0,"max_hp_loss":0,"event_name":"Scrap Ooze","floor":3,"gold_loss":0},{"damage_healed":0,"gold_gain":0,"player_choice":"Donut","damage_taken":0,"max_hp_gain":5,"max_hp_loss":0,"event_name":"Big Fish","floor":4,"gold_loss":0},{"damage_healed":0,"gold_gain":0,"player_choice":"Bought 0 Potions","damage_taken":0,"max_hp_gain":0,"max_hp_loss":0,"event_name":"The Woman in Blue","floor":10,"gold_loss":0}],"is_beta":false,"boss_relics":[{"not_picked":["Busted Crown","Velvet Choker"],"picked":"Cursed Key"}],"items_purged_floors":[],"is_endless":false,"potions_floor_spawned":[1,7,8,13,14,18,21],"killed_by":"Gremlin Leader","ascension_level":6}