{"gold_per_floor":[118,118,133,133,58,58,58,71,117,136,136,155,175,189,189,317,317,342,342,367,367,386,386,386],"floor_reached":24,"playtime":1433,"items_purged":["Dualcast"],"score":304,"play_id":"caa7da0e-cea9-42c4-b2b4-d8de062d3ceb","local_time":"20190824162705","is_ascension_mode":true,"campfire_choices":[{"floor":6,"key":"REST"},{"floor":11,"key":"REST"},{"floor":15,"key":"REST"},{"floor":23,"key":"REST"}],"neow_cost":"NONE","seed_source_timestamp":916111944521100,"circlet_count":0,"master_deck":["AscendersBane","Strike_B","Strike_B","Strike_B","Strike_B","Defend_B+1","Defend_B","Defend_B+1","Defend_B","Zap","Gash","Echo Form","Chill","Conserve Battery","Electrodynamics","Cold Snap"],"relics":["Cracked Core","Golden Idol","Ancient Tea Set","Cursed Key"],"potions_floor_usage":[16,16],"damage_taken":[{"damage":9,"enemies":"2 Louse","floor":1,"turns":4},{"damage":11,"enemies":"Small Slimes","floor":3,"turns":5},{"damage":4,"enemies":"Jaw Worm","floor":8,"turns":4},{"damage":19,"enemies":"Gremlin Gang","floor":10,"turns":7},{"damage":7,"enemies":"Looter","floor":12,"turns":4},{"damage":0,"enemies":"Red Slaver","floor":13,"turns":5},{"damage":1,"enemies":"2 Fungi Beasts","floor":14,"turns":3},{"damage":27,"enemies":"Slime Boss","floor":16,"turns":10},{"damage":17,"enemies":"Spheric Guardian","floor":18,"turns":5},{"damage":10,"enemies":"Shell Parasite","floor":20,"turns":7},{"damage":30,"enemies":"Snake Plant","floor":22,"turns":6},{"damage":34,"enemies":"Shelled Parasite and Fungi","floor":24,"turns":4}],"seed_played":"-885031323640895921","potions_obtained":[{"floor":3,"key":"GamblersBrew"},{"floor":13,"key":"FocusPotion"},{"floor":14,"key":"SkillPotion"},{"floor":20,"key":"Dexterity Potion"}],"is_trial":false,"path_per_floor":["M","?","M","?","$","R","$","M","T","M","R","M","M","M","R","B",null,"M","?","M","?","M","R","M"],"character_chosen":"DEFECT","items_purchased":[],"campfire_rested":4,"item_purchase_floors":[],"current_hp_per_floor":[66,46,35,19,19,43,43,39,39,20,44,37,37,36,60,33,70,53,45,35,35,5,29,0],"gold":386,"neow_bonus":"TEN_PERCENT_HP_BONUS","is_prod":false,"is_daily":false,"chose_seed":false,"campfire_upgraded":0,"win_rate":0,"timestamp":1566682025,"path_taken":["M","?","M","?","$","R","?","M","T","M","R","?","M","M","R","BOSS","M","?","?","?","M","R","M"],"build_version":"2019-07-17","purchased_purges":1,"victory":false,"max_hp_per_floor":[82,82,82,82,82,82,82,82,82,82,82,82,82,82,82,82,82,82,82,82,82,82,82,82],"card_choices":[{"not_picked":["Turbo","Steam","Genetic Algorithm"],"picked":"SKIP","floor":1},{"not_picked":["Sunder","Compile Driver"],"picked":"Gash","floor":3},{"not_picked":["Ball Lightning","Sunder","Redo"],"picked":"SKIP","floor":8},{"not_picked":["Storm","Rebound","Turbo"],"picked":"SKIP","floor":10},{"not_picked":["Rebound","Beam Cell"],"picked":"Echo Form","floor":12},{"not_picked":["Rebound","Ball Lightning"],"picked":"Chill","floor":13},{"not_picked":["Beam Cell","Reboot"],"picked":"Conserve Battery","floor":14},{"not_picked":["Thunder Strike","Multi-Cast"],"picked":"Electrodynamics","floor":16},{"not_picked":["Ball Lightning","Skim"],"picked":"Cold Snap","floor":18},{"not_picked":["Coolheaded","Fusion","Streamline"],"picked":"SKIP","floor":20},{"not_picked":["White Noise","Coolheaded","Redo+1"],"picked":"SKIP","floor":22}],"player_experience":2899377,"relics_obtained":[{"floor":9,"key":"Ancient Tea Set"}],"event_choices":[{"damage_healed":0,"gold_gain":0,"player_choice":"Take Damage","damage_taken":20,"relics_obtained":["Golden Idol"],"max_hp_gain":0,"max_hp_loss":0,"event_name":"Golden Idol","floor":2,"gold_loss":0},{"damage_healed":0,"gold_gain":0,"player_choice":"Entered Light","damage_taken":16,"max_hp_gain":0,"max_hp_loss":0,"event_name":"Shining Light","floor":4,"gold_loss":0,"cards_upgraded":["Defend_B","Defend_B"]},{"damage_healed":0,"gold_gain":0,"player_choice":"","damage_taken":8,"max_hp_gain":0,"max_hp_loss":0,"event_name":"Knowing Skull","floor":19,"potions_obtained":[],"gold_loss":0,"cards_obtained":[]},{"damage_healed":0,"gold_gain":0,"player_choice":"Ignored","damage_taken":0,"max_hp_gain":0,"max_hp_loss":0,"event_name":"Ghosts","floor":21,"gold_loss":0}],"is_beta":false,"boss_relics":[{"not_picked":["Coffee Dripper","Runic Pyramid"],"picked":"Cursed Key"}],"items_purged_floors":[5],"is_endless":false,"potions_floor_spawned":[3,13,14,20],"killed_by":"Shelled Parasite and Fungi","ascension_level":12}