{"gold_per_floor":[116,116,66,79,93,93,112,112,112,112,112,125,125,159,159,262,262,262,177,177,102,102,102,102,102,102,102,102,102,102,102,102,102],"floor_reached":33,"playtime":1734,"items_purged":["Strike_R"],"score":286,"play_id":"44faebcf-e219-4157-830a-782c124339c6","local_time":"20181125154942","is_ascension_mode":true,"campfire_choices":[{"floor":6,"key":"RECALL"},{"data":"Shrug It Off","floor":8,"key":"SMITH"},{"data":"Inflame","floor":11,"key":"SMITH"},{"floor":15,"key":"REST"},{"data":"Disarm","floor":23,"key":"SMITH"},{"data":"Uppercut","floor":25,"key":"SMITH"},{"data":"Battle Trance","floor":32,"key":"SMITH"}],"neow_cost":"NONE","seed_source_timestamp":81660455689443,"circlet_count":0,"master_deck":["Strike_R","Strike_R+1","Strike_R","Strike_R","Defend_R","Defend_R","Defend_R","Defend_R+1","Inflame","Inflame+1","Shrug It Off+1","Shrug It Off","Immolate","Reaper","Shockwave+1","Disarm+1","Uppercut+1","Battle Trance+1"],"relics":["Burning Blood","NeowsBlessing","Matryoshka","Pantograph","Ectoplasm","Mummified Hand","Strawberry","Orichalcum","Enchiridion"],"potions_floor_usage":[14,16,33,33],"damage_taken":[{"damage":0,"enemies":"Small Slimes","floor":1,"turns":1},{"damage":0,"enemies":"Jaw Worm","floor":4,"turns":1},{"damage":0,"enemies":"Cultist","floor":5,"turns":1},{"damage":11,"enemies":"2 Fungi Beasts","floor":7,"turns":4},{"damage":3,"enemies":"Exordium Wildlife","floor":12,"turns":4},{"damage":54,"enemies":"Lagavulin","floor":14,"turns":7},{"damage":53,"enemies":"The Guardian","floor":16,"turns":17},{"damage":19,"enemies":"Spheric Guardian","floor":18,"turns":4},{"damage":0,"enemies":"Chosen","floor":20,"turns":4},{"damage":17,"enemies":"Snecko","floor":24,"turns":8},{"damage":5,"enemies":"Centurion and Healer","floor":27,"turns":6},{"damage":5,"enemies":"Cultist and Chosen","floor":28,"turns":7},{"damage":12,"enemies":"Shelled Parasite and Fungi","floor":29,"turns":6},{"damage":2,"enemies":"Snecko","floor":31,"turns":3},{"damage":112,"enemies":"Automaton","floor":33,"turns":12}],"seed_played":"-5827503939126218191","potions_obtained":[{"floor":5,"key":"Swift Potion"},{"floor":14,"key":"BloodPotion"},{"floor":18,"key":"SteroidPotion"},{"floor":24,"key":"LiquidBronze"},{"floor":31,"key":"Swift Potion"}],"is_trial":false,"path_per_floor":["M","?","?","M","M","R","M","R","T","T","R","M","?","E","R","B",null,"M","?","M","$","?","R","M","R","T","M","M","M","?","M","R","B"],"character_chosen":"IRONCLAD","items_purchased":[],"campfire_rested":1,"item_purchase_floors":[],"current_hp_per_floor":[80,64,64,70,76,76,71,71,71,71,71,74,79,31,56,38,85,72,72,78,78,78,78,67,67,74,92,92,92,76,90,90,0],"gold":102,"neow_bonus":"THREE_ENEMY_KILL","is_prod":false,"is_daily":false,"chose_seed":false,"campfire_upgraded":5,"win_rate":0,"timestamp":1543182582,"path_taken":["M","?","?","M","M","R","M","R","T","?","R","?","?","E","R","BOSS","M","?","M","$","?","R","?","R","T","M","M","?","?","M","R","BOSS"],"build_version":"2018-11-15","purchased_purges":1,"victory":false,"max_hp_per_floor":[80,80,80,80,80,80,80,80,80,80,80,80,85,85,85,85,85,85,85,85,85,85,85,85,85,92,92,92,92,92,92,92,92],"card_choices":[{"not_picked":["Armaments","Blood for Blood"],"picked":"Inflame","floor":1},{"not_picked":["Armaments","Fire Breathing"],"picked":"Inflame","floor":4},{"not_picked":["Thunderclap","Twin Strike","Anger"],"picked":"SKIP","floor":5},{"not_picked":["Armaments","Thunderclap"],"picked":"Shrug It Off","floor":7},{"not_picked":["Havoc","Blood for Blood"],"picked":"Shrug It Off","floor":12},{"not_picked":["Warcry","Spot Weakness"],"picked":"Immolate","floor":14},{"not_picked":["Dark Embrace","Berserk"],"picked":"Reaper","floor":16},{"not_picked":["Havoc+1","Iron Wave"],"picked":"Shockwave+1","floor":18},{"not_picked":["Havoc","Twin Strike"],"picked":"Disarm","floor":20},{"not_picked":["Reckless Charge","Corruption"],"picked":"Uppercut","floor":24},{"not_picked":["Thunderclap","Sword Boomerang"],"picked":"Battle Trance","floor":27},{"not_picked":["Evolve","Rage","Clash"],"picked":"SKIP","floor":28},{"not_picked":["Bloodletting","True Grit","Clash+1"],"picked":"SKIP","floor":29},{"not_picked":["Body Slam","Second Wind+1","Bludgeon"],"picked":"SKIP","floor":31}],"player_experience":480826,"relics_obtained":[{"floor":10,"key":"Matryoshka"},{"floor":14,"key":"Pantograph"},{"floor":26,"key":"Strawberry"},{"floor":26,"key":"Orichalcum"},{"floor":30,"key":"Enchiridion"}],"event_choices":[{"damage_healed":0,"gold_gain":0,"player_choice":"Entered Light","damage_taken":16,"max_hp_gain":0,"max_hp_loss":0,"event_name":"Shining Light","floor":2,"gold_loss":0,"cards_upgraded":["Strike_R","Defend_R"]},{"cards_removed":["Bash"],"damage_healed":0,"gold_gain":0,"player_choice":"Card Removal","damage_taken":0,"max_hp_gain":0,"max_hp_loss":0,"event_name":"The Cleric","floor":3,"gold_loss":50},{"damage_healed":0,"gold_gain":0,"player_choice":"Donut","damage_taken":0,"max_hp_gain":5,"max_hp_loss":0,"event_name":"Big Fish","floor":13,"gold_loss":0},{"damage_healed":0,"gold_gain":0,"player_choice":"Obtained Relic","damage_taken":0,"relics_obtained":["Mummified Hand"],"max_hp_gain":0,"max_hp_loss":0,"event_name":"Addict","floor":19,"gold_loss":85},{"damage_healed":0,"gold_gain":0,"player_choice":"Ignored","damage_taken":0,"max_hp_gain":0,"max_hp_loss":0,"event_name":"Ghosts","floor":22,"gold_loss":0},{"damage_healed":0,"gold_gain":0,"player_choice":"Obtained Book","damage_taken":16,"max_hp_gain":0,"max_hp_loss":0,"event_name":"Cursed Tome","floor":30,"gold_loss":0}],"is_beta":false,"boss_relics":[{"not_picked":["Pandora\u0027s Box","Philosopher\u0027s Stone"],"picked":"Ectoplasm"}],"items_purged_floors":[21],"is_endless":false,"potions_floor_spawned":[5,14,18,24,31],"killed_by":"Automaton","ascension_level":3}