{"gold_per_floor":[117,197,215,235,235,235,252,252,252,310,328,347,297,309,309,410,410,424,524,534,459,476,476,301,321,321,321,337,337],"floor_reached":29,"playtime":1296,"items_purged":["Strike_B"],"score":404,"play_id":"dea297dc-3ca3-4f24-9b43-e87e1c6868b2","local_time":"20190718200409","is_ascension_mode":true,"campfire_choices":[{"floor":6,"key":"REST"},{"data":"Zap","floor":8,"key":"SMITH"},{"floor":15,"key":"REST"},{"floor":23,"key":"REST"},{"floor":27,"key":"REST"}],"neow_cost":"NONE","seed_source_timestamp":588512925285370,"circlet_count":0,"master_deck":["AscendersBane","Strike_B+1","Strike_B","Defend_B","Defend_B","Defend_B","Defend_B","Zap+1","Cold Snap+1","Echo Form","Loop","Defragment","Cold Snap","Echo Form","Chill","Loop","Echo Form","Force Field"],"relics":["Cracked Core","NeowsBlessing","Mercury Hourglass","WingedGreaves","Happy Flower","Whetstone","Orrery","Peace Pipe"],"potions_floor_usage":[10,22,24],"damage_taken":[{"damage":0,"enemies":"Cultist","floor":1,"turns":1},{"damage":0,"enemies":"Small Slimes","floor":3,"turns":1},{"damage":0,"enemies":"2 Louse","floor":4,"turns":1},{"damage":1,"enemies":"Large Slime","floor":7,"turns":6},{"damage":11,"enemies":"3 Sentries","floor":10,"turns":5},{"damage":9,"enemies":"Red Slaver","floor":11,"turns":4},{"damage":0,"enemies":"2 Fungi Beasts","floor":12,"turns":3},{"damage":2,"enemies":"Blue Slaver","floor":14,"turns":3},{"damage":0,"enemies":"The Guardian","floor":16,"turns":10},{"damage":17,"enemies":"Spheric Guardian","floor":18,"turns":4},{"damage":32,"enemies":"Chosen","floor":20,"turns":6},{"damage":18,"enemies":"3 Cultists","floor":22,"turns":7},{"damage":19,"enemies":"Sentry and Sphere","floor":25,"turns":8},{"damage":19,"enemies":"Snecko","floor":28,"turns":6},{"damage":22,"enemies":"Centurion and Healer","floor":29,"turns":2}],"seed_played":"4677627427814262975","potions_obtained":[{"floor":1,"key":"SmokeBomb"},{"floor":4,"key":"Fire Potion"},{"floor":12,"key":"Energy Potion"},{"floor":16,"key":"LiquidBronze"},{"floor":18,"key":"Dexterity Potion"},{"floor":20,"key":"Explosive Potion"},{"floor":25,"key":"EssenceOfSteel"}],"is_trial":false,"path_per_floor":["M","T","M","M","?","R","M","R","T","?","M","M","?","M","R","B",null,"M","?","M","?","M","R","$","M","T","R","M","M"],"character_chosen":"DEFECT","items_purchased":["Fruit Juice"],"campfire_rested":4,"item_purchase_floors":[24],"current_hp_per_floor":[68,68,68,68,50,72,71,71,71,60,51,51,51,49,71,71,74,57,57,25,25,7,29,34,15,15,39,20,0],"gold":337,"neow_bonus":"THREE_ENEMY_KILL","is_prod":false,"is_daily":false,"chose_seed":false,"campfire_upgraded":1,"win_rate":0,"timestamp":1563498249,"path_taken":["M","?","M","M","?","R","M","R","T","?","M","M","?","M","R","BOSS","M","?","?","?","M","R","$","M","T","R","M","M"],"build_version":"2019-07-17","purchased_purges":1,"victory":false,"max_hp_per_floor":[75,75,75,75,75,75,75,75,75,75,75,75,75,75,75,75,75,75,75,75,75,75,75,80,80,80,80,80,80],"card_choices":[{"not_picked":["Hello World","Static Discharge","Lockon"],"picked":"SKIP","floor":1},{"not_picked":["Leap","Hologram"],"picked":"Cold Snap","floor":3},{"not_picked":["Hologram","Barrage"],"picked":"Echo Form","floor":4},{"not_picked":["Consume","Double Energy","Stack"],"picked":"SKIP","floor":7},{"not_picked":["Self Repair","Conserve Battery"],"picked":"Loop","floor":10},{"not_picked":["Stack","Beam Cell","Coolheaded"],"picked":"SKIP","floor":11},{"not_picked":["Ball Lightning","Beam Cell"],"picked":"Defragment","floor":12},{"not_picked":["Rebound","Compile Driver"],"picked":"Cold Snap","floor":14},{"not_picked":["Fission","Reboot"],"picked":"Echo Form","floor":16},{"not_picked":["Ball Lightning","Go for the Eyes"],"picked":"Chill","floor":17},{"not_picked":["Gash","White Noise"],"picked":"Loop","floor":17},{"not_picked":["Loop","Compile Driver"],"picked":"Echo Form","floor":17},{"not_picked":["Genetic Algorithm+1","Barrage+1","Recycle"],"picked":"SKIP","floor":18},{"not_picked":["Sweeping Beam","Go for the Eyes"],"picked":"Force Field","floor":20},{"not_picked":["Chaos","Barrage","Coolheaded"],"picked":"SKIP","floor":22},{"not_picked":["Sweeping Beam","Redo","Genetic Algorithm+1"],"picked":"SKIP","floor":25},{"not_picked":["Rebound","Lockon","Barrage"],"picked":"SKIP","floor":28}],"player_experience":2392863,"relics_obtained":[{"floor":2,"key":"Mercury Hourglass"},{"floor":9,"key":"Happy Flower"},{"floor":10,"key":"Whetstone"},{"floor":26,"key":"Peace Pipe"}],"event_choices":[{"damage_healed":0,"gold_gain":0,"player_choice":"Success","damage_taken":18,"relics_obtained":["WingedGreaves"],"max_hp_gain":0,"max_hp_loss":0,"event_name":"Scrap Ooze","floor":5,"gold_loss":0},{"damage_healed":0,"gold_gain":0,"player_choice":"Searched \u00272\u0027 times","damage_taken":0,"max_hp_gain":0,"max_hp_loss":0,"event_name":"Dead Adventurer","floor":10,"gold_loss":0},{"cards_removed":["Dualcast"],"damage_healed":0,"gold_gain":0,"player_choice":"Card Removal","damage_taken":0,"max_hp_gain":0,"max_hp_loss":0,"event_name":"The Cleric","floor":13,"gold_loss":50},{"damage_healed":0,"gold_gain":100,"player_choice":"Pray","damage_taken":0,"max_hp_gain":0,"max_hp_loss":0,"event_name":"Golden Shrine","floor":19,"gold_loss":0},{"cards_removed":["Strike_B"],"damage_healed":0,"gold_gain":0,"player_choice":"Gave Gold","damage_taken":0,"max_hp_gain":0,"max_hp_loss":0,"event_name":"Beggar","floor":21,"gold_loss":75}],"is_beta":false,"boss_relics":[{"not_picked":["Black Star","White Beast Statue"],"picked":"Orrery"}],"items_purged_floors":[24],"is_endless":false,"potions_floor_spawned":[1,4,12,16,18,20,25],"killed_by":"Centurion and Healer","ascension_level":10}