{"gold_per_floor":[114,114,60,74,87,121,121,46,71,81,110,156,156,174,174,276,276,286,296,43,43,58,58,58,92,118,118,130,130,156,190,190,292,292,311,330,53,53,53,79,79,79],"floor_reached":42,"playtime":2788,"items_purged":["Defend_R","Doubt","Writhe"],"score":548,"play_id":"c1af2af1-4cd2-4125-a269-fdea19658861","local_time":"20190817231737","is_ascension_mode":true,"campfire_choices":[{"floor":13,"key":"REST"},{"data":"Armaments","floor":15,"key":"SMITH"},{"data":"Barricade","floor":23,"key":"SMITH"},{"floor":27,"key":"REST"},{"floor":32,"key":"REST"},{"data":"Demon Form","floor":41,"key":"SMITH"}],"neow_cost":"NONE","seed_source_timestamp":212322727795923,"circlet_count":0,"master_deck":["Strike_R","Strike_R","Strike_R","Strike_R","Defend_R","Defend_R","Defend_R","Bash","Cleave","Armaments+1","Anger","Iron Wave","Shockwave","Infernal Blade","Parasite","Rage","Sever Soul+1","Barricade+1","Havoc+1","J.A.X.","Impervious","Metallicize","Seeing Red","Demon Form+1","True Grit","Writhe","Jack Of All Trades"],"relics":["Burning Blood","Oddly Smooth Stone","Juzu Bracelet","Molten Egg 2","Ancient Tea Set","Gambling Chip","Boot","Calling Bell","Strawberry","Self Forming Clay","Pocketwatch","Happy Flower","Regal Pillow","Question Card","Red Mask","Sozu","Orichalcum","Omamori"],"potions_floor_usage":[16,25,30,31,42],"damage_taken":[{"damage":0,"enemies":"2 Louse","floor":1,"turns":3},{"damage":0,"enemies":"Cultist","floor":4,"turns":3},{"damage":2,"enemies":"Small Slimes","floor":5,"turns":3},{"damage":16,"enemies":"Gremlin Nob","floor":6,"turns":4},{"damage":8,"enemies":"Exordium Wildlife","floor":10,"turns":4},{"damage":25,"enemies":"Lagavulin","floor":11,"turns":5},{"damage":0,"enemies":"3 Louse","floor":14,"turns":2},{"damage":10,"enemies":"The Guardian","floor":16,"turns":8},{"damage":9,"enemies":"Shell Parasite","floor":18,"turns":6},{"damage":1,"enemies":"Chosen","floor":19,"turns":4},{"damage":27,"enemies":"Snake Plant","floor":22,"turns":4},{"damage":37,"enemies":"Book of Stabbing","floor":25,"turns":6},{"damage":17,"enemies":"Sentry and Sphere","floor":28,"turns":6},{"damage":33,"enemies":"Slavers","floor":30,"turns":8},{"damage":15,"enemies":"Masked Bandits","floor":31,"turns":6},{"damage":12,"enemies":"Champ","floor":33,"turns":13},{"damage":16,"enemies":"3 Darklings","floor":35,"turns":6},{"damage":17,"enemies":"3 Shapes","floor":36,"turns":4},{"damage":28,"enemies":"Nemesis","floor":40,"turns":7},{"damage":66,"enemies":"Reptomancer","floor":42,"turns":8}],"seed_played":"-1562573777278002331","potions_obtained":[{"floor":1,"key":"Fire Potion"},{"floor":4,"key":"FearPotion"},{"floor":6,"key":"Ancient Potion"},{"floor":16,"key":"Explosive Potion"},{"floor":22,"key":"Poison Potion"},{"floor":25,"key":"BloodPotion"},{"floor":33,"key":"Fire Potion"}],"is_trial":false,"path_per_floor":["M","?","$","M","M","E","?","$","T","M","E","T","R","M","R","B",null,"M","M","$","?","M","R","?","E","T","R","M","?","E","?","R","B",null,"M","M","$","?","?","E","R","E"],"character_chosen":"IRONCLAD","items_purchased":["Armaments","Barricade","Orichalcum"],"campfire_rested":3,"item_purchase_floors":[3,20,37],"current_hp_per_floor":[80,80,80,80,80,70,63,63,63,61,42,42,66,72,72,68,87,84,87,87,87,66,66,66,35,35,76,65,49,43,34,75,69,87,77,66,66,87,87,65,65,0],"gold":79,"neow_bonus":"RANDOM_COMMON_RELIC","is_prod":false,"is_daily":false,"chose_seed":false,"campfire_upgraded":3,"win_rate":0,"timestamp":1566098257,"path_taken":["M","?","$","?","M","E","?","$","T","M","E","?","R","M","R","BOSS","M","M","$","?","M","R","?","E","T","R","M","?","E","?","R","BOSS","M","M","$","?","?","E","R","E"],"build_version":"2019-07-17","purchased_purges":3,"victory":false,"max_hp_per_floor":[80,80,80,80,80,80,80,80,80,80,80,80,80,80,80,80,87,87,87,87,87,87,87,87,87,87,87,87,87,87,87,87,87,87,87,87,87,87,87,87,87,87],"card_choices":[{"not_picked":["Bloodletting","Carnage"],"picked":"Cleave","floor":1},{"not_picked":["Seeing Red","Second Wind"],"picked":"Anger","floor":4},{"not_picked":["Disarm","Dropkick"],"picked":"Iron Wave","floor":5},{"not_picked":["Armaments","Cleave"],"picked":"Shockwave","floor":6},{"not_picked":["Headbutt+1","Armaments"],"picked":"Infernal Blade","floor":10},{"not_picked":["Clothesline+1","Immolate+1","Battle Trance"],"picked":"SKIP","floor":11},{"not_picked":["Blood for Blood+1","Heavy Blade+1","Clothesline+1"],"picked":"SKIP","floor":14},{"not_picked":["Havoc","Flex"],"picked":"Rage","floor":18},{"not_picked":["Clash+1","Infernal Blade"],"picked":"Sever Soul+1","floor":19},{"not_picked":["Pommel Strike+1","Armaments"],"picked":"Havoc+1","floor":22},{"not_picked":["Juggernaut","Pommel Strike+1"],"picked":"Impervious","floor":25},{"not_picked":["Flex","Clash+1"],"picked":"Metallicize","floor":28},{"not_picked":["Bloodletting","Blood for Blood+1"],"picked":"Seeing Red","floor":30},{"not_picked":["Immolate+1","Berserk","Fiend Fire+1"],"picked":"Demon Form","floor":33},{"not_picked":["Wild Strike+1","Pommel Strike+1","Perfected Strike+1"],"picked":"True Grit","floor":35},{"not_picked":["Flex+1","Evolve+1","Carnage+1","Whirlwind+1"],"picked":"SKIP","floor":36},{"not_picked":["Swift Strike+1","Deep Breath","Magnetism"],"picked":"Jack Of All Trades","floor":39},{"not_picked":["Dropkick+1","Bloodletting","Armaments+1","Rampage+1"],"picked":"SKIP","floor":40}],"player_experience":119251,"relics_obtained":[{"floor":6,"key":"Juzu Bracelet"},{"floor":9,"key":"Ancient Tea Set"},{"floor":11,"key":"Gambling Chip"},{"floor":12,"key":"Boot"},{"floor":17,"key":"Strawberry"},{"floor":17,"key":"Self Forming Clay"},{"floor":17,"key":"Pocketwatch"},{"floor":25,"key":"Happy Flower"},{"floor":26,"key":"Regal Pillow"},{"floor":30,"key":"Question Card"},{"floor":31,"key":"Red Mask"},{"floor":40,"key":"Omamori"}],"event_choices":[{"cards_removed":["Strike_R"],"damage_healed":0,"gold_gain":0,"player_choice":"Card Removal","damage_taken":0,"max_hp_gain":0,"max_hp_loss":0,"event_name":"Wheel of Change","floor":2,"gold_loss":0},{"damage_healed":0,"gold_gain":0,"player_choice":"Success","damage_taken":7,"relics_obtained":["Molten Egg 2"],"max_hp_gain":0,"max_hp_loss":0,"event_name":"Scrap Ooze","floor":7,"gold_loss":0},{"damage_healed":0,"gold_gain":0,"player_choice":"Ignored","damage_taken":0,"max_hp_gain":0,"max_hp_loss":0,"event_name":"Ghosts","floor":21,"gold_loss":0},{"damage_healed":0,"gold_gain":0,"player_choice":"Obtain J.A.X.","damage_taken":0,"max_hp_gain":0,"max_hp_loss":0,"event_name":"Drug Dealer","floor":24,"gold_loss":0,"cards_obtained":["J.A.X."]},{"damage_healed":0,"gold_gain":0,"player_choice":"Obtained Book","damage_taken":16,"max_hp_gain":0,"max_hp_loss":0,"event_name":"Cursed Tome","floor":29,"gold_loss":0},{"damage_healed":0,"gold_gain":0,"player_choice":"Fought Bandits","damage_taken":0,"max_hp_gain":0,"max_hp_loss":0,"event_name":"Masked Bandits","floor":31,"gold_loss":0},{"damage_healed":22,"gold_gain":0,"player_choice":"Writhe","damage_taken":0,"max_hp_gain":0,"max_hp_loss":0,"event_name":"Winding Halls","floor":38,"gold_loss":0,"cards_obtained":["Writhe"]},{"damage_healed":0,"gold_gain":0,"player_choice":"Memory 1","damage_taken":0,"max_hp_gain":0,"max_hp_loss":0,"event_name":"SensoryStone","floor":39,"gold_loss":0}],"is_beta":false,"boss_relics":[{"not_picked":["Runic Cube","Orrery"],"picked":"Calling Bell"},{"not_picked":["Snecko Eye","Astrolabe"],"picked":"Sozu"}],"items_purged_floors":[8,20,37],"is_endless":false,"potions_floor_spawned":[1,4,6,16,22,25,28,33,40],"killed_by":"Reptomancer","ascension_level":1}