{"gold_per_floor":[114,132,144,144,144,144,144,144,144,169,184,184],"floor_reached":12,"playtime":403,"items_purged":[],"score":112,"play_id":"c54e7d00-0812-4bd5-ad04-eb50646ca827","local_time":"20190820213307","is_ascension_mode":true,"campfire_choices":[{"floor":6,"key":"REST"}],"neow_cost":"NONE","seed_source_timestamp":589901828613700,"circlet_count":0,"master_deck":["AscendersBane","Strike_B","Strike_B","Strike_B","Strike_B","Defend_B","Defend_B","Defend_B","Defend_B","Zap","Dualcast","Fission","Gash","Conserve Battery"],"relics":["Cracked Core","Golden Idol","Pocketwatch","Girya","Cables"],"potions_floor_usage":[],"damage_taken":[{"damage":12,"enemies":"2 Louse","floor":1,"turns":4},{"damage":5,"enemies":"Jaw Worm","floor":2,"turns":5},{"damage":4,"enemies":"Small Slimes","floor":3,"turns":4},{"damage":6,"enemies":"Blue Slaver","floor":10,"turns":3},{"damage":13,"enemies":"Red Slaver","floor":11,"turns":3},{"damage":16,"enemies":"Large Slime","floor":12,"turns":5}],"seed_played":"-6502273516704221263","potions_obtained":[{"floor":1,"key":"SmokeBomb"},{"floor":11,"key":"Dexterity Potion"}],"is_trial":false,"path_per_floor":["M","M","M","?","T","R","?","?","T","M","M","M"],"character_chosen":"DEFECT","items_purchased":[],"campfire_rested":1,"item_purchase_floors":[],"current_hp_per_floor":[56,51,47,29,29,51,26,26,26,20,7,0],"gold":184,"neow_bonus":"ONE_RANDOM_RARE_CARD","is_prod":false,"is_daily":false,"chose_seed":false,"campfire_upgraded":0,"win_rate":0,"timestamp":1566354787,"path_taken":["M","M","M","?","?","R","?","?","T","M","M","M"],"build_version":"2019-07-17","purchased_purges":0,"victory":false,"max_hp_per_floor":[75,75,75,75,75,75,75,75,75,75,75,75],"card_choices":[{"not_picked":["Recycle","Compile Driver","Barrage"],"picked":"SKIP","floor":1},{"not_picked":["Tempest","Go for the Eyes","Stack"],"picked":"SKIP","floor":2},{"not_picked":["Ball Lightning","Go for the Eyes"],"picked":"Gash","floor":3},{"not_picked":["Beam Cell","Blizzard","Recycle"],"picked":"SKIP","floor":10},{"not_picked":["Ball Lightning","Sunder"],"picked":"Conserve Battery","floor":11}],"player_experience":2884979,"relics_obtained":[{"floor":5,"key":"Pocketwatch"},{"floor":9,"key":"Cables"}],"event_choices":[{"damage_healed":0,"gold_gain":0,"player_choice":"Take Damage","damage_taken":18,"relics_obtained":["Golden Idol"],"max_hp_gain":0,"max_hp_loss":0,"event_name":"Golden Idol","floor":4,"gold_loss":0},{"damage_healed":0,"gold_gain":0,"player_choice":"Success","damage_taken":25,"relics_obtained":["Girya"],"max_hp_gain":0,"max_hp_loss":0,"event_name":"Scrap Ooze","floor":7,"gold_loss":0},{"damage_healed":0,"gold_gain":0,"player_choice":"Ignored","damage_taken":0,"max_hp_gain":0,"max_hp_loss":0,"event_name":"Liars Game","floor":8,"gold_loss":0}],"is_beta":false,"boss_relics":[],"items_purged_floors":[],"is_endless":false,"potions_floor_spawned":[1,11],"killed_by":"Large Slime","ascension_level":12}