{"gold_per_floor":[113,113,113,113,132,132,18,53,53,108,128,128,84,84,84,185,185,205,219,179,179,197,197,297,310,310,88,141,141,160,160],"floor_reached":31,"playtime":1546,"items_purged":["Strike_B"],"score":231,"play_id":"fc55a068-fe46-40a6-93f1-c657a5e558fb","local_time":"20190819225730","is_ascension_mode":false,"campfire_choices":[{"floor":12,"key":"REST"},{"floor":15,"key":"REST"},{"data":"Buffer","floor":23,"key":"SMITH"}],"neow_cost":"NONE","seed_source_timestamp":385175788434867,"circlet_count":0,"master_deck":["Strike_B+1","Strike_B","Defend_B","Defend_B","Defend_B","Defend_B","Zap","Dualcast","Defragment","Capacitor","Streamline","Ball Lightning+1","Rebound","Buffer+1","Beam Cell+1","Leap","Lockon+1","Static Discharge","Cold Snap","Self Repair","Madness"],"relics":["Cracked Core","Pocketwatch","Matryoshka","Juzu Bracelet","Peace Pipe","Shuriken","Question Card","Sozu","PreservedInsect","Mummified Hand","Regal Pillow"],"potions_floor_usage":[16,25],"damage_taken":[{"damage":1,"enemies":"Jaw Worm","floor":1,"turns":3},{"damage":0,"enemies":"Small Slimes","floor":5,"turns":4},{"damage":34,"enemies":"3 Sentries","floor":8,"turns":8},{"damage":31,"enemies":"3 Sentries","floor":10,"turns":6},{"damage":2,"enemies":"2 Louse","floor":11,"turns":3},{"damage":17,"enemies":"The Guardian","floor":16,"turns":8},{"damage":10,"enemies":"Chosen","floor":18,"turns":4},{"damage":21,"enemies":"3 Byrds","floor":19,"turns":5},{"damage":28,"enemies":"Shelled Parasite and Fungi","floor":22,"turns":6},{"damage":11,"enemies":"Centurion and Healer","floor":25,"turns":5},{"damage":9,"enemies":"Cultist and Chosen","floor":30,"turns":5},{"damage":15,"enemies":"Snecko","floor":31,"turns":2}],"seed_played":"5673783094655619212","potions_obtained":[{"floor":1,"key":"FearPotion"},{"floor":8,"key":"Strength Potion"},{"floor":11,"key":"FocusPotion"},{"floor":16,"key":"EssenceOfSteel"}],"is_trial":false,"path_per_floor":["M","?","?","?","M","T","$","E","T","?","M","R","?","?","R","B",null,"M","M","?","?","M","R","?","M","T","$","T","?","M","M"],"character_chosen":"DEFECT","items_purchased":["Capacitor","Cold Snap","Self Repair","Madness"],"campfire_rested":2,"item_purchase_floors":[7,27,27,27],"current_hp_per_floor":[81,86,86,86,86,86,86,52,52,21,19,45,45,42,68,51,87,77,56,56,56,28,28,28,17,17,17,17,17,15,0],"gold":160,"neow_bonus":"TEN_PERCENT_HP_BONUS","is_prod":false,"is_daily":false,"chose_seed":false,"campfire_upgraded":1,"win_rate":0.0,"timestamp":1566269850,"path_taken":["M","?","?","?","M","?","$","E","T","?","M","R","?","?","R","BOSS","M","M","?","?","M","R","?","M","T","?","?","?","M","M"],"build_version":"2019-07-17","purchased_purges":1,"victory":false,"max_hp_per_floor":[82,87,87,87,87,87,87,87,87,87,87,87,87,87,87,87,87,87,87,87,87,87,87,87,87,87,87,87,87,87,87],"card_choices":[{"not_picked":["Storm","Hologram","Steam"],"picked":"SKIP","floor":1},{"not_picked":["Beam Cell","Barrage"],"picked":"Defragment","floor":5},{"not_picked":["Fission","Steam"],"picked":"Streamline","floor":8},{"not_picked":["Steam","Biased Cognition"],"picked":"Ball Lightning","floor":10},{"not_picked":["Gash","Tempest"],"picked":"Rebound","floor":11},{"not_picked":["Echo Form","Rainbow","Fission"],"picked":"Buffer","floor":16},{"not_picked":["BootSequence","Aggregate","Ball Lightning"],"picked":"Beam Cell+1","floor":18},{"not_picked":["Doom and Gloom","Conserve Battery","Gash"],"picked":"Leap","floor":19},{"not_picked":["Melter","Stack","Streamline"],"picked":"Lockon+1","floor":22},{"not_picked":["Genetic Algorithm","Barrage+1","Go for the Eyes"],"picked":"Static Discharge","floor":25},{"not_picked":["Go for the Eyes","Stack","Lockon","Force Field"],"picked":"SKIP","floor":30}],"player_experience":140003,"relics_obtained":[{"floor":6,"key":"Pocketwatch"},{"floor":8,"key":"Matryoshka"},{"floor":9,"key":"Juzu Bracelet"},{"floor":9,"key":"Peace Pipe"},{"floor":10,"key":"Shuriken"},{"floor":26,"key":"PreservedInsect"},{"floor":26,"key":"Mummified Hand"},{"floor":28,"key":"Regal Pillow"}],"event_choices":[{"damage_healed":0,"gold_gain":0,"player_choice":"Donut","damage_taken":0,"max_hp_gain":5,"max_hp_loss":0,"event_name":"Big Fish","floor":2,"gold_loss":0},{"damage_healed":0,"gold_gain":0,"player_choice":"Leave","damage_taken":0,"max_hp_gain":0,"max_hp_loss":0,"event_name":"The Cleric","floor":3,"gold_loss":0},{"damage_healed":0,"gold_gain":0,"player_choice":"Ignored","damage_taken":0,"max_hp_gain":0,"max_hp_loss":0,"event_name":"Shining Light","floor":4,"gold_loss":0},{"damage_healed":0,"gold_gain":0,"player_choice":"Searched \u00272\u0027 times","damage_taken":0,"max_hp_gain":0,"max_hp_loss":0,"event_name":"Dead Adventurer","floor":10,"gold_loss":0},{"damage_healed":0,"gold_gain":0,"player_choice":"Left Gold","damage_taken":0,"max_hp_gain":0,"max_hp_loss":0,"event_name":"World of Goop","floor":13,"gold_loss":44},{"damage_healed":0,"gold_gain":0,"player_choice":"Success","damage_taken":3,"relics_obtained":["Question Card"],"max_hp_gain":0,"max_hp_loss":0,"event_name":"Scrap Ooze","floor":14,"gold_loss":0},{"damage_healed":0,"gold_gain":0,"player_choice":"Upgraded Two","damage_taken":0,"max_hp_gain":0,"max_hp_loss":0,"event_name":"Designer","floor":20,"gold_loss":40,"cards_upgraded":["Strike_B","Ball Lightning"]},{"damage_healed":0,"gold_gain":0,"player_choice":"Ignored","damage_taken":0,"max_hp_gain":0,"max_hp_loss":0,"event_name":"Ghosts","floor":21,"gold_loss":0},{"damage_healed":0,"gold_gain":100,"player_choice":"Pray","damage_taken":0,"max_hp_gain":0,"max_hp_loss":0,"event_name":"Golden Shrine","floor":24,"gold_loss":0},{"cards_removed":["Strike_B"],"damage_healed":0,"gold_gain":0,"player_choice":"Purged","damage_taken":0,"max_hp_gain":0,"max_hp_loss":0,"event_name":"Purifier","floor":29,"gold_loss":0}],"is_beta":false,"boss_relics":[{"not_picked":["Snecko Eye","Lizard Tail"],"picked":"Sozu"}],"items_purged_floors":[7],"is_endless":false,"potions_floor_spawned":[1,8,11,16,18,30],"killed_by":"Snecko","ascension_level":0}