{"gold_per_floor":[109,109,135,153,228,228,254,12,42,42,60,74,74,90,90,186,186,196,208,66,86,99,99,116,116,169,187,199,213,213,213,213,308,308,319,319,19,32,43,43],"floor_reached":40,"playtime":13578,"items_purged":["Strike_G","Strike_G","Normality"],"score":535,"play_id":"9a3a27fe-56fa-42a3-8046-c7a7953c9d5a","local_time":"20190322221207","is_ascension_mode":true,"campfire_choices":[{"floor":6,"key":"REST"},{"floor":10,"key":"REST"},{"data":"Corpse Explosion","floor":15,"key":"SMITH"},{"floor":23,"key":"REST"},{"floor":25,"key":"REST"},{"floor":30,"key":"REST"},{"data":"Secret Technique","floor":32,"key":"SMITH"}],"neow_cost":"PERCENT_DAMAGE","seed_source_timestamp":520151905365770,"circlet_count":0,"master_deck":["Defend_G","Defend_G","Defend_G","Defend_G","Defend_G","Strike_G","Survivor","Neutralize","Corpse Explosion+1","Crippling Poison","Leg Sweep","After Image","Deadly Poison+1","Footwork","Secret Technique+1","Backstab","Parasite","Writhe","Tools of the Trade+1","Noxious Fumes+1"],"relics":["Ring of the Serpent","Anchor","Odd Mushroom","Membership Card","Tiny Chest","Lantern","Calling Bell","Snake Skull","Frozen Egg 2","Girya","Molten Egg 2"],"potions_floor_usage":[16,28,33,33,40,40,40],"damage_taken":[{"damage":0,"enemies":"Cultist","floor":1,"turns":4},{"damage":7,"enemies":"Jaw Worm","floor":4,"turns":4},{"damage":3,"enemies":"The Mushroom Lair","floor":7,"turns":3},{"damage":4,"enemies":"Small Slimes","floor":11,"turns":4},{"damage":0,"enemies":"Blue Slaver","floor":12,"turns":6},{"damage":2,"enemies":"2 Fungi Beasts","floor":14,"turns":5},{"damage":17,"enemies":"The Guardian","floor":16,"turns":14},{"damage":0,"enemies":"3 Byrds","floor":18,"turns":3},{"damage":0,"enemies":"Chosen","floor":19,"turns":5},{"damage":12,"enemies":"Snake Plant","floor":21,"turns":6},{"damage":9,"enemies":"3 Cultists","floor":22,"turns":3},{"damage":16,"enemies":"Shelled Parasite and Fungi","floor":24,"turns":9},{"damage":11,"enemies":"Chosen and Byrds","floor":27,"turns":9},{"damage":2,"enemies":"Snecko","floor":28,"turns":7},{"damage":8,"enemies":"Centurion and Healer","floor":29,"turns":9},{"damage":3,"enemies":"Colosseum Slavers","floor":31,"turns":6},{"damage":65,"enemies":"Collector","floor":33,"turns":13},{"damage":10,"enemies":"3 Shapes","floor":35,"turns":7},{"damage":0,"enemies":"Orb Walker","floor":38,"turns":7},{"damage":12,"enemies":"Sphere and 2 Shapes","floor":39,"turns":12},{"damage":51,"enemies":"Nemesis","floor":40,"turns":8}],"seed_played":"-5398812853218497070","potions_obtained":[{"floor":1,"key":"SpeedPotion"},{"floor":11,"key":"Energy Potion"},{"floor":19,"key":"Weak Potion"},{"floor":21,"key":"Ancient Potion"},{"floor":22,"key":"PowerPotion"},{"floor":28,"key":"Fruit Juice"},{"floor":33,"key":"FearPotion"},{"floor":36,"key":"PowerPotion"},{"floor":36,"key":"Poison Potion"}],"is_trial":false,"path_per_floor":["M","?","T","M","?","R","?","$","T","R","M","M","?","M","R","B",null,"M","M","$","M","M","R","M","R","T","M","M","M","R","?","R","B",null,"M","?","$","M","M","E"],"character_chosen":"THE_SILENT","items_purchased":["Membership Card","Secret Technique","Tools of the Trade+1","Molten Egg 2","EssenceOfSteel"],"campfire_rested":5,"item_purchase_floors":[8,20,37,37,37],"current_hp_per_floor":[45,45,45,38,27,48,45,45,45,66,62,62,62,60,60,43,63,63,63,63,51,42,63,47,68,68,57,60,52,74,71,71,6,58,48,48,48,48,36,0],"gold":43,"neow_bonus":"THREE_RARE_CARDS","is_prod":false,"is_daily":false,"chose_seed":false,"campfire_upgraded":2,"win_rate":0,"timestamp":1553310727,"path_taken":["M","?","?","M","?","R","?","$","T","R","M","?","?","M","R","BOSS","M","M","$","M","?","R","M","R","T","M","M","?","R","?","R","BOSS","M","?","$","M","?","E"],"build_version":"2019-01-23","purchased_purges":3,"victory":false,"max_hp_per_floor":[70,70,70,70,70,70,70,70,70,70,70,70,70,70,70,70,70,70,70,70,70,70,70,70,70,70,70,75,75,75,75,75,75,75,75,75,75,75,75,75],"card_choices":[{"not_picked":["Phantasmal Killer","Envenom"],"picked":"Corpse Explosion","floor":0},{"not_picked":["Calculated Gamble","Acrobatics"],"picked":"Crippling Poison","floor":1},{"not_picked":["Skewer","Dagger Throw","Blade Dance"],"picked":"SKIP","floor":4},{"not_picked":["Calculated Gamble","Expertise","Cloak And Dagger"],"picked":"SKIP","floor":11},{"not_picked":["Poisoned Stab","Dagger Throw","Prepared"],"picked":"SKIP","floor":12},{"not_picked":["Quick Slash","Terror"],"picked":"Leg Sweep","floor":14},{"not_picked":["Doppelganger","Adrenaline"],"picked":"After Image","floor":16},{"not_picked":["Deflect","Poisoned Stab+1"],"picked":"Deadly Poison+1","floor":18},{"not_picked":["Reflex","Expertise"],"picked":"Footwork","floor":19},{"not_picked":["Prepared+1","Dodge and Roll"],"picked":"Backstab","floor":21},{"not_picked":["Dagger Spray+1","Prepared","Outmaneuver"],"picked":"SKIP","floor":22},{"not_picked":["Glass Knife","Outmaneuver","Tactician"],"picked":"SKIP","floor":24},{"not_picked":["Terror","Concentrate+1","Flying Knee"],"picked":"SKIP","floor":27},{"not_picked":["Backflip","Prepared","Riddle With Holes"],"picked":"SKIP","floor":28},{"not_picked":["Backflip","Concentrate","Blade Dance"],"picked":"SKIP","floor":29},{"not_picked":["Prepared","Cloak And Dagger","Accuracy+1"],"picked":"SKIP","floor":35},{"not_picked":["Bouncing Flask+1","Predator+1","Flechettes+1"],"picked":"SKIP","floor":38},{"not_picked":["Infinite Blades+1","Terror"],"picked":"Noxious Fumes+1","floor":39}],"player_experience":1704712,"relics_obtained":[{"floor":3,"key":"Anchor"},{"floor":7,"key":"Odd Mushroom"},{"floor":9,"key":"Tiny Chest"},{"floor":26,"key":"Lantern"},{"floor":34,"key":"Snake Skull"},{"floor":34,"key":"Frozen Egg 2"},{"floor":34,"key":"Girya"}],"event_choices":[{"cards_removed":["Strike_G"],"damage_healed":0,"gold_gain":0,"player_choice":"Forget","damage_taken":0,"max_hp_gain":0,"max_hp_loss":0,"event_name":"Living Wall","floor":2,"gold_loss":0},{"damage_healed":0,"gold_gain":75,"player_choice":"Gather Gold","damage_taken":11,"max_hp_gain":0,"max_hp_loss":0,"event_name":"World of Goop","floor":5,"gold_loss":0},{"damage_healed":0,"gold_gain":0,"player_choice":"Fought Mushrooms","damage_taken":0,"max_hp_gain":0,"max_hp_loss":0,"event_name":"Mushrooms","floor":7,"gold_loss":0},{"cards_removed":["Strike_G"],"damage_healed":0,"gold_gain":0,"player_choice":"Offered Basic","damage_taken":0,"max_hp_gain":0,"max_hp_loss":0,"event_name":"Bonfire Elementals","floor":13,"gold_loss":0},{"damage_healed":0,"gold_gain":0,"player_choice":"Fight","damage_taken":0,"max_hp_gain":0,"max_hp_loss":0,"event_name":"Colosseum","floor":31,"gold_loss":0},{"damage_healed":0,"gold_gain":0,"player_choice":"Fled From Nobs","damage_taken":0,"max_hp_gain":0,"max_hp_loss":0,"event_name":"Colosseum","floor":31,"gold_loss":0},{"damage_healed":0,"gold_gain":0,"player_choice":"Got Potions","damage_taken":0,"max_hp_gain":0,"max_hp_loss":0,"event_name":"Lab","floor":36,"gold_loss":0}],"is_beta":false,"boss_relics":[{"not_picked":["Eternal Feather","Runic Dome"],"picked":"Ring of the Serpent"},{"not_picked":["HoveringKite","WristBlade"],"picked":"Calling Bell"}],"items_purged_floors":[8,20,37],"is_endless":false,"potions_floor_spawned":[1,11,19,21,22,28,31,33,38,39],"killed_by":"Nemesis","ascension_level":8}