{"gold_per_floor":[119,119,119,130,150,150,164,164,164,179,194,205,222,236,236,334,334,349,448,448,461,471,471,483,483,510,528,528,45,45,45,345,449,449,468,482,482,143,155,155,174,174,220,220,247,257,257],"floor_reached":47,"playtime":14249,"items_purged":["Strike_B"],"score":612,"play_id":"a141534d-6d3f-4d6d-9df2-ff4c27119eea","local_time":"20190310163030","is_ascension_mode":true,"campfire_choices":[{"data":"Zap","floor":6,"key":"SMITH"},{"floor":8,"key":"REST"},{"floor":15,"key":"REST"},{"floor":23,"key":"REST"},{"floor":25,"key":"REST"},{"floor":32,"key":"DIG"},{"floor":40,"key":"DIG"},{"data":"Apotheosis","floor":42,"key":"SMITH"},{"floor":44,"key":"REST"}],"neow_cost":"NONE","seed_source_timestamp":44660045625175,"circlet_count":0,"master_deck":["Strike_B+1","Strike_B+1","Defend_B","Defend_B","Defend_B","Defend_B","Zap+1","Cold Snap","Defragment","Buffer","BootSequence","Defragment","FTL","Buffer","Cold Snap+1","Defragment","Cold Snap+1","Apotheosis+1","The Bomb","Loop","Consume"],"relics":["Cracked Core","Whetstone","Ornamental Fan","Runic Pyramid","Question Card","Art of War","Shovel","StoneCalendar","Old Coin","Inserter","Blue Candle","Juzu Bracelet"],"potions_floor_usage":[10,16,16,33,45,45,46,46],"damage_taken":[{"damage":4,"enemies":"Small Slimes","floor":1,"turns":4},{"damage":0,"enemies":"2 Louse","floor":4,"turns":2},{"damage":5,"enemies":"Jaw Worm","floor":5,"turns":4},{"damage":5,"enemies":"Large Slime","floor":7,"turns":5},{"damage":16,"enemies":"Exordium Thugs","floor":10,"turns":5},{"damage":17,"enemies":"Gremlin Gang","floor":11,"turns":5},{"damage":8,"enemies":"Blue Slaver","floor":12,"turns":3},{"damage":5,"enemies":"Exordium Wildlife","floor":13,"turns":5},{"damage":10,"enemies":"3 Louse","floor":14,"turns":4},{"damage":14,"enemies":"Hexaghost","floor":16,"turns":13},{"damage":0,"enemies":"Chosen","floor":18,"turns":5},{"damage":15,"enemies":"3 Byrds","floor":21,"turns":6},{"damage":10,"enemies":"Centurion and Healer","floor":22,"turns":8},{"damage":20,"enemies":"Snake Plant","floor":24,"turns":7},{"damage":0,"enemies":"Chosen and Byrds","floor":27,"turns":9},{"damage":6,"enemies":"Champ","floor":33,"turns":11},{"damage":15,"enemies":"Orb Walker","floor":35,"turns":5},{"damage":53,"enemies":"3 Darklings","floor":36,"turns":7},{"damage":16,"enemies":"Transient","floor":39,"turns":5},{"damage":13,"enemies":"Writhing Mass","floor":41,"turns":7},{"damage":45,"enemies":"Reptomancer","floor":45,"turns":7},{"damage":21,"enemies":"3 Darklings","floor":46,"turns":4},{"damage":4,"enemies":"Sphere and 2 Shapes","floor":47,"turns":1}],"seed_played":"-8346115192444865617","potions_obtained":[{"floor":1,"key":"Weak Potion"},{"floor":10,"key":"Fruit Juice"},{"floor":11,"key":"Block Potion"},{"floor":12,"key":"Regen Potion"},{"floor":14,"key":"Explosive Potion"},{"floor":22,"key":"FearPotion"},{"floor":27,"key":"Explosive Potion"},{"floor":39,"key":"Strength Potion"},{"floor":41,"key":"Energy Potion"},{"floor":45,"key":"Energy Potion"}],"is_trial":false,"path_per_floor":["M","?","?","M","M","R","M","R","T","M","M","M","M","M","R","B",null,"M","?","?","M","M","R","M","R","T","M","?","$","T","$","R","B",null,"M","M","?","$","M","R","M","R","T","R","E","M","M"],"character_chosen":"DEFECT","items_purchased":["Apotheosis","Shovel","The Bomb","Loop"],"campfire_rested":5,"item_purchase_floors":[29,29,38,38],"current_hp_per_floor":[64,57,62,62,57,57,52,76,76,65,48,40,35,25,50,51,77,77,77,77,62,52,77,57,82,82,82,82,82,82,82,82,76,83,68,15,74,74,58,58,45,45,45,67,22,1,0],"gold":257,"neow_bonus":"RANDOM_COMMON_RELIC","is_prod":false,"is_daily":false,"chose_seed":false,"campfire_upgraded":2,"win_rate":0,"timestamp":1552253430,"path_taken":["M","?","?","M","M","R","M","R","T","M","M","M","M","M","R","BOSS","M","?","?","M","?","R","?","R","T","M","?","?","?","$","R","BOSS","M","M","?","$","M","R","M","R","T","R","E","M","M"],"build_version":"2019-01-23","purchased_purges":1,"victory":false,"max_hp_per_floor":[75,75,80,80,80,80,80,80,80,85,85,85,85,85,85,85,85,85,85,85,85,85,85,85,85,85,85,85,85,85,85,85,85,85,85,85,74,74,74,74,74,74,74,74,74,74,74],"card_choices":[{"not_picked":["Reprogram","Beam Cell","Turbo"],"picked":"SKIP","floor":1},{"not_picked":["Hologram","Redo"],"picked":"Cold Snap","floor":4},{"not_picked":["Compile Driver","Gash"],"picked":"Defragment","floor":5},{"not_picked":["Aggregate","Coolheaded","Leap"],"picked":"SKIP","floor":7},{"not_picked":["Sweeping Beam","Capacitor"],"picked":"Buffer","floor":10},{"not_picked":["Coolheaded","Gash","Ball Lightning"],"picked":"SKIP","floor":11},{"not_picked":["Stack","Rebound"],"picked":"BootSequence","floor":12},{"not_picked":["Leap","Force Field"],"picked":"Defragment","floor":13},{"not_picked":["Ball Lightning","Coolheaded"],"picked":"FTL","floor":14},{"not_picked":["Meteor Strike","Fission"],"picked":"Buffer","floor":16},{"not_picked":["Streamline","Undo"],"picked":"Cold Snap+1","floor":18},{"not_picked":["Storm","Doom and Gloom+1","Leap"],"picked":"Defragment","floor":21},{"not_picked":["Sweeping Beam+1","Fusion+1","Hologram"],"picked":"Cold Snap+1","floor":22},{"not_picked":["Reprogram+1","Ball Lightning","Force Field+1","Chaos"],"picked":"SKIP","floor":24},{"not_picked":["Go for the Eyes","Rip and Tear","Stack+1","Meteor Strike"],"picked":"SKIP","floor":27},{"not_picked":["Storm","Fusion+1","Reprogram","Sweeping Beam+1"],"picked":"SKIP","floor":35},{"not_picked":["Go for the Eyes","Aggregate","Steam","Steam Power+1"],"picked":"SKIP","floor":36},{"not_picked":["Stack","Undo","Tempest+1","Scrape+1"],"picked":"SKIP","floor":39},{"not_picked":["Coolheaded+1","Streamline","Skim+1"],"picked":"Consume","floor":41},{"not_picked":["Rip and Tear+1","Compile Driver+1","Leap","Streamline+1"],"picked":"SKIP","floor":45},{"not_picked":["Force Field","Coolheaded+1","Heatsinks","Thunder Strike"],"picked":"SKIP","floor":46}],"player_experience":1622349,"relics_obtained":[{"floor":9,"key":"Ornamental Fan"},{"floor":26,"key":"Art of War"},{"floor":30,"key":"StoneCalendar"},{"floor":32,"key":"Old Coin"},{"floor":40,"key":"Blue Candle"},{"floor":45,"key":"Juzu Bracelet"}],"event_choices":[{"cards_removed":["Dualcast"],"damage_healed":0,"gold_gain":0,"player_choice":"Card Removal","damage_taken":7,"max_hp_gain":0,"max_hp_loss":0,"event_name":"Golden Wing","floor":2,"gold_loss":0},{"damage_healed":0,"gold_gain":0,"player_choice":"Donut","damage_taken":0,"max_hp_gain":5,"max_hp_loss":0,"event_name":"Big Fish","floor":3,"gold_loss":0},{"damage_healed":0,"gold_gain":99,"player_choice":"Stole From Cult","damage_taken":0,"max_hp_gain":0,"max_hp_loss":0,"event_name":"Nest","floor":19,"gold_loss":0},{"damage_healed":0,"gold_gain":0,"player_choice":"Gave Potion","damage_taken":0,"relics_obtained":["Question Card"],"max_hp_gain":0,"max_hp_loss":0,"event_name":"WeMeetAgain","floor":20,"gold_loss":0},{"cards_removed":["Strike_B"],"damage_healed":0,"gold_gain":0,"player_choice":"Elegance","damage_taken":0,"max_hp_gain":0,"max_hp_loss":0,"event_name":"Back to Basics","floor":28,"gold_loss":0},{"damage_healed":74,"gold_gain":0,"player_choice":"Heal","damage_taken":0,"max_hp_gain":0,"max_hp_loss":11,"event_name":"The Moai Head","floor":37,"gold_loss":0}],"is_beta":false,"boss_relics":[{"not_picked":["Astrolabe","Lizard Tail"],"picked":"Runic Pyramid"},{"not_picked":["Black Star","Eternal Feather"],"picked":"Inserter"}],"items_purged_floors":[38],"is_endless":false,"potions_floor_spawned":[1,10,11,12,14,22,27,39,41,45],"killed_by":"Sphere and 2 Shapes","ascension_level":7}