{"gold_per_floor":[116,135,135,135,147,147,117,128,128,128,53,67,81,101,101,101],"floor_reached":16,"playtime":777,"items_purged":["Strike_R"],"score":171,"play_id":"f5d41754-5802-4629-b2a3-e0624987899b","local_time":"20190801092544","is_ascension_mode":true,"campfire_choices":[{"floor":6,"key":"REST"},{"floor":10,"key":"REST"},{"floor":15,"key":"REST"}],"neow_cost":"NONE","seed_source_timestamp":1760347064344375,"circlet_count":0,"master_deck":["AscendersBane","Strike_R","Strike_R","Strike_R","Defend_R","Defend_R","Defend_R","Defend_R","Bash","Seeing Red","Feed","Body Slam","Whirlwind","Barricade","Shrug It Off"],"relics":["Eternal Feather","Gremlin Horn","Blue Candle"],"potions_floor_usage":[7,16,16],"damage_taken":[{"damage":9,"enemies":"Cultist","floor":1,"turns":5},{"damage":11,"enemies":"Jaw Worm","floor":2,"turns":8},{"damage":5,"enemies":"2 Louse","floor":5,"turns":3},{"damage":7,"enemies":"Looter","floor":7,"turns":4},{"damage":27,"enemies":"Large Slime","floor":8,"turns":12},{"damage":24,"enemies":"Lots of Slimes","floor":12,"turns":7},{"damage":8,"enemies":"Red Slaver","floor":13,"turns":4},{"damage":11,"enemies":"2 Fungi Beasts","floor":14,"turns":4},{"damage":84,"enemies":"Slime Boss","floor":16,"turns":14}],"seed_played":"-7046192936483981525","potions_obtained":[{"floor":1,"key":"AttackPotion"},{"floor":12,"key":"SneckoOil"},{"floor":14,"key":"Regen Potion"}],"is_trial":false,"path_per_floor":["M","M","?","?","M","R","M","M","T","R","$","M","M","M","R","B"],"character_chosen":"IRONCLAD","items_purchased":[],"campfire_rested":3,"item_purchase_floors":[],"current_hp_per_floor":[63,52,27,27,25,55,48,24,24,55,55,34,29,21,58,0],"gold":101,"neow_bonus":"BOSS_RELIC","is_prod":false,"is_daily":false,"chose_seed":false,"campfire_upgraded":0,"win_rate":0,"timestamp":1564669544,"path_taken":["M","?","?","?","M","R","M","M","T","R","?","M","M","?","R","BOSS"],"build_version":"2019-07-17","purchased_purges":1,"victory":false,"max_hp_per_floor":[80,80,80,80,83,83,83,86,86,86,86,89,92,95,95,95],"card_choices":[{"not_picked":["Disarm","Clothesline","Sword Boomerang"],"picked":"SKIP","floor":1},{"not_picked":["Cleave","Inflame"],"picked":"Seeing Red","floor":2},{"not_picked":["Perfected Strike","Headbutt","Twin Strike"],"picked":"SKIP","floor":5},{"not_picked":["Sever Soul","Headbutt","Blood for Blood"],"picked":"SKIP","floor":7},{"not_picked":["Flame Barrier","Blood for Blood"],"picked":"Body Slam","floor":8},{"not_picked":["Spot Weakness","Power Through"],"picked":"Whirlwind","floor":12},{"not_picked":["True Grit","Flex"],"picked":"Barricade","floor":13},{"not_picked":["Infernal Blade","Clash"],"picked":"Shrug It Off","floor":14}],"player_experience":2605928,"relics_obtained":[{"floor":9,"key":"Blue Candle"}],"event_choices":[{"damage_healed":0,"gold_gain":0,"player_choice":"Success","damage_taken":25,"relics_obtained":["Gremlin Horn"],"max_hp_gain":0,"max_hp_loss":0,"event_name":"Scrap Ooze","floor":3,"gold_loss":0},{"damage_healed":0,"gold_gain":0,"cards_transformed":["Strike_R"],"player_choice":"Change","damage_taken":0,"max_hp_gain":0,"max_hp_loss":0,"event_name":"Living Wall","floor":4,"gold_loss":0,"cards_obtained":["Feed"]}],"is_beta":false,"boss_relics":[],"items_purged_floors":[11],"is_endless":false,"potions_floor_spawned":[1,12,14],"killed_by":"Slime Boss","ascension_level":11}