{"gold_per_floor":[118,118,118,118,134,134,149,149,222,247,263,263,282,305,305,430,430,455,1,0,0,20,53,53,53],"floor_reached":25,"playtime":1084,"items_purged":[],"score":298,"play_id":"7b3c0212-432a-4dfa-ac45-39a48e470b60","local_time":"20190611123549","is_ascension_mode":true,"campfire_choices":[{"floor":6,"key":"REST"},{"floor":8,"key":"REST"},{"data":"Zap","floor":12,"key":"SMITH"},{"floor":15,"key":"REST"},{"floor":24,"key":"REST"}],"neow_cost":"NONE","seed_source_timestamp":2207504174011986,"circlet_count":0,"master_deck":["Strike_B","Strike_B","Strike_B","Strike_B","Defend_B","Defend_B","Defend_B","Defend_B","Zap+1","Dualcast","Capacitor","Conserve Battery","Defragment","Defragment","Conserve Battery","Buffer","Apotheosis","Defragment","Conserve Battery"],"relics":["Cracked Core","Lantern","Golden Idol","Matryoshka","Nuclear Battery","Membership Card","Boot"],"potions_floor_usage":[16,16,16],"damage_taken":[{"damage":4,"enemies":"Small Slimes","floor":1,"turns":4},{"damage":13,"enemies":"2 Louse","floor":5,"turns":4},{"damage":13,"enemies":"Jaw Worm","floor":7,"turns":5},{"damage":4,"enemies":"2 Fungi Beasts","floor":10,"turns":5},{"damage":8,"enemies":"Blue Slaver","floor":11,"turns":5},{"damage":11,"enemies":"Looter","floor":13,"turns":3},{"damage":16,"enemies":"3 Louse","floor":14,"turns":5},{"damage":11,"enemies":"The Guardian","floor":16,"turns":10},{"damage":24,"enemies":"Shell Parasite","floor":18,"turns":9},{"damage":25,"enemies":"3 Byrds","floor":22,"turns":6},{"damage":36,"enemies":"Book of Stabbing","floor":23,"turns":7},{"damage":42,"enemies":"Slavers","floor":25,"turns":3}],"seed_played":"-4037329416832869608","potions_obtained":[{"floor":1,"key":"Dexterity Potion"},{"floor":5,"key":"SkillPotion"},{"floor":11,"key":"Fire Potion"}],"is_trial":false,"path_per_floor":["M","?","?","?","M","R","M","R","T","M","M","R","M","M","R","B",null,"M","$","?","?","M","E","R","E"],"character_chosen":"DEFECT","items_purchased":["Apotheosis","Membership Card","Defragment","Conserve Battery"],"campfire_rested":4,"item_purchase_floors":[19,19,19,19],"current_hp_per_floor":[64,69,69,49,36,60,47,71,71,67,59,59,48,32,56,45,71,47,47,47,73,48,12,36,0],"gold":53,"neow_bonus":"RANDOM_COMMON_RELIC","is_prod":false,"is_daily":false,"chose_seed":false,"campfire_upgraded":1,"win_rate":0,"timestamp":1560274549,"path_taken":["M","?","?","?","M","R","M","R","T","M","M","R","M","M","R","BOSS","M","$","?","?","M","E","R","E"],"build_version":"2019-01-23","purchased_purges":0,"victory":false,"max_hp_per_floor":[75,80,80,80,80,80,80,80,80,80,80,80,80,80,80,80,80,80,80,80,80,80,80,80,80],"card_choices":[{"not_picked":["Beam Cell","Storm"],"picked":"Capacitor","floor":1},{"not_picked":["Stack","Hologram","Gash"],"picked":"SKIP","floor":5},{"not_picked":["Compile Driver","Sweeping Beam"],"picked":"Conserve Battery","floor":7},{"not_picked":["Amplify","Stack"],"picked":"Defragment","floor":10},{"not_picked":["Turbo","Leap","Skim"],"picked":"SKIP","floor":11},{"not_picked":["Ball Lightning","Redo"],"picked":"Defragment","floor":13},{"not_picked":["Beam Cell","Turbo"],"picked":"Conserve Battery","floor":14},{"not_picked":["Amplify","Thunder Strike"],"picked":"Buffer","floor":16},{"not_picked":["Rebound","Scrape","Go for the Eyes"],"picked":"SKIP","floor":18},{"not_picked":["Rebound+1","Turbo","Redo"],"picked":"SKIP","floor":22},{"not_picked":["Aggregate","Beam Cell","Blizzard"],"picked":"SKIP","floor":23}],"player_experience":2021786,"relics_obtained":[{"floor":9,"key":"Matryoshka"},{"floor":23,"key":"Boot"}],"event_choices":[{"damage_healed":0,"gold_gain":0,"player_choice":"Donut","damage_taken":0,"max_hp_gain":5,"max_hp_loss":0,"event_name":"Big Fish","floor":2,"gold_loss":0},{"damage_healed":0,"gold_gain":0,"player_choice":"Ignored","damage_taken":0,"max_hp_gain":0,"max_hp_loss":0,"event_name":"Liars Game","floor":3,"gold_loss":0},{"damage_healed":0,"gold_gain":0,"player_choice":"Take Damage","damage_taken":20,"relics_obtained":["Golden Idol"],"max_hp_gain":0,"max_hp_loss":0,"event_name":"Golden Idol","floor":4,"gold_loss":0},{"damage_healed":0,"gold_gain":0,"player_choice":"Paid Fearfully","damage_taken":0,"max_hp_gain":0,"max_hp_loss":0,"event_name":"Masked Bandits","floor":20,"gold_loss":1},{"damage_healed":26,"gold_gain":0,"player_choice":"Heal","damage_taken":0,"max_hp_gain":0,"max_hp_loss":0,"event_name":"The Library","floor":21,"gold_loss":0}],"is_beta":false,"boss_relics":[{"not_picked":["Coffee Dripper","Tiny House"],"picked":"Nuclear Battery"}],"items_purged_floors":[],"is_endless":false,"potions_floor_spawned":[1,5,11,13],"killed_by":"Slavers","ascension_level":8}