{"gold_per_floor":[112,127,127,127,13,13,41,41,64,64,92,103,103,117,117,216,216,235,147,164,182,197,197],"floor_reached":23,"playtime":1043,"items_purged":["Strike_G","Strike_G"],"score":316,"play_id":"3ad3e46b-5fb2-439e-8387-67b575e3b8f0","local_time":"20190327223000","is_ascension_mode":true,"campfire_choices":[{"data":"Survivor","floor":6,"key":"SMITH"},{"data":"Defend_G","floor":10,"key":"SMITH"},{"floor":15,"key":"REST"}],"neow_cost":"NONE","seed_source_timestamp":966341691318339,"circlet_count":0,"master_deck":["Defend_G","Defend_G","Defend_G","Defend_G","Defend_G+1","Strike_G","Strike_G","Strike_G","Survivor+1","Neutralize","Bouncing Flask","Footwork","Noxious Fumes","Burst","Bullet Time","Dash","Footwork+1"],"relics":["Ring of the Snake","NeowsBlessing","Strawberry","Lantern","Smiling Mask","Frozen Egg 2","Cursed Key"],"potions_floor_usage":[16,23,23],"damage_taken":[{"damage":0,"enemies":"Small Slimes","floor":1,"turns":1},{"damage":0,"enemies":"2 Louse","floor":2,"turns":1},{"damage":0,"enemies":"Gremlin Nob","floor":7,"turns":1},{"damage":37,"enemies":"Lagavulin","floor":11,"turns":9},{"damage":0,"enemies":"Cultist","floor":12,"turns":4},{"damage":16,"enemies":"Exordium Thugs","floor":14,"turns":5},{"damage":19,"enemies":"The Guardian","floor":16,"turns":8},{"damage":18,"enemies":"Spheric Guardian","floor":18,"turns":5},{"damage":0,"enemies":"Chosen","floor":20,"turns":6},{"damage":13,"enemies":"Snake Plant","floor":21,"turns":6},{"damage":12,"enemies":"Shelled Parasite and Fungi","floor":22,"turns":8},{"damage":28,"enemies":"Book of Stabbing","floor":23,"turns":8}],"seed_played":"-1511845756313375161","potions_obtained":[{"floor":11,"key":"SteroidPotion"},{"floor":14,"key":"GamblersBrew"},{"floor":16,"key":"Swift Potion"},{"floor":18,"key":"Fire Potion"}],"is_trial":false,"path_per_floor":["M","M","?","?","$","R","E","?","T","R","E","M","?","M","R","B",null,"M","$","M","M","M","E"],"character_chosen":"THE_SILENT","items_purchased":["Bouncing Flask","Dash"],"campfire_rested":1,"item_purchase_floors":[5,19],"current_hp_per_floor":[63,63,68,68,68,68,75,75,75,75,38,38,31,15,39,20,67,49,49,49,36,24,0],"gold":197,"neow_bonus":"THREE_ENEMY_KILL","is_prod":false,"is_daily":false,"chose_seed":false,"campfire_upgraded":2,"win_rate":0,"timestamp":1553743800,"path_taken":["M","M","?","?","$","R","E","?","T","R","E","M","?","M","R","BOSS","M","$","M","M","M","E"],"build_version":"2019-01-23","purchased_purges":2,"victory":false,"max_hp_per_floor":[70,70,75,75,75,75,82,82,82,82,82,82,82,82,82,82,82,82,82,82,82,82,82],"card_choices":[{"not_picked":["Dagger Spray","Choke","Heel Hook"],"picked":"SKIP","floor":1},{"not_picked":["Prepared","Dagger Spray","Dodge and Roll"],"picked":"SKIP","floor":2},{"not_picked":["Die Die Die","Terror","Prepared"],"picked":"SKIP","floor":7},{"not_picked":["Deadly Poison","Slice"],"picked":"Footwork","floor":11},{"not_picked":["Outmaneuver","Underhanded Strike"],"picked":"Noxious Fumes","floor":12},{"not_picked":["Accuracy+1","Acrobatics"],"picked":"Burst","floor":14},{"not_picked":["Die Die Die","Storm of Steel"],"picked":"Bullet Time","floor":16},{"not_picked":["Bouncing Flask","Blade Dance","Reflex"],"picked":"SKIP","floor":18},{"not_picked":["Dodge and Roll","Quick Slash","Prepared"],"picked":"SKIP","floor":20},{"not_picked":["PiercingWail","Terror+1","Acrobatics+1"],"picked":"SKIP","floor":21},{"not_picked":["Well Laid Plans+1","Flying Knee"],"picked":"Footwork+1","floor":22}],"player_experience":1740585,"relics_obtained":[{"floor":7,"key":"Strawberry"},{"floor":9,"key":"Lantern"},{"floor":11,"key":"Smiling Mask"}],"event_choices":[{"damage_healed":0,"gold_gain":0,"player_choice":"Donut","damage_taken":0,"max_hp_gain":5,"max_hp_loss":0,"event_name":"Big Fish","floor":3,"gold_loss":0},{"damage_healed":0,"gold_gain":0,"player_choice":"Ignored","damage_taken":0,"max_hp_gain":0,"max_hp_loss":0,"event_name":"Liars Game","floor":4,"gold_loss":0},{"damage_healed":0,"gold_gain":0,"player_choice":"Leave","damage_taken":0,"max_hp_gain":0,"max_hp_loss":0,"event_name":"The Cleric","floor":8,"gold_loss":0},{"damage_healed":0,"gold_gain":0,"player_choice":"Success","damage_taken":7,"relics_obtained":["Frozen Egg 2"],"max_hp_gain":0,"max_hp_loss":0,"event_name":"Scrap Ooze","floor":13,"gold_loss":0}],"is_beta":false,"boss_relics":[{"not_picked":["Black Star","Snecko Eye"],"picked":"Cursed Key"}],"items_purged_floors":[5,19],"is_endless":false,"potions_floor_spawned":[11,14,16,18],"killed_by":"Book of Stabbing","ascension_level":8}