{"gold_per_floor":[119,119,119,138,138,138,138,138,187,187,204,204,220,74,74,170,170,158,158,158,172,190,190,190,190,190,190,190,205,105,121,121,226,226,246,246,246,262,281,281],"floor_reached":40,"playtime":1707,"items_purged":["Strike_R","Strike_R+1"],"score":661,"play_id":"86881319-71a2-4c60-ad4f-9040317310fb","local_time":"20190716103712","is_ascension_mode":true,"campfire_choices":[{"floor":6,"key":"REST"},{"floor":7,"key":"REST"},{"data":"Body Slam","floor":8,"key":"SMITH"},{"data":"Defend_R","floor":10,"key":"SMITH"},{"data":"Defend_R","floor":12,"key":"SMITH"},{"data":"Defend_R","floor":15,"key":"SMITH"},{"floor":23,"key":"REST"},{"floor":28,"key":"REST"},{"floor":32,"key":"REST"}],"neow_cost":"PERCENT_DAMAGE","seed_source_timestamp":381268602323568,"circlet_count":0,"master_deck":["AscendersBane","Defend_R+1","Defend_R+1","Defend_R+1","Defend_R+1","Bash","Body Slam+1","Demon Form","Battle Trance","Barricade","Shrug It Off","Body Slam+1","Metallicize","Shrug It Off","Shrug It Off","Juggernaut","Madness","Madness","Shrug It Off"],"relics":["Burning Blood","WingedGreaves","Kunai","Empty Cage","Enchiridion","Unceasing Top","Sozu"],"potions_floor_usage":[16,21,33],"damage_taken":[{"damage":18,"enemies":"Jaw Worm","floor":1,"turns":4},{"damage":9,"enemies":"2 Louse","floor":4,"turns":3},{"damage":4,"enemies":"Cultist","floor":11,"turns":4},{"damage":11,"enemies":"Exordium Wildlife","floor":13,"turns":8},{"damage":20,"enemies":"The Guardian","floor":16,"turns":8},{"damage":14,"enemies":"2 Thieves","floor":18,"turns":4},{"damage":41,"enemies":"3 Byrds","floor":21,"turns":12},{"damage":2,"enemies":"Snecko","floor":22,"turns":6},{"damage":20,"enemies":"3 Cultists","floor":29,"turns":8},{"damage":12,"enemies":"Snake Plant","floor":31,"turns":6},{"damage":0,"enemies":"Automaton","floor":33,"turns":7},{"damage":0,"enemies":"Orb Walker","floor":35,"turns":4},{"damage":22,"enemies":"3 Darklings","floor":38,"turns":5},{"damage":0,"enemies":"Sphere and 2 Shapes","floor":39,"turns":4},{"damage":66,"enemies":"Giant Head","floor":40,"turns":8}],"seed_played":"-7869079285648267660","potions_obtained":[{"floor":4,"key":"PowerPotion"},{"floor":16,"key":"AttackPotion"},{"floor":31,"key":"Explosive Potion"}],"is_trial":false,"path_per_floor":["M","?","?","M","?","R","R","R","T","R","M","R","M","$","R","B",null,"M","?","?","M","M","R","?","?","T","?","R","M","$","M","R","B",null,"M","?","?","M","M","E"],"character_chosen":"IRONCLAD","items_purchased":["Battle Trance"],"campfire_rested":5,"item_purchase_floors":[14],"current_hp_per_floor":[39,23,23,20,17,41,65,65,65,65,67,67,62,62,62,48,72,64,64,64,29,33,57,57,41,41,41,65,51,51,45,69,75,79,80,70,70,54,60,0],"gold":281,"neow_bonus":"ONE_RARE_RELIC","is_prod":false,"is_daily":false,"chose_seed":false,"campfire_upgraded":4,"win_rate":0,"timestamp":1563291432,"path_taken":["M","?","?","?","?","R","R","R","T","R","M","R","M","$","R","BOSS","M","?","?","?","M","R","?","?","T","?","R","M","$","M","R","BOSS","M","?","?","M","M","E"],"build_version":"2019-07-05","purchased_purges":2,"victory":false,"max_hp_per_floor":[80,80,80,80,80,80,80,80,80,80,80,80,80,80,80,80,80,80,80,80,80,80,80,80,80,80,80,80,80,80,80,80,80,80,80,80,80,80,80,80],"card_choices":[{"not_picked":["Perfected Strike","Armaments","Twin Strike"],"picked":"SKIP","floor":1},{"not_picked":["Armaments","Evolve"],"picked":"Body Slam","floor":4},{"not_picked":["Sword Boomerang","Havoc","Headbutt"],"picked":"SKIP","floor":11},{"not_picked":["Inflame","Heavy Blade"],"picked":"Demon Form","floor":13},{"not_picked":["Impervious","Dark Embrace"],"picked":"Barricade","floor":16},{"not_picked":["Spot Weakness","Intimidate"],"picked":"Shrug It Off","floor":18},{"not_picked":["Battle Trance","Shrug It Off"],"picked":"Body Slam+1","floor":21},{"not_picked":["Warcry","Pommel Strike","Uppercut"],"picked":"SKIP","floor":22},{"not_picked":["Pommel Strike+1","Bloodletting"],"picked":"Shrug It Off","floor":29},{"not_picked":["Pommel Strike","Warcry","Headbutt"],"picked":"SKIP","floor":31},{"not_picked":["Dark Embrace","Berserk"],"picked":"Juggernaut","floor":33},{"not_picked":["Warcry","Thunderclap+1","Anger"],"picked":"SKIP","floor":35},{"not_picked":["Brutality","Headbutt+1","Carnage+1"],"picked":"SKIP","floor":38},{"not_picked":["Twin Strike","Iron Wave"],"picked":"Shrug It Off","floor":39}],"player_experience":2346239,"relics_obtained":[{"floor":25,"key":"Enchiridion"},{"floor":26,"key":"Unceasing Top"}],"event_choices":[{"damage_healed":0,"gold_gain":0,"player_choice":"Entered Light","damage_taken":16,"max_hp_gain":0,"max_hp_loss":0,"event_name":"Shining Light","floor":2,"gold_loss":0,"cards_upgraded":["Defend_R","Strike_R"]},{"damage_healed":0,"gold_gain":0,"player_choice":"Ignored","damage_taken":0,"max_hp_gain":0,"max_hp_loss":0,"event_name":"Liars Game","floor":3,"gold_loss":0},{"damage_healed":0,"gold_gain":0,"player_choice":"Success","damage_taken":3,"relics_obtained":["Kunai"],"max_hp_gain":0,"max_hp_loss":0,"event_name":"Scrap Ooze","floor":5,"gold_loss":0},{"damage_healed":0,"gold_gain":0,"player_choice":"Ignored","damage_taken":0,"max_hp_gain":0,"max_hp_loss":0,"event_name":"Ghosts","floor":19,"gold_loss":0},{"cards_removed":["Strike_R"],"damage_healed":0,"gold_gain":0,"player_choice":"Purged","damage_taken":0,"max_hp_gain":0,"max_hp_loss":0,"event_name":"Purifier","floor":20,"gold_loss":0},{"damage_healed":0,"gold_gain":0,"player_choice":"Read","damage_taken":0,"max_hp_gain":0,"max_hp_loss":0,"event_name":"The Library","floor":24,"gold_loss":0,"cards_obtained":["Metallicize"]},{"damage_healed":0,"gold_gain":0,"player_choice":"Obtained Book","damage_taken":16,"max_hp_gain":0,"max_hp_loss":0,"event_name":"Cursed Tome","floor":25,"gold_loss":0},{"damage_healed":0,"gold_gain":0,"player_choice":"Copied","damage_taken":0,"max_hp_gain":0,"max_hp_loss":0,"event_name":"Duplicator","floor":27,"gold_loss":0,"cards_obtained":["Shrug It Off"]},{"damage_healed":0,"gold_gain":0,"player_choice":"Embrace Madness","damage_taken":10,"max_hp_gain":0,"max_hp_loss":0,"event_name":"Winding Halls","floor":36,"gold_loss":0,"cards_obtained":["Madness","Madness"]},{"damage_healed":0,"gold_gain":0,"player_choice":"Ignored","damage_taken":0,"max_hp_gain":0,"max_hp_loss":0,"event_name":"Tomb of Lord Red Mask","floor":37,"gold_loss":0}],"is_beta":false,"boss_relics":[{"not_picked":["Orrery","Runic Cube"],"picked":"Empty Cage"},{"not_picked":["Mark of Pain","Snecko Eye"],"picked":"Sozu"}],"items_purged_floors":[14,30],"is_endless":false,"potions_floor_spawned":[4,16,31,35,39],"killed_by":"Giant Head","ascension_level":10}