{"gold_per_floor":[111,131,131,131,151,171,189,189,214,139,158,177,177,196,196,321,321,345,345,444,459,359,359,385,260,283,298,208,218,247,247,247,247],"floor_reached":33,"playtime":1526,"items_purged":["Dualcast","Shame","Writhe"],"score":332,"play_id":"6065c870-e6a2-4e5e-9412-0bf105ca53b8","local_time":"20181118222029","is_ascension_mode":true,"campfire_choices":[{"floor":13,"key":"REST"},{"floor":15,"key":"REST"},{"data":"Zap","floor":23,"key":"SMITH"},{"floor":32,"key":"REST"}],"neow_cost":"NONE","seed_source_timestamp":364000857188658,"circlet_count":0,"master_deck":["Strike_B","Strike_B+1","Strike_B","Strike_B","Defend_B","Defend_B","Defend_B","Defend_B","Zap+1","BootSequence","Cold Snap","Defragment","Defragment","Cold Snap","Electrodynamics","Reinforced Body","BootSequence"],"relics":["Cracked Core","Bloody Idol","Bag of Marbles","Calling Bell","Regal Pillow","Singing Bowl","Torii","Oddly Smooth Stone","Ancient Tea Set","Lantern"],"potions_floor_usage":[16,16,16,33,33],"damage_taken":[{"damage":10,"enemies":"2 Louse","floor":1,"turns":3},{"damage":5,"enemies":"Cultist","floor":2,"turns":5},{"damage":2,"enemies":"Jaw Worm","floor":5,"turns":5},{"damage":18,"enemies":"Exordium Wildlife","floor":6,"turns":5},{"damage":16,"enemies":"Looter","floor":7,"turns":4},{"damage":0,"enemies":"Large Slime","floor":11,"turns":7},{"damage":3,"enemies":"Blue Slaver","floor":12,"turns":4},{"damage":0,"enemies":"2 Fungi Beasts","floor":14,"turns":4},{"damage":23,"enemies":"Hexaghost","floor":16,"turns":8},{"damage":24,"enemies":"Spheric Guardian","floor":18,"turns":5},{"damage":1,"enemies":"Chosen","floor":21,"turns":6},{"damage":8,"enemies":"Gremlin Leader","floor":24,"turns":8},{"damage":24,"enemies":"3 Cultists","floor":27,"turns":5},{"damage":26,"enemies":"Snake Plant","floor":29,"turns":6},{"damage":36,"enemies":"Book of Stabbing","floor":30,"turns":9},{"damage":68,"enemies":"Automaton","floor":33,"turns":12}],"seed_played":"4449482230766689955","potions_obtained":[{"floor":2,"key":"LiquidBronze"},{"floor":7,"key":"LiquidBronze"},{"floor":14,"key":"PowerPotion"},{"floor":21,"key":"Block Potion"},{"floor":24,"key":"SpeedPotion"}],"is_trial":false,"path_per_floor":["M","M","?","?","M","M","M","?","T","$","M","M","R","M","R","B",null,"M","?","?","M","$","R","E","$","T","M","?","M","E","?","R","B"],"character_chosen":"DEFECT","items_purchased":[],"campfire_rested":3,"item_purchase_floors":[],"current_hp_per_floor":[72,67,72,51,49,31,15,15,15,15,15,12,38,38,64,41,87,63,63,68,74,74,74,73,73,78,61,61,40,11,11,54,0],"gold":247,"neow_bonus":"TEN_PERCENT_HP_BONUS","is_prod":false,"is_daily":false,"chose_seed":false,"campfire_upgraded":1,"win_rate":0,"timestamp":1542601229,"path_taken":["M","M","?","?","M","M","M","?","T","$","?","?","R","M","R","BOSS","M","?","?","M","$","R","E","$","T","M","?","?","E","?","R","BOSS"],"build_version":"2018-11-15","purchased_purges":3,"victory":false,"max_hp_per_floor":[82,82,87,87,87,87,87,87,87,87,87,87,87,87,87,87,87,87,87,87,89,89,89,91,91,91,93,93,93,95,95,95,95],"card_choices":[{"not_picked":["Coolheaded","Ball Lightning","Redo"],"picked":"SKIP","floor":1},{"not_picked":["Steam","Leap","Sweeping Beam"],"picked":"SKIP","floor":2},{"not_picked":["Chaos","Conserve Battery"],"picked":"BootSequence","floor":5},{"not_picked":["Redo","Reboot"],"picked":"Cold Snap","floor":6},{"not_picked":["Coolheaded","Leap"],"picked":"Defragment","floor":7},{"not_picked":["BootSequence","Lockon"],"picked":"Defragment","floor":11},{"not_picked":["Reprogram","Conserve Battery","Beam Cell"],"picked":"SKIP","floor":12},{"not_picked":["Chaos","Genetic Algorithm"],"picked":"Cold Snap","floor":14},{"not_picked":["Buffer","Thunder Strike"],"picked":"Electrodynamics","floor":16},{"not_picked":["Steam+1","Go for the Eyes"],"picked":"Reinforced Body","floor":18},{"not_picked":["Compile Driver+1","Aggregate+1","Ball Lightning"],"picked":"Singing Bowl","floor":21},{"not_picked":["Ball Lightning+1","Sweeping Beam","Doom and Gloom"],"picked":"Singing Bowl","floor":24},{"not_picked":["Gash","Leap","Beam Cell"],"picked":"Singing Bowl","floor":27},{"not_picked":["Recycle+1","Gash"],"picked":"BootSequence","floor":29},{"not_picked":["Rebound","Blizzard","Conserve Battery"],"picked":"Singing Bowl","floor":30}],"player_experience":376205,"relics_obtained":[{"floor":9,"key":"Bag of Marbles"},{"floor":17,"key":"Regal Pillow"},{"floor":17,"key":"Singing Bowl"},{"floor":17,"key":"Torii"},{"floor":24,"key":"Oddly Smooth Stone"},{"floor":26,"key":"Ancient Tea Set"},{"floor":30,"key":"Lantern"}],"event_choices":[{"damage_healed":0,"gold_gain":0,"player_choice":"Donut","damage_taken":0,"max_hp_gain":5,"max_hp_loss":0,"event_name":"Big Fish","floor":3,"gold_loss":0},{"damage_healed":0,"gold_gain":0,"player_choice":"Take Damage","damage_taken":21,"relics_obtained":["Golden Idol"],"max_hp_gain":0,"max_hp_loss":0,"event_name":"Golden Idol","floor":4,"gold_loss":0},{"damage_healed":0,"gold_gain":0,"player_choice":"Ignored","damage_taken":0,"max_hp_gain":0,"max_hp_loss":0,"event_name":"Transmorgrifier","floor":8,"gold_loss":0},{"damage_healed":0,"gold_gain":0,"player_choice":"Gave Idol","damage_taken":0,"relics_obtained":["Bloody Idol"],"max_hp_gain":0,"max_hp_loss":0,"event_name":"Forgotten Altar","floor":19,"relics_lost":["Golden Idol"],"gold_loss":0},{"damage_healed":0,"gold_gain":99,"player_choice":"Stole From Cult","damage_taken":0,"max_hp_gain":0,"max_hp_loss":0,"event_name":"Nest","floor":20,"gold_loss":0},{"cards_removed":["Writhe"],"damage_healed":0,"gold_gain":0,"player_choice":"Upgrade and Remove","damage_taken":0,"max_hp_gain":0,"max_hp_loss":0,"event_name":"Designer","floor":28,"gold_loss":90,"cards_upgraded":["Strike_B"]},{"damage_healed":0,"gold_gain":0,"player_choice":"Ignored","damage_taken":0,"max_hp_gain":0,"max_hp_loss":0,"event_name":"The Mausoleum","floor":31,"gold_loss":0}],"is_beta":false,"boss_relics":[{"not_picked":["Pandora\u0027s Box","Velvet Choker"],"picked":"Calling Bell"}],"items_purged_floors":[10,22,25],"is_endless":false,"potions_floor_spawned":[2,7,14,21,24],"killed_by":"Automaton","ascension_level":2}