{"gold_per_floor":[113,63,63,77,77,106,106,31,57,67,67,67,67,67,67,167,167,187,112,127,127,177,177,30,47,71,82,100,100,171,185,185,185],"floor_reached":33,"playtime":1229,"items_purged":["Strike_B","Electrodynamics"],"score":429,"play_id":"f79933b8-a641-4df1-bb47-2ca53d0054ce","local_time":"20190820222023","is_ascension_mode":true,"campfire_choices":[{"data":"Zap","floor":7,"key":"SMITH"},{"floor":11,"key":"REST"},{"data":"Defragment","floor":15,"key":"SMITH"},{"floor":23,"key":"REST"},{"data":"Chill","floor":29,"key":"SMITH"},{"data":"Darkness","floor":32,"key":"SMITH"}],"neow_cost":"NONE","seed_source_timestamp":591910674205500,"circlet_count":0,"master_deck":["AscendersBane","Strike_B","Defend_B","Defend_B","Defend_B","Defend_B","Defragment+1","Gash","Chill+1","Gash","Conserve Battery","Darkness+1"],"relics":["Cracked Core","NeowsBlessing","Oddly Smooth Stone","Gremlin Horn","Thread and Needle","Boot","Sozu","Bag of Marbles","Symbiotic Virus"],"potions_floor_usage":[16,33],"damage_taken":[{"damage":0,"enemies":"Small Slimes","floor":1,"turns":1},{"damage":0,"enemies":"Cultist","floor":4,"turns":1},{"damage":0,"enemies":"Lagavulin","floor":6,"turns":1},{"damage":6,"enemies":"2 Louse","floor":10,"turns":3},{"damage":19,"enemies":"Slime Boss","floor":16,"turns":7},{"damage":13,"enemies":"2 Thieves","floor":18,"turns":3},{"damage":2,"enemies":"3 Byrds","floor":20,"turns":3},{"damage":0,"enemies":"Shelled Parasite and Fungi","floor":25,"turns":13},{"damage":1,"enemies":"Sentry and Sphere","floor":27,"turns":11},{"damage":9,"enemies":"Snake Plant","floor":28,"turns":6},{"damage":11,"enemies":"Centurion and Healer","floor":31,"turns":10},{"damage":87,"enemies":"Collector","floor":33,"turns":6}],"seed_played":"-6655876466055267186","potions_obtained":[{"floor":1,"key":"SpeedPotion"},{"floor":10,"key":"PowerPotion"},{"floor":16,"key":"LiquidBronze"}],"is_trial":false,"path_per_floor":["M","?","?","M","?","E","R","$","T","M","R","?","?","?","R","B",null,"M","?","M","?","?","R","$","M","T","M","M","R","T","M","R","B"],"character_chosen":"DEFECT","items_purchased":["Gash"],"campfire_rested":2,"item_purchase_floors":[24],"current_hp_per_floor":[68,68,68,68,56,56,56,56,56,50,72,77,77,77,77,58,75,62,62,60,60,60,80,80,80,80,79,70,70,70,59,59,0],"gold":185,"neow_bonus":"THREE_ENEMY_KILL","is_prod":false,"is_daily":false,"chose_seed":false,"campfire_upgraded":4,"win_rate":0,"timestamp":1566357623,"path_taken":["M","?","?","?","?","E","R","?","T","M","R","?","?","?","R","BOSS","M","?","M","?","?","R","$","?","T","M","M","R","?","M","R","BOSS"],"build_version":"2019-07-17","purchased_purges":2,"victory":false,"max_hp_per_floor":[75,75,75,75,75,75,75,75,75,75,75,80,80,80,80,80,80,80,80,80,80,80,80,80,80,80,80,80,80,80,80,80,80],"card_choices":[{"not_picked":["Doom and Gloom","Turbo","Go for the Eyes"],"picked":"SKIP","floor":1},{"not_picked":["Gash","Stack"],"picked":"Defragment","floor":4},{"not_picked":["Streamline","Stack","Scrape"],"picked":"SKIP","floor":6},{"not_picked":["Melter","Storm","Scrape"],"picked":"SKIP","floor":10},{"not_picked":["Meteor Strike","Rainbow"],"picked":"Electrodynamics","floor":16},{"not_picked":["Sweeping Beam","Rebound","Genetic Algorithm"],"picked":"SKIP","floor":18},{"not_picked":["Heatsinks","Beam Cell+1","Rip and Tear"],"picked":"SKIP","floor":20},{"not_picked":["Barrage","Steam"],"picked":"Chill","floor":25},{"not_picked":["Recycle","Skim+1"],"picked":"Gash","floor":27},{"not_picked":["Ball Lightning+1","Compile Driver"],"picked":"Conserve Battery","floor":28},{"not_picked":["Turbo","Compile Driver"],"picked":"Darkness","floor":31}],"player_experience":2885382,"relics_obtained":[{"floor":6,"key":"Thread and Needle"},{"floor":9,"key":"Boot"},{"floor":26,"key":"Bag of Marbles"},{"floor":30,"key":"Symbiotic Virus"}],"event_choices":[{"cards_removed":["Dualcast"],"damage_healed":0,"gold_gain":0,"player_choice":"Card Removal","damage_taken":0,"max_hp_gain":0,"max_hp_loss":0,"event_name":"The Cleric","floor":2,"gold_loss":50},{"damage_healed":0,"gold_gain":0,"player_choice":"Gave Potion","damage_taken":0,"relics_obtained":["Oddly Smooth Stone"],"max_hp_gain":0,"max_hp_loss":0,"event_name":"WeMeetAgain","floor":3,"gold_loss":0},{"damage_healed":0,"gold_gain":0,"player_choice":"Success","damage_taken":12,"relics_obtained":["Gremlin Horn"],"max_hp_gain":0,"max_hp_loss":0,"event_name":"Scrap Ooze","floor":5,"gold_loss":0},{"damage_healed":0,"gold_gain":0,"player_choice":"Donut","damage_taken":0,"max_hp_gain":5,"max_hp_loss":0,"event_name":"Big Fish","floor":12,"gold_loss":0},{"cards_removed":["Strike_B"],"damage_healed":0,"gold_gain":0,"player_choice":"Forget","damage_taken":0,"max_hp_gain":0,"max_hp_loss":0,"event_name":"Living Wall","floor":13,"gold_loss":0},{"damage_healed":0,"gold_gain":0,"player_choice":"Ignored","damage_taken":0,"max_hp_gain":0,"max_hp_loss":0,"event_name":"Liars Game","floor":14,"gold_loss":0},{"cards_removed":["Strike_B"],"damage_healed":0,"gold_gain":0,"player_choice":"Gave Gold","damage_taken":0,"max_hp_gain":0,"max_hp_loss":0,"event_name":"Beggar","floor":19,"gold_loss":75},{"cards_removed":["Zap"],"damage_healed":0,"gold_gain":0,"player_choice":"Elegance","damage_taken":0,"max_hp_gain":0,"max_hp_loss":0,"event_name":"Back to Basics","floor":21,"gold_loss":0},{"damage_healed":0,"gold_gain":100,"player_choice":"Bet on Murderer","damage_taken":0,"max_hp_gain":0,"max_hp_loss":0,"event_name":"The Joust","floor":22,"gold_loss":50}],"is_beta":false,"boss_relics":[{"not_picked":["Snecko Eye","Busted Crown"],"picked":"Sozu"}],"items_purged_floors":[8,24],"is_endless":false,"potions_floor_spawned":[1,10,16,18,31],"killed_by":"Collector","ascension_level":12}