{"gold_per_floor":[115,133,133,133,153,210,220,231,231,231,23,23,43,61,61,161,161,180,180,191,214,214,214,214,232,313,330,212,212,49,62,62,166,166,177,177,192,4,0,0,17,17,17,27,27,43,43],"floor_reached":47,"playtime":2385,"items_purged":[],"score":454,"play_id":"4f18fd5c-e815-4612-9b4c-6f54fec4a34c","local_time":"20190817200211","is_ascension_mode":false,"campfire_choices":[{"floor":10,"key":"REST"},{"data":"Demon Form","floor":12,"key":"SMITH"},{"floor":15,"key":"REST"},{"data":"Shrug It Off","floor":23,"key":"SMITH"},{"data":"Feed","floor":29,"key":"SMITH"},{"floor":32,"key":"REST"},{"data":"Demon Form","floor":40,"key":"SMITH"}],"neow_cost":"NONE","seed_source_timestamp":201000494497376,"circlet_count":0,"master_deck":["Defend_R","Defend_R","Defend_R","Bash","Demon Form+1","Rupture","Cleave+1","Iron Wave","Combust","Anger","Iron Wave","Shrug It Off+1","Brutality","Bite","Bite","Bite","Bite","Bite","Rupture+1","Feed+1","Blood for Blood","Demon Form+1","Bloodletting+1","Feed","Hemokinesis","Metallicize+1"],"relics":["Burning Blood","Tiny Chest","Paper Frog","Membership Card","Busted Crown","Singing Bowl","Whetstone","Letter Opener","Shuriken","Sozu","Self Forming Clay","Red Mask","Frozen Egg 2"],"potions_floor_usage":[31,33,44],"damage_taken":[{"damage":2,"enemies":"Small Slimes","floor":1,"turns":4},{"damage":17,"enemies":"2 Louse","floor":2,"turns":4},{"damage":1,"enemies":"Cultist","floor":5,"turns":4},{"damage":39,"enemies":"3 Sentries","floor":6,"turns":7},{"damage":2,"enemies":"Large Slime","floor":7,"turns":5},{"damage":16,"enemies":"Exordium Thugs","floor":8,"turns":5},{"damage":7,"enemies":"3 Louse","floor":13,"turns":3},{"damage":8,"enemies":"2 Fungi Beasts","floor":14,"turns":4},{"damage":27,"enemies":"Slime Boss","floor":16,"turns":5},{"damage":28,"enemies":"2 Thieves","floor":18,"turns":4},{"damage":17,"enemies":"Shell Parasite","floor":20,"turns":6},{"damage":19,"enemies":"3 Cultists","floor":25,"turns":5},{"damage":19,"enemies":"Centurion and Healer","floor":27,"turns":5},{"damage":31,"enemies":"Snake Plant","floor":31,"turns":5},{"damage":46,"enemies":"Collector","floor":33,"turns":7},{"damage":15,"enemies":"3 Shapes","floor":35,"turns":3},{"damage":11,"enemies":"Orb Walker","floor":37,"turns":2},{"damage":59,"enemies":"Sphere and 2 Shapes","floor":41,"turns":8},{"damage":7,"enemies":"Maw","floor":44,"turns":5},{"damage":32,"enemies":"3 Darklings","floor":46,"turns":5},{"damage":47,"enemies":"Reptomancer","floor":47,"turns":2}],"seed_played":"7225199767705290820","potions_obtained":[{"floor":5,"key":"FairyPotion"},{"floor":6,"key":"LiquidBronze"},{"floor":14,"key":"Strength Potion"},{"floor":16,"key":"FearPotion"},{"floor":25,"key":"Regen Potion"},{"floor":31,"key":"GamblersBrew"},{"floor":33,"key":"SkillPotion"}],"is_trial":false,"path_per_floor":["M","M","?","?","M","E","M","M","T","R","$","R","M","M","R","B",null,"M","?","M","T","?","R","?","M","T","M","$","R","$","M","R","B",null,"M","?","M","$","?","R","M","?","T","M","$","M","E"],"character_chosen":"IRONCLAD","items_purchased":["Membership Card","Rupture","Feed","Shuriken","Blood for Blood","Self Forming Clay","Feed"],"campfire_rested":3,"item_purchase_floors":[11,28,28,30,30,38,38],"current_hp_per_floor":[80,69,74,74,79,46,50,40,40,65,65,65,64,62,85,64,85,63,63,54,54,54,54,54,53,53,54,54,54,54,54,66,38,66,65,65,66,66,66,66,36,36,36,47,47,31,0],"gold":43,"neow_bonus":"ONE_RANDOM_RARE_CARD","is_prod":false,"is_daily":false,"chose_seed":false,"campfire_upgraded":4,"win_rate":0,"timestamp":1566086531,"path_taken":["M","M","?","?","M","E","M","M","T","R","$","R","?","M","R","BOSS","M","?","M","?","?","R","?","?","T","M","$","R","$","M","R","BOSS","M","?","M","$","?","R","M","?","T","M","$","?","E"],"build_version":"2019-07-17","purchased_purges":0,"victory":false,"max_hp_per_floor":[80,80,85,85,85,85,85,85,85,85,85,85,85,85,85,85,85,85,85,87,87,60,60,60,62,62,64,64,64,64,66,66,66,66,70,70,72,72,72,72,81,81,81,81,81,81,81],"card_choices":[{"not_picked":["Havoc","Uppercut"],"picked":"Rupture","floor":1},{"not_picked":["Corruption","Anger"],"picked":"Cleave","floor":2},{"not_picked":["Intimidate","Dual Wield","True Grit"],"picked":"SKIP","floor":5},{"not_picked":["Clash","Pommel Strike"],"picked":"Iron Wave","floor":6},{"not_picked":["Barricade","Perfected Strike"],"picked":"Combust","floor":7},{"not_picked":["Searing Blow","Flex"],"picked":"Anger","floor":8},{"not_picked":["Headbutt","Sword Boomerang"],"picked":"Iron Wave","floor":13},{"not_picked":["Flex","Infernal Blade"],"picked":"Shrug It Off","floor":14},{"not_picked":["Double Tap","Exhume"],"picked":"Brutality","floor":16},{"not_picked":["Reckless Charge"],"picked":"SKIP","floor":18},{"not_picked":["Anger+1"],"picked":"Singing Bowl","floor":20},{"not_picked":["Havoc+1"],"picked":"Singing Bowl","floor":25},{"not_picked":["Body Slam"],"picked":"Singing Bowl","floor":27},{"not_picked":["True Grit"],"picked":"Singing Bowl","floor":31},{"not_picked":[],"picked":"Demon Form","floor":33},{"not_picked":[],"picked":"Bloodletting+1","floor":35},{"not_picked":["Flex+1"],"picked":"Singing Bowl","floor":37},{"not_picked":["Wild Strike"],"picked":"Singing Bowl","floor":41},{"not_picked":[],"picked":"Hemokinesis","floor":44},{"not_picked":[],"picked":"Metallicize+1","floor":46}],"player_experience":112274,"relics_obtained":[{"floor":6,"key":"Tiny Chest"},{"floor":9,"key":"Paper Frog"},{"floor":21,"key":"Whetstone"},{"floor":26,"key":"Letter Opener"},{"floor":43,"key":"Frozen Egg 2"}],"event_choices":[{"damage_healed":0,"gold_gain":0,"player_choice":"Donut","damage_taken":0,"max_hp_gain":5,"max_hp_loss":0,"event_name":"Big Fish","floor":3,"gold_loss":0},{"damage_healed":0,"gold_gain":0,"player_choice":"Ignored","damage_taken":0,"max_hp_gain":0,"max_hp_loss":0,"event_name":"NoteForYourself","floor":4,"gold_loss":0},{"damage_healed":0,"gold_gain":0,"player_choice":"Opened","damage_taken":0,"relics_obtained":["Singing Bowl"],"max_hp_gain":0,"max_hp_loss":0,"event_name":"The Mausoleum","floor":19,"gold_loss":0},{"damage_healed":0,"gold_gain":0,"player_choice":"Became a vampire","damage_taken":0,"max_hp_gain":0,"max_hp_loss":27,"event_name":"Vampires","floor":22,"gold_loss":0,"cards_obtained":["Bite","Bite","Bite","Bite","Bite"]},{"cards_removed":["Defend_R"],"damage_healed":0,"gold_gain":0,"player_choice":"Offered Basic","damage_taken":0,"max_hp_gain":0,"max_hp_loss":0,"event_name":"Bonfire Elementals","floor":24,"gold_loss":0},{"damage_healed":0,"gold_gain":0,"player_choice":"Ignored","damage_taken":0,"max_hp_gain":0,"max_hp_loss":0,"event_name":"Mysterious Sphere","floor":36,"gold_loss":0},{"damage_healed":0,"gold_gain":0,"player_choice":"Paid","damage_taken":0,"relics_obtained":["Red Mask"],"max_hp_gain":0,"max_hp_loss":0,"event_name":"Tomb of Lord Red Mask","floor":39,"gold_loss":4},{"damage_healed":0,"gold_gain":0,"player_choice":"Upgraded","damage_taken":0,"max_hp_gain":0,"max_hp_loss":0,"event_name":"Upgrade Shrine","floor":42,"gold_loss":0,"cards_upgraded":["Rupture"]}],"is_beta":false,"boss_relics":[{"not_picked":["Fusion Hammer","Ectoplasm"],"picked":"Busted Crown"},{"not_picked":["White Beast Statue","Runic Dome"],"picked":"Sozu"}],"items_purged_floors":[],"is_endless":false,"potions_floor_spawned":[5,6,14,16,25,31,33,41,46],"killed_by":"Reptomancer","ascension_level":0}