{"gold_per_floor":[117,117,128,147,158,158,174,184,209,209,384,401,326,339,339,438,438,457,437,455,211,237,237,265,282,282,282,6,6,6,6,6,6],"floor_reached":33,"playtime":1111,"items_purged":["Doubt","Strike_R","Strike_R"],"score":257,"play_id":"53a7b896-3951-4f5f-b670-b081a4b3e35e","local_time":"20190829230819","is_ascension_mode":false,"campfire_choices":[{"data":"Twin Strike","floor":6.0,"key":"SMITH"},{"data":"Anger","floor":10.0,"key":"SMITH"},{"data":"Flame Barrier","floor":15.0,"key":"SMITH"},{"data":"Sentinel","floor":23.0,"key":"SMITH"},{"floor":27,"key":"REST"},{"floor":32,"key":"REST"}],"neow_cost":"NONE","seed_source_timestamp":0,"circlet_count":0,"master_deck":["Strike_R","Strike_R","Strike_R","Defend_R","Defend_R","Defend_R","Defend_R","Bash","Sentinel+1","Twin Strike+1","Anger+1","Flame Barrier+1","Twin Strike","RitualDagger+1"],"special_seed":0,"relics":["Burning Blood","Boot","Vajra","Runic Cube","Juzu Bracelet","Bronze Scales","Centennial Puzzle","Molten Egg 2","Bag of Marbles"],"potions_floor_usage":[24,33],"damage_taken":[{"damage":5.0,"enemies":"Small Slimes","floor":1.0,"turns":4.0},{"damage":1.0,"enemies":"Cultist","floor":3.0,"turns":4.0},{"damage":5.0,"enemies":"2 Louse","floor":4.0,"turns":2.0},{"damage":8.0,"enemies":"Exordium Thugs","floor":5.0,"turns":5.0},{"damage":25.0,"enemies":"Exordium Wildlife","floor":7.0,"turns":5.0},{"damage":0.0,"enemies":"Large Slime","floor":8.0,"turns":5.0},{"damage":14.0,"enemies":"Blue Slaver","floor":12.0,"turns":4.0},{"damage":9.0,"enemies":"2 Fungi Beasts","floor":14.0,"turns":3.0},{"damage":27.0,"enemies":"Hexaghost","floor":16.0,"turns":11.0},{"damage":18.0,"enemies":"3 Byrds","floor":18.0,"turns":4.0},{"damage":13.0,"enemies":"Spheric Guardian","floor":20.0,"turns":4.0},{"damage":31,"enemies":"Gremlin Leader","floor":24,"turns":5},{"damage":18,"enemies":"Shelled Parasite and Fungi","floor":25,"turns":5},{"damage":52,"enemies":"Automaton","floor":33,"turns":6}],"seed_played":"-4103384594132657284","potions_obtained":[{"floor":3.0,"key":"EssenceOfSteel"},{"floor":4.0,"key":"Fire Potion"},{"floor":12.0,"key":"Weak Potion"},{"floor":16.0,"key":"Swift Potion"},{"floor":18.0,"key":"SpeedPotion"},{"floor":19.0,"key":"LiquidBronze"},{"floor":25,"key":"GamblersBrew"}],"is_trial":false,"path_per_floor":["M","?","M","M","M","R","M","M","T","R","?","M","$","M","R","B",null,"M","?","M","$","T","R","E","M","T","R","$","?","?","$","R","B"],"character_chosen":"IRONCLAD","items_purchased":["Juzu Bracelet","Bag of Marbles"],"campfire_rested":2,"item_purchase_floors":[21,28],"current_hp_per_floor":[80,80,80,80,78,78,59,65,65,65,65,57,57,54,54,33,80,68,68,61,61,61,61,36,24,24,48,48,33,27,27,52,0],"gold":6,"neow_bonus":"RANDOM_COLORLESS","is_prod":false,"is_daily":false,"chose_seed":false,"campfire_upgraded":4,"win_rate":0,"timestamp":1567134499,"path_taken":["M","?","?","M","M","R","M","M","T","R","?","M","$","M","R","BOSS","M","?","M","?","?","R","E","M","T","R","$","?","?","$","R","BOSS"],"build_version":"2019-07-17","purchased_purges":3,"victory":false,"max_hp_per_floor":[80,80,80,80,80,80,80,80,80,80,80,80,80,80,80,80,80,80,80,80,80,80,80,80,80,80,80,80,85,85,85,85,85],"card_choices":[{"not_picked":["Power Through","Pummel"],"picked":"Sentinel","floor":1.0},{"not_picked":["Body Slam","Sentinel"],"picked":"Twin Strike","floor":3.0},{"not_picked":["Entrench","Pommel Strike","Whirlwind"],"picked":"SKIP","floor":4.0},{"not_picked":["Hemokinesis","Rupture","Whirlwind"],"picked":"SKIP","floor":5.0},{"not_picked":["Iron Wave","Inflame","Spot Weakness"],"picked":"SKIP","floor":7.0},{"not_picked":["Rupture","Thunderclap"],"picked":"Anger","floor":8.0},{"not_picked":["Headbutt","Clothesline","Sword Boomerang"],"picked":"SKIP","floor":12.0},{"not_picked":["Thunderclap","Iron Wave"],"picked":"Flame Barrier","floor":14.0},{"not_picked":["Reckless Charge","Body Slam","Dual Wield"],"picked":"SKIP","floor":18.0},{"not_picked":["Burning Pact+1","Clothesline","Uppercut"],"picked":"SKIP","floor":20.0},{"not_picked":["Rupture+1","Havoc"],"picked":"Twin Strike","floor":24},{"not_picked":["Armaments","Clothesline+1","Iron Wave"],"picked":"SKIP","floor":25}],"player_experience":180482,"relics_obtained":[{"floor":9.0,"key":"Vajra"},{"floor":22.0,"key":"Bronze Scales"},{"floor":24,"key":"Centennial Puzzle"},{"floor":26,"key":"Molten Egg 2"}],"event_choices":[{"cards_removed":["Purity"],"damage_healed":0.0,"max_hp_gain":0.0,"max_hp_loss":0.0,"gold_gain":0.0,"event_name":"WeMeetAgain","player_choice":"Gave Card","floor":2.0,"gold_loss":0.0,"damage_taken":0.0,"relics_obtained":["Boot"]},{"damage_healed":0.0,"max_hp_gain":0.0,"max_hp_loss":0.0,"gold_gain":175.0,"event_name":"Liars Game","player_choice":"AGREE","floor":11.0,"gold_loss":0.0,"damage_taken":0.0,"cards_obtained":["Doubt"]},{"damage_healed":0.0,"max_hp_gain":0.0,"max_hp_loss":0.0,"gold_gain":0.0,"event_name":"The Woman in Blue","player_choice":"Bought 1 Potion","floor":19.0,"gold_loss":0.0,"damage_taken":0.0},{"damage_healed":0,"gold_gain":0,"player_choice":"Shed Blood","damage_taken":20,"max_hp_gain":5,"max_hp_loss":0,"event_name":"Forgotten Altar","floor":29,"gold_loss":0},{"damage_healed":0,"gold_gain":0,"player_choice":"Joined the Cult","damage_taken":6,"max_hp_gain":0,"max_hp_loss":0,"event_name":"Nest","floor":30,"gold_loss":0,"cards_obtained":["RitualDagger"]}],"is_beta":false,"boss_relics":[{"not_picked":["Mark of Pain","Orrery"],"picked":"Runic Cube"}],"items_purged_floors":[13,21,28],"is_endless":false,"potions_floor_spawned":[3,4,12,16,18,20,25],"killed_by":"Automaton","ascension_level":0}