{"gold_per_floor":[217,229,248,264,122,122,122,122,122,122,133,143,167,167,167,268,268,278,278,288,288,307,307,318,318,345,357,272,282,297,309,309,309],"floor_reached":33,"playtime":2045,"items_purged":["Dualcast"],"score":328,"play_id":"5a28ad7f-d78d-458b-a29a-ee23775eabb2","local_time":"20190303215532","is_ascension_mode":true,"campfire_choices":[{"floor":6,"key":"REST"},{"data":"Zap","floor":8,"key":"SMITH"},{"data":"Chill","floor":10,"key":"SMITH"},{"data":"Defragment","floor":15,"key":"SMITH"},{"floor":23,"key":"REST"},{"floor":25,"key":"REST"},{"floor":32,"key":"REST"}],"neow_cost":"NONE","seed_source_timestamp":27090459239797,"circlet_count":0,"master_deck":["Strike_B","Strike_B","Strike_B","Defend_B","Defend_B+1","Defend_B","Defend_B","Zap+1","Chill+1","Coolheaded","Cold Snap","Defragment+1","Glacier","Coolheaded+1","Buffer","Cold Snap","Pain","Coolheaded","Blizzard"],"relics":["Cracked Core","Thread and Needle","Letter Opener","Odd Mushroom","Fusion Hammer","WarpedTongs","War Paint","Ginger"],"potions_floor_usage":[16,16,16,33,33,33],"damage_taken":[{"damage":4,"enemies":"Jaw Worm","floor":1,"turns":5},{"damage":4,"enemies":"2 Louse","floor":2,"turns":3},{"damage":0,"enemies":"Cultist","floor":3,"turns":5},{"damage":10,"enemies":"Large Slime","floor":4,"turns":9},{"damage":0,"enemies":"Looter","floor":11,"turns":3},{"damage":0,"enemies":"Blue Slaver","floor":12,"turns":5},{"damage":5,"enemies":"The Mushroom Lair","floor":13,"turns":6},{"damage":21,"enemies":"The Guardian","floor":16,"turns":15},{"damage":0,"enemies":"Spheric Guardian","floor":18,"turns":7},{"damage":7,"enemies":"3 Byrds","floor":20,"turns":6},{"damage":16,"enemies":"Colosseum Slavers","floor":21,"turns":6},{"damage":14,"enemies":"Shelled Parasite and Fungi","floor":22,"turns":10},{"damage":14,"enemies":"Snake Plant","floor":24,"turns":6},{"damage":9,"enemies":"Sentry and Sphere","floor":27,"turns":7},{"damage":8,"enemies":"Chosen and Byrds","floor":29,"turns":8},{"damage":8,"enemies":"Shelled Parasite and Fungi","floor":30,"turns":6},{"damage":11,"enemies":"Centurion and Healer","floor":31,"turns":8},{"damage":77,"enemies":"Automaton","floor":33,"turns":12}],"seed_played":"3996706551466193601","potions_obtained":[{"floor":3,"key":"LiquidBronze"},{"floor":12,"key":"Regen Potion"},{"floor":13,"key":"Dexterity Potion"},{"floor":16,"key":"FearPotion"},{"floor":18,"key":"Swift Potion"},{"floor":24,"key":"Regen Potion"},{"floor":27,"key":"Block Potion"},{"floor":29,"key":"EssenceOfSteel"}],"is_trial":false,"path_per_floor":["M","M","M","M","$","R","?","R","T","R","M","M","?","?","R","B",null,"M","?","M","?","M","R","M","R","T","M","?","M","M","M","R","B"],"character_chosen":"DEFECT","items_purchased":["Defragment"],"campfire_rested":4,"item_purchase_floors":[5],"current_hp_per_floor":[64,60,60,50,50,72,60,60,60,60,60,60,55,55,55,49,69,69,69,62,46,32,54,40,62,62,53,53,45,37,26,48,0],"gold":309,"neow_bonus":"HUNDRED_GOLD","is_prod":false,"is_daily":false,"chose_seed":false,"campfire_upgraded":3,"win_rate":0,"timestamp":1551671732,"path_taken":["M","M","M","M","$","R","?","R","T","R","M","M","?","?","R","BOSS","M","?","?","?","M","R","M","R","T","M","?","M","M","M","R","BOSS"],"build_version":"2019-01-23","purchased_purges":1,"victory":false,"max_hp_per_floor":[75,75,75,75,75,75,75,75,75,75,75,75,75,75,75,75,75,75,75,75,75,75,75,75,75,75,75,75,75,75,75,75,75],"card_choices":[{"not_picked":["Gash","White Noise"],"picked":"Chill","floor":1},{"not_picked":["Gash","Skim"],"picked":"Coolheaded","floor":2},{"not_picked":["Doom and Gloom","Redo"],"picked":"Cold Snap","floor":3},{"not_picked":["Barrage","Go for the Eyes","Hologram"],"picked":"SKIP","floor":4},{"not_picked":["Amplify","Auto Shields"],"picked":"Glacier","floor":11},{"not_picked":["Conserve Battery","Redo","Storm"],"picked":"SKIP","floor":12},{"not_picked":["Turbo","Steam"],"picked":"Coolheaded","floor":13},{"not_picked":["Biased Cognition","All For One"],"picked":"Buffer","floor":16},{"not_picked":["Conserve Battery","Streamline"],"picked":"Cold Snap","floor":18},{"not_picked":["Sweeping Beam","Redo","Rip and Tear"],"picked":"SKIP","floor":20},{"not_picked":["Steam","Ball Lightning","Gash"],"picked":"SKIP","floor":22},{"not_picked":["Gash+1","Storm"],"picked":"Coolheaded","floor":24},{"not_picked":["Ball Lightning","Hologram","Leap"],"picked":"SKIP","floor":27},{"not_picked":["Coolheaded+1","Hologram"],"picked":"Blizzard","floor":29},{"not_picked":["Hyperbeam","Lockon","Go for the Eyes"],"picked":"SKIP","floor":30},{"not_picked":["Turbo","Skim","Beam Cell"],"picked":"SKIP","floor":31}],"player_experience":1585834,"relics_obtained":[{"floor":9,"key":"Letter Opener"},{"floor":13,"key":"Odd Mushroom"},{"floor":26,"key":"War Paint"}],"event_choices":[{"damage_healed":0,"gold_gain":0,"player_choice":"Success","damage_taken":12,"relics_obtained":["Thread and Needle"],"max_hp_gain":0,"max_hp_loss":0,"event_name":"Scrap Ooze","floor":7,"gold_loss":0},{"damage_healed":0,"gold_gain":0,"player_choice":"Fought Mushrooms","damage_taken":0,"max_hp_gain":0,"max_hp_loss":0,"event_name":"Mushrooms","floor":13,"gold_loss":0},{"cards_removed":["Strike_B"],"damage_healed":0,"gold_gain":0,"player_choice":"Forget","damage_taken":0,"max_hp_gain":0,"max_hp_loss":0,"event_name":"Living Wall","floor":14,"gold_loss":0},{"damage_healed":0,"gold_gain":0,"player_choice":"Rummage","damage_taken":0,"relics_obtained":["WarpedTongs"],"max_hp_gain":0,"max_hp_loss":0,"event_name":"Accursed Blacksmith","floor":19,"gold_loss":0,"cards_obtained":["Pain"]},{"damage_healed":0,"gold_gain":0,"player_choice":"Fight","damage_taken":0,"max_hp_gain":0,"max_hp_loss":0,"event_name":"Colosseum","floor":21,"gold_loss":0},{"damage_healed":0,"gold_gain":0,"player_choice":"Fled From Nobs","damage_taken":0,"max_hp_gain":0,"max_hp_loss":0,"event_name":"Colosseum","floor":21,"gold_loss":0},{"damage_healed":0,"gold_gain":0,"player_choice":"Obtained Relic","damage_taken":0,"relics_obtained":["Ginger"],"max_hp_gain":0,"max_hp_loss":0,"event_name":"Addict","floor":28,"gold_loss":85}],"is_beta":false,"boss_relics":[{"not_picked":["Pandora\u0027s Box","Runic Dome"],"picked":"Fusion Hammer"}],"items_purged_floors":[5],"is_endless":false,"potions_floor_spawned":[3,12,13,16,18,24,27,29],"killed_by":"Automaton","ascension_level":7}