{"gold_per_floor":[117,137,137,148,159,170,170,120,120,120,139,139,139,139,139,238,238,254,267,278,295,295,295,315,67,67,67],"floor_reached":27,"playtime":1326,"items_purged":["Strike_B"],"score":290,"play_id":"0dc14ba6-c3ca-4f86-9f63-d3c38c0903a8","local_time":"20190406192655","is_ascension_mode":true,"campfire_choices":[{"floor":7,"key":"REST"},{"data":"Zap","floor":10,"key":"SMITH"},{"data":"Doom and Gloom","floor":12,"key":"SMITH"},{"floor":15,"key":"REST"},{"floor":23,"key":"REST"}],"neow_cost":"NONE","seed_source_timestamp":154280264007958,"circlet_count":0,"master_deck":["Strike_B","Strike_B+1","Defend_B+1","Defend_B","Defend_B","Defend_B","Zap+1","Doom and Gloom+1","Conserve Battery+1","Cold Snap","Echo Form","FTL","Apotheosis"],"relics":["Cracked Core","Letter Opener","Fusion Hammer","WingedGreaves"],"potions_floor_usage":[16,16,16],"damage_taken":[{"damage":0,"enemies":"Cultist","floor":1,"turns":4},{"damage":0,"enemies":"Jaw Worm","floor":2,"turns":4},{"damage":8,"enemies":"Small Slimes","floor":4,"turns":3},{"damage":2,"enemies":"3 Louse","floor":5,"turns":4},{"damage":19,"enemies":"Gremlin Gang","floor":6,"turns":4},{"damage":2,"enemies":"Exordium Wildlife","floor":11,"turns":5},{"damage":33,"enemies":"Slime Boss","floor":16,"turns":9},{"damage":21,"enemies":"2 Thieves","floor":18,"turns":3},{"damage":1,"enemies":"Spheric Guardian","floor":19,"turns":4},{"damage":18,"enemies":"Centurion and Healer","floor":20,"turns":6},{"damage":0,"enemies":"Sentry and Sphere","floor":21,"turns":3},{"damage":16,"enemies":"Colosseum Slavers","floor":22,"turns":4},{"damage":21,"enemies":"Snake Plant","floor":24,"turns":4},{"damage":11,"enemies":"Chosen and Byrds","floor":27,"turns":4}],"seed_played":"-5287499587478279174","potions_obtained":[{"floor":2,"key":"Ancient Potion"},{"floor":3,"key":"PowerPotion"},{"floor":3,"key":"GamblersBrew"},{"floor":4,"key":"Poison Potion"},{"floor":20,"key":"AttackPotion"}],"is_trial":false,"path_per_floor":["M","M","?","M","M","M","R","?","T","R","M","R","?","?","R","B",null,"M","M","M","M","?","R","M","$","T","M"],"character_chosen":"DEFECT","items_purchased":["Apotheosis"],"campfire_rested":3,"item_purchase_floors":[25],"current_hp_per_floor":[68,68,68,60,58,39,61,61,61,61,59,59,44,44,66,33,65,44,43,25,25,9,31,10,10,10,0],"gold":67,"neow_bonus":"TRANSFORM_CARD","is_prod":false,"is_daily":false,"chose_seed":false,"campfire_upgraded":2,"win_rate":0,"timestamp":1554596815,"path_taken":["M","M","?","M","?","M","R","?","T","R","M","R","?","?","R","BOSS","M","?","M","M","?","R","M","?","T","?"],"build_version":"2019-01-23","purchased_purges":1,"victory":false,"max_hp_per_floor":[75,75,75,75,75,75,75,75,75,75,75,75,75,75,75,75,75,75,75,75,75,75,75,75,75,75,75],"card_choices":[{"not_picked":["Go for the Eyes","Doom and Gloom"],"picked":"Conserve Battery","floor":1},{"not_picked":["White Noise","Sweeping Beam","Compile Driver"],"picked":"SKIP","floor":2},{"not_picked":["Undo","Coolheaded","Go for the Eyes"],"picked":"SKIP","floor":4},{"not_picked":["Turbo","Steam"],"picked":"Cold Snap","floor":5},{"not_picked":["Streamline","Rip and Tear","Melter"],"picked":"SKIP","floor":6},{"not_picked":["Sweeping Beam","Gash","Chaos"],"picked":"SKIP","floor":11},{"not_picked":["All For One","Electrodynamics"],"picked":"Echo Form","floor":16},{"not_picked":["White Noise+1","Leap","Stack"],"picked":"SKIP","floor":18},{"not_picked":["Consume","Conserve Battery"],"picked":"FTL","floor":19},{"not_picked":["Skim","Compile Driver","Consume+1"],"picked":"SKIP","floor":20},{"not_picked":["Beam Cell+1","Sunder","Compile Driver"],"picked":"SKIP","floor":21},{"not_picked":["Amplify","Turbo","Redo"],"picked":"SKIP","floor":24}],"player_experience":1808411,"relics_obtained":[{"floor":9,"key":"Letter Opener"},{"floor":26,"key":"WingedGreaves"}],"event_choices":[{"damage_healed":0,"gold_gain":0,"player_choice":"Got Potions","damage_taken":0,"max_hp_gain":0,"max_hp_loss":0,"event_name":"Lab","floor":3,"gold_loss":0},{"cards_removed":["Strike_B"],"damage_healed":0,"gold_gain":0,"player_choice":"Card Removal","damage_taken":0,"max_hp_gain":0,"max_hp_loss":0,"event_name":"The Cleric","floor":8,"gold_loss":50},{"damage_healed":0,"gold_gain":0,"player_choice":"Entered Light","damage_taken":15,"max_hp_gain":0,"max_hp_loss":0,"event_name":"Shining Light","floor":13,"gold_loss":0,"cards_upgraded":["Defend_B","Strike_B"]},{"damage_healed":0,"gold_gain":0,"player_choice":"Upgraded","damage_taken":0,"max_hp_gain":0,"max_hp_loss":0,"event_name":"Upgrade Shrine","floor":14,"gold_loss":0,"cards_upgraded":["Conserve Battery"]},{"damage_healed":0,"gold_gain":0,"player_choice":"Fight","damage_taken":0,"max_hp_gain":0,"max_hp_loss":0,"event_name":"Colosseum","floor":22,"gold_loss":0},{"damage_healed":0,"gold_gain":0,"player_choice":"Fled From Nobs","damage_taken":0,"max_hp_gain":0,"max_hp_loss":0,"event_name":"Colosseum","floor":22,"gold_loss":0}],"is_beta":false,"boss_relics":[{"not_picked":["Empty Cage","Runic Pyramid"],"picked":"Fusion Hammer"}],"items_purged_floors":[25],"is_endless":false,"potions_floor_spawned":[2,4,6,20,22],"killed_by":"Chosen and Byrds","ascension_level":8}