{"gold_per_floor":[116,126,146,162,87,87,121,121,121,121],"floor_reached":10,"playtime":416,"items_purged":["Parasite"],"score":102,"play_id":"9e4814a2-ad4a-4494-ab68-7f05788dfdec","local_time":"20190718170244","is_ascension_mode":true,"campfire_choices":[{"data":"Zap","floor":6,"key":"SMITH"}],"neow_cost":"CURSE","seed_source_timestamp":578508580396761,"circlet_count":0,"master_deck":["AscendersBane","Strike_B","Strike_B","Strike_B","Defend_B","Defend_B","Defend_B","Defend_B","Zap+1","Gash","Force Field","Self Repair","Conserve Battery"],"relics":["Cracked Core","PreservedInsect","Sundial"],"potions_floor_usage":[7],"damage_taken":[{"damage":5,"enemies":"Cultist","floor":1,"turns":5},{"damage":12,"enemies":"2 Louse","floor":2,"turns":3},{"damage":5,"enemies":"Small Slimes","floor":3,"turns":5},{"damage":13,"enemies":"2 Fungi Beasts","floor":4,"turns":5},{"damage":49,"enemies":"Lagavulin","floor":7,"turns":7},{"damage":16,"enemies":"Lots of Slimes","floor":10,"turns":2}],"seed_played":"-3050961458145320366","potions_obtained":[{"floor":3,"key":"SpeedPotion"},{"floor":4,"key":"Ancient Potion"}],"is_trial":false,"path_per_floor":["M","M","M","M","$","R","E","?","T","M"],"character_chosen":"DEFECT","items_purchased":[],"campfire_rested":0,"item_purchase_floors":[],"current_hp_per_floor":[63,58,60,54,54,54,12,12,12,0],"gold":121,"neow_bonus":"TRANSFORM_TWO_CARDS","is_prod":false,"is_daily":false,"chose_seed":false,"campfire_upgraded":1,"win_rate":0,"timestamp":1563487364,"path_taken":["M","?","M","M","$","R","E","?","T","M"],"build_version":"2019-07-17","purchased_purges":1,"victory":false,"max_hp_per_floor":[75,75,75,75,72,72,72,72,72,72],"card_choices":[{"not_picked":["Streamline","Barrage"],"picked":"Self Repair","floor":1},{"not_picked":["Aggregate","Blizzard"],"picked":"Conserve Battery","floor":2},{"not_picked":["Beam Cell","Barrage","Recycle"],"picked":"SKIP","floor":3},{"not_picked":["Sweeping Beam","Compile Driver","Stack"],"picked":"SKIP","floor":4},{"not_picked":["Double Energy","White Noise","Redo"],"picked":"SKIP","floor":7}],"player_experience":2392447,"relics_obtained":[{"floor":7,"key":"PreservedInsect"},{"floor":9,"key":"Sundial"}],"event_choices":[{"damage_healed":0,"gold_gain":0,"player_choice":"Ignored","damage_taken":0,"max_hp_gain":0,"max_hp_loss":0,"event_name":"Liars Game","floor":8,"gold_loss":0}],"is_beta":false,"boss_relics":[],"items_purged_floors":[5],"is_endless":false,"potions_floor_spawned":[3,4],"killed_by":"Lots of Slimes","ascension_level":10}