{"path_per_floor":["M","M","?","M","?","R","E","M","T","M","?","$","M","?","R","B",null,"M","$","?","M","?","R","M","M","T","E","M","?","R","?","R","B",null,"M","?","M","M","$","R","M"],"character_chosen":"THE_SILENT","items_purchased":["Cloak And Dagger","Dagger Spray","Caltrops","Accuracy","Orichalcum","Bandage Up"],"gold_per_floor":[117,137,137,149,125,125,158,175,243,258,258,30,46,46,46,172,172,197,63,13,29,29,29,52,77,77,115,134,134,134,134,134,264,264,287,287,300,318,78,78,102],"floor_reached":42,"campfire_rested":3,"playtime":3087,"current_hp_per_floor":[69,68,73,73,73,73,44,39,39,39,32,32,32,32,54,43,75,64,64,64,56,56,56,40,35,35,22,22,47,69,69,69,16,75,57,57,17,5,5,27,13],"items_purged":["Strike_G","Injury"],"gold":102,"play_id":"8afa253e-14fb-47ff-923f-3f378f4537ea","is_prod":false,"is_daily":false,"is_ascension_mode":false,"campfire_upgraded":3,"path_taken":["M","M","?","M","?","R","E","M","T","M","?","?","?","?","R","BOSS","M","$","?","M","?","R","M","?","T","E","?","?","R","?","R","BOSS","M","?","M","?","$","R","M","?"],"build_version":"2018-01-25-PROD3","purchased_purges":3,"victory":false,"master_deck":["Defend_G","Defend_G","Defend_G","Defend_G","Defend_G","Strike_G","Strike_G","Strike_G","Strike_G","Survivor","Neutralize","Bullet Time","Accuracy+1","Dagger Throw","All Out Attack+1","Die Die Die","Blur","Backstab","Cloak And Dagger+1","Dagger Spray","Caltrops","Cloak And Dagger+1","Phantasmal Killer","Accuracy","Finisher","Die Die Die","Cloak And Dagger","Accuracy+1","Prepared+1","Tools of the Trade","PiercingWail+1","Bandage Up","Cloak And Dagger"],"max_hp_per_floor":[70,70,75,75,75,75,75,75,75,75,75,75,75,75,75,75,75,75,75,75,75,75,75,75,75,75,75,75,75,75,75,75,75,75,75,75,75,75,75,75,75],"relics":["Ring of the Snake","Frozen Egg","Mummified Hand","Ninja Scroll","Golden Idol","Orrery","Pen Nib","Tough Bandages","Black Star","Orichalcum"],"card_choices":[{"not_picked":["Deflect","Slice"],"picked":"Accuracy"},{"not_picked":["Backflip","Slice"],"picked":"Dagger Throw"},{"not_picked":["Deflect","Slice"],"picked":"All Out Attack"},{"not_picked":["Backflip","Underhanded Strike"],"picked":"Die Die Die"},{"not_picked":["Deflect","Bane"],"picked":"Blur"},{"not_picked":["Dodge and Roll","Eviscerate"],"picked":"Backstab"},{"not_picked":["Dash","Endless Agony"],"picked":"Cloak And Dagger"},{"not_picked":["Burst","Adrenaline"],"picked":"Phantasmal Killer"},{"not_picked":["Backflip","Malaise"],"picked":"Accuracy"},{"not_picked":["Deadly Poison","Bane"],"picked":"Finisher"},{"not_picked":["Flying Knee","Poisoned Stab"],"picked":"Die Die Die"},{"not_picked":["Poisoned Stab","Dagger Spray"],"picked":"Cloak And Dagger"},{"not_picked":["Underhanded Strike","PiercingWail"],"picked":"Prepared"},{"not_picked":["Night Terror","Die Die Die"],"picked":"Tools of the Trade"},{"not_picked":["Dagger Spray","Escape Plan"],"picked":"PiercingWail"},{"not_picked":["Dagger Spray","Prepared"],"picked":"Cloak And Dagger"}],"player_experience":69697,"potions_floor_usage":[33,33,42],"damage_taken":[{"damage":1.0,"enemies":"Small Slimes","floor":1.0,"turns":4.0},{"damage":1.0,"enemies":"Cultist","floor":2.0,"turns":5.0},{"damage":0.0,"enemies":"Jaw Worm","floor":4.0,"turns":4.0},{"damage":29.0,"enemies":"Gremlin Nob","floor":7.0,"turns":5.0},{"damage":5.0,"enemies":"Large Slime","floor":8.0,"turns":5.0},{"damage":0.0,"enemies":"2 Fungi Beasts","floor":10.0,"turns":2.0},{"damage":0.0,"enemies":"3 Louse","floor":13.0,"turns":3.0},{"damage":11.0,"enemies":"Hexaghost","floor":16.0,"turns":9.0},{"damage":11.0,"enemies":"Shell Parasite","floor":18.0,"turns":4.0},{"damage":8.0,"enemies":"3 Byrds","floor":21.0,"turns":4.0},{"damage":16.0,"enemies":"Sentry and Sphere","floor":24.0,"turns":4.0},{"damage":5.0,"enemies":"Chosen and Byrds","floor":25.0,"turns":4.0},{"damage":13,"enemies":"Slavers","floor":27,"turns":4},{"damage":0,"enemies":"Centurion and Healer","floor":28,"turns":5},{"damage":53,"enemies":"Champ","floor":33,"turns":13},{"damage":18,"enemies":"3 Shapes","floor":35,"turns":3},{"damage":40,"enemies":"3 Darklings","floor":37,"turns":5},{"damage":12,"enemies":"Maw","floor":38,"turns":7},{"damage":18,"enemies":"Sphere and 2 Shapes","floor":41,"turns":4},{"damage":36,"enemies":"4 Shapes","floor":42,"turns":7}],"event_choices":[{"event_name":"Big Fish","player_choice":"Donut","floor":3.0,"damage_taken":0.0},{"event_name":"World of Goop","player_choice":"Left","floor":5.0,"damage_taken":0.0},{"event_name":"Scrap Ooze","player_choice":"success","floor":11.0,"damage_taken":7.0},{"event_name":"Golden Idol","player_choice":"Take Wound","floor":14.0,"damage_taken":0.0},{"event_name":"The Joust","player_choice":"Bet on Murderer","floor":20.0,"damage_taken":0.0},{"event_name":"Beggar","player_choice":"Ignored","floor":22.0,"damage_taken":0.0},{"event_name":"The Library","player_choice":"Heal","floor":29,"damage_taken":0},{"event_name":"Accursed Blacksmith","player_choice":"Forge","floor":31,"damage_taken":0},{"event_name":"Tomb of Lord Red Mask","player_choice":"Ignored","floor":36,"damage_taken":0}],"boss_relics":[{"not_picked":["Astrolabe","Lizard Tail"],"picked":"Black Star"}],"potions_floor_spawned":[2,8,13,16,21,28,41],"seed_played":"35927594424508128","killed_by":"4 Shapes","ascension_level":0,"is_trial":false}