{"gold_per_floor":[118,137,137,147,160,192,192,1,75,90,165,165,185,185],"floor_reached":14,"playtime":13764,"items_purged":[],"score":133,"play_id":"64b7a0c4-938f-4b94-bf53-2b626697609b","local_time":"20190707154856","is_ascension_mode":true,"campfire_choices":[{"floor":7,"key":"REST"},{"floor":12,"key":"REST"}],"neow_cost":"NONE","seed_source_timestamp":983722010625351,"circlet_count":0,"master_deck":["Strike_R","Strike_R","Strike_R","Strike_R","Defend_R","Defend_R","Defend_R","Defend_R","Bash","Searing Blow","Metallicize","Body Slam"],"relics":["Burning Blood","FossilizedHelix","Membership Card","Gremlin Horn"],"potions_floor_usage":[6,14],"damage_taken":[{"damage":7,"enemies":"2 Louse","floor":1,"turns":3},{"damage":1,"enemies":"Small Slimes","floor":2,"turns":4},{"damage":12,"enemies":"Cultist","floor":4,"turns":6},{"damage":3,"enemies":"Blue Slaver","floor":5,"turns":7},{"damage":60,"enemies":"3 Sentries","floor":6,"turns":16},{"damage":29,"enemies":"Large Slime","floor":10,"turns":13},{"damage":33,"enemies":"Exordium Thugs","floor":13,"turns":7},{"damage":25,"enemies":"The Mushroom Lair","floor":14,"turns":5}],"seed_played":"-9160376527996212286","potions_obtained":[{"floor":1,"key":"Poison Potion"},{"floor":5,"key":"GamblersBrew"},{"floor":6,"key":"FearPotion"}],"is_trial":false,"path_per_floor":["M","M","?","M","M","E","R","$","T","M","?","R","M","?"],"character_chosen":"IRONCLAD","items_purchased":["Membership Card"],"campfire_rested":2,"item_purchase_floors":[8],"current_hp_per_floor":[71,76,81,75,78,24,49,49,49,26,15,40,13,0],"gold":185,"neow_bonus":"TRANSFORM_CARD","is_prod":false,"is_daily":false,"chose_seed":false,"campfire_upgraded":0,"win_rate":0,"timestamp":1562532536,"path_taken":["M","M","?","M","M","E","R","$","T","M","?","R","M","?"],"build_version":"2019-07-05","purchased_purges":0,"victory":false,"max_hp_per_floor":[80,80,85,85,85,85,85,85,85,85,85,85,85,85],"card_choices":[{"not_picked":["Iron Wave","Thunderclap"],"picked":"Metallicize","floor":1},{"not_picked":["Iron Wave","Uppercut","Headbutt"],"picked":"SKIP","floor":2},{"not_picked":["Combust","Cleave","Rage"],"picked":"SKIP","floor":4},{"not_picked":["Perfected Strike","Wild Strike","Offering"],"picked":"SKIP","floor":5},{"not_picked":["Headbutt","Anger","Sword Boomerang"],"picked":"SKIP","floor":6},{"not_picked":["Rupture","Twin Strike"],"picked":"Body Slam","floor":10},{"not_picked":["Clothesline","Iron Wave","Flex"],"picked":"SKIP","floor":13}],"player_experience":2123992,"relics_obtained":[{"floor":6,"key":"FossilizedHelix"},{"floor":9,"key":"Gremlin Horn"}],"event_choices":[{"damage_healed":0,"gold_gain":0,"player_choice":"Donut","damage_taken":0,"max_hp_gain":5,"max_hp_loss":0,"event_name":"Big Fish","floor":3,"gold_loss":0},{"damage_healed":0,"gold_gain":75,"player_choice":"Gather Gold","damage_taken":11,"max_hp_gain":0,"max_hp_loss":0,"event_name":"World of Goop","floor":11,"gold_loss":0},{"damage_healed":0,"gold_gain":0,"player_choice":"Fought Mushrooms","damage_taken":0,"max_hp_gain":0,"max_hp_loss":0,"event_name":"Mushrooms","floor":14,"gold_loss":0}],"is_beta":false,"boss_relics":[],"items_purged_floors":[],"is_endless":false,"potions_floor_spawned":[1,5,6],"killed_by":"The Mushroom Lair","ascension_level":9}