{"gold_per_floor":[116,116,41,41,41,75,94,94,145,145,145,145,158,183,183,183],"floor_reached":16,"playtime":434,"items_purged":["Strike_R"],"score":108,"play_id":"faee4080-3535-4440-992f-98c232e50853","local_time":"20190831105500","is_ascension_mode":true,"campfire_choices":[{"data":"Searing Blow","floor":8,"key":"SMITH"},{"floor":11,"key":"REST"},{"data":"Flame Barrier","floor":15,"key":"SMITH"}],"neow_cost":"NONE","seed_source_timestamp":777679908408662,"circlet_count":0,"master_deck":["Strike_R","Strike_R","Strike_R","Strike_R","Defend_R","Defend_R","Defend_R","Defend_R","Bash","Combust+1","Flame Barrier+1","Searing Blow+1"],"relics":["Burning Blood","Potion Belt","Golden Idol","Question Card","Omamori"],"potions_floor_usage":[16],"damage_taken":[{"damage":15,"enemies":"Jaw Worm","floor":1,"turns":6},{"damage":31,"enemies":"Gremlin Nob","floor":6,"turns":4},{"damage":7,"enemies":"2 Louse","floor":7,"turns":4},{"damage":0,"enemies":"Small Slimes","floor":13,"turns":4},{"damage":20,"enemies":"Gremlin Gang","floor":14,"turns":3},{"damage":62,"enemies":"Hexaghost","floor":16,"turns":12}],"seed_played":"7299516035536236076","potions_obtained":[{"floor":6,"key":"Energy Potion"}],"is_trial":false,"path_per_floor":["M","?","$","?","?","E","M","R","T","$","R","?","M","M","R","B"],"character_chosen":"IRONCLAD","items_purchased":[],"campfire_rested":1,"item_purchase_floors":[],"current_hp_per_floor":[71,71,71,71,71,46,45,45,45,45,69,69,75,61,61,0],"gold":183,"neow_bonus":"RANDOM_COMMON_RELIC","is_prod":false,"is_daily":false,"chose_seed":false,"campfire_upgraded":2,"win_rate":0,"timestamp":1567263300,"path_taken":["M","?","$","?","?","E","M","R","T","$","R","?","M","M","R","BOSS"],"build_version":"2019-07-17","purchased_purges":1,"victory":false,"max_hp_per_floor":[80,80,80,80,80,80,80,80,80,80,80,80,80,80,80,80],"card_choices":[{"not_picked":["Wild Strike","Heavy Blade"],"picked":"Combust","floor":1},{"not_picked":["Inflame","Body Slam"],"picked":"Flame Barrier","floor":6},{"not_picked":["Disarm","Twin Strike","Power Through"],"picked":"Searing Blow","floor":7},{"not_picked":["True Grit","Berserk","Sword Boomerang","Shrug It Off"],"picked":"SKIP","floor":13},{"not_picked":["Wild Strike","Sword Boomerang","Bloodletting","Feel No Pain"],"picked":"SKIP","floor":14}],"player_experience":191493,"relics_obtained":[{"floor":6,"key":"Question Card"},{"floor":9,"key":"Omamori"}],"event_choices":[{"damage_healed":0,"gold_gain":0,"player_choice":"Ignored","damage_taken":0,"max_hp_gain":0,"max_hp_loss":0,"event_name":"Golden Wing","floor":2,"gold_loss":0},{"damage_healed":0,"gold_gain":0,"player_choice":"Grow","damage_taken":0,"max_hp_gain":0,"max_hp_loss":0,"event_name":"Living Wall","floor":4,"gold_loss":0,"cards_upgraded":["Combust"]},{"damage_healed":0,"gold_gain":0,"player_choice":"Take Wound","damage_taken":0,"relics_obtained":["Golden Idol"],"max_hp_gain":0,"max_hp_loss":0,"event_name":"Golden Idol","floor":5,"gold_loss":0,"cards_obtained":["Injury"]},{"cards_removed":["Injury"],"damage_healed":0,"gold_gain":0,"player_choice":"Removed Curses","damage_taken":0,"max_hp_gain":0,"max_hp_loss":0,"event_name":"Fountain of Cleansing","floor":12,"gold_loss":0}],"is_beta":false,"boss_relics":[],"items_purged_floors":[3],"is_endless":false,"potions_floor_spawned":[6],"killed_by":"Hexaghost","ascension_level":2}