{"gold_per_floor":[118,118,132,132,149,149,163,163,163,176,191,37,37,57,57,188,188,212,212,235,150,173,194,194,194,194,214,230,230],"floor_reached":29,"playtime":1162,"items_purged":["Strike_R"],"score":265,"play_id":"78b270ec-30a8-4aed-8b3b-73cf395bcce4","local_time":"20190101164715","is_ascension_mode":true,"campfire_choices":[{"data":"Defend_R","floor":6,"key":"SMITH"},{"data":"Whirlwind","floor":8,"key":"SMITH"},{"floor":15,"key":"REST"},{"data":"1","floor":25,"key":"LIFT"}],"neow_cost":"NONE","seed_source_timestamp":1073848629794851,"circlet_count":0,"master_deck":["Strike_R","Strike_R","Strike_R+1","Defend_R","Defend_R","Defend_R","Defend_R+1","Bash+1","Uppercut+1","Whirlwind+1","Shockwave","Feed","Inflame","Impervious","Shockwave","Shrug It Off"],"relics":["Burning Blood","Bottled Flame","Golden Idol","Sozu","Girya","Bag of Marbles"],"potions_floor_usage":[16,16,16,29],"damage_taken":[{"damage":1,"enemies":"Cultist","floor":1,"turns":3},{"damage":2,"enemies":"2 Louse","floor":3,"turns":4},{"damage":4,"enemies":"Jaw Worm","floor":5,"turns":2},{"damage":16,"enemies":"Exordium Thugs","floor":7,"turns":4},{"damage":0,"enemies":"3 Louse","floor":10,"turns":1},{"damage":8,"enemies":"Looter","floor":11,"turns":3},{"damage":0,"enemies":"Lots of Slimes","floor":14,"turns":1},{"damage":36,"enemies":"Slime Boss","floor":16,"turns":7},{"damage":7,"enemies":"Chosen","floor":18,"turns":6},{"damage":22,"enemies":"2 Thieves","floor":20,"turns":3},{"damage":9,"enemies":"3 Cultists","floor":22,"turns":4},{"damage":6,"enemies":"Snecko","floor":23,"turns":5},{"damage":19,"enemies":"Snake Plant","floor":27,"turns":6},{"damage":28,"enemies":"Shelled Parasite and Fungi","floor":28,"turns":5},{"damage":35,"enemies":"Book of Stabbing","floor":29,"turns":5}],"seed_played":"-6355377690361113072","potions_obtained":[{"floor":1,"key":"Block Potion"},{"floor":10,"key":"PowerPotion"},{"floor":11,"key":"PowerPotion"},{"floor":16,"key":"Strength Potion"}],"is_trial":false,"path_per_floor":["M","?","M","?","M","R","M","R","T","M","M","$","?","M","R","B",null,"M","?","M","?","M","M","?","R","T","M","M","E"],"character_chosen":"IRONCLAD","items_purchased":["Inflame"],"campfire_rested":1,"item_purchase_floors":[12],"current_hp_per_floor":[80,85,85,68,70,70,60,60,60,66,64,64,43,49,74,44,85,87,87,71,71,71,71,62,62,62,52,30,0],"gold":230,"neow_bonus":"UPGRADE_CARD","is_prod":false,"is_daily":false,"chose_seed":false,"campfire_upgraded":2,"win_rate":0,"timestamp":1546382835,"path_taken":["M","?","M","?","M","R","M","R","T","M","?","?","?","M","R","BOSS","M","?","?","?","M","M","?","R","T","M","?","E"],"build_version":"2018-12-20","purchased_purges":1,"victory":false,"max_hp_per_floor":[80,85,85,85,85,85,85,85,85,85,85,85,85,85,85,85,85,88,88,88,88,91,91,91,91,91,94,94,94],"card_choices":[{"not_picked":["Warcry","Burning Pact","Sword Boomerang"],"picked":"SKIP","floor":1},{"not_picked":["Pummel","Sever Soul"],"picked":"Uppercut","floor":3},{"not_picked":["Headbutt","Clothesline","Thunderclap"],"picked":"SKIP","floor":5},{"not_picked":["Clothesline","Blood for Blood"],"picked":"Whirlwind","floor":7},{"not_picked":["Perfected Strike","Clothesline"],"picked":"Shockwave","floor":10},{"not_picked":["Pommel Strike","Reckless Charge"],"picked":"Feed","floor":11},{"not_picked":["Anger","Thunderclap","Clothesline"],"picked":"SKIP","floor":14},{"not_picked":["Barricade","Reaper"],"picked":"Impervious","floor":16},{"not_picked":["Searing Blow+1","Clothesline","Reckless Charge"],"picked":"SKIP","floor":18},{"not_picked":["Pommel Strike+1","Blood for Blood","Thunderclap"],"picked":"SKIP","floor":20},{"not_picked":["Power Through","Blood for Blood+1","Hemokinesis"],"picked":"SKIP","floor":22},{"not_picked":["Havoc","Headbutt"],"picked":"Shockwave","floor":23},{"not_picked":["Fiend Fire","Clothesline+1","Clash"],"picked":"SKIP","floor":27},{"not_picked":["Cleave","Anger"],"picked":"Shrug It Off","floor":28}],"player_experience":971836,"relics_obtained":[{"floor":9,"key":"Bottled Flame"},{"floor":26,"key":"Bag of Marbles"}],"event_choices":[{"damage_healed":0,"gold_gain":0,"player_choice":"Donut","damage_taken":0,"max_hp_gain":5,"max_hp_loss":0,"event_name":"Big Fish","floor":2,"gold_loss":0},{"damage_healed":0,"gold_gain":0,"player_choice":"Entered Light","damage_taken":17,"max_hp_gain":0,"max_hp_loss":0,"event_name":"Shining Light","floor":4,"gold_loss":0,"cards_upgraded":["Strike_R","Uppercut"]},{"damage_healed":0,"gold_gain":0,"player_choice":"Take Damage","damage_taken":21,"relics_obtained":["Golden Idol"],"max_hp_gain":0,"max_hp_loss":0,"event_name":"Golden Idol","floor":13,"gold_loss":0},{"cards_removed":["Strike_R"],"damage_healed":0,"gold_gain":0,"player_choice":"Offered Basic","damage_taken":0,"max_hp_gain":0,"max_hp_loss":0,"event_name":"Bonfire Elementals","floor":19,"gold_loss":0},{"damage_healed":0,"gold_gain":0,"player_choice":"Obtained Relic","damage_taken":0,"relics_obtained":["Girya"],"max_hp_gain":0,"max_hp_loss":0,"event_name":"Addict","floor":21,"gold_loss":85},{"damage_healed":0,"gold_gain":0,"player_choice":"","damage_taken":9,"max_hp_gain":0,"max_hp_loss":0,"event_name":"Knowing Skull","floor":24,"potions_obtained":[],"gold_loss":0,"cards_obtained":[]}],"is_beta":false,"boss_relics":[{"not_picked":["Cursed Key","Eternal Feather"],"picked":"Sozu"}],"items_purged_floors":[12],"is_endless":false,"potions_floor_spawned":[1,10,11,14,16,20,23,27],"killed_by":"Book of Stabbing","ascension_level":4}