{"gold_per_floor":[116,191,205,205,219,262,276,276,276,276,299,324,347,522,522,643,643,657,681,681,681],"floor_reached":21,"playtime":1354,"items_purged":[],"score":181,"play_id":"b7d068f9-4aae-414a-9cce-645f80f5ad6b","local_time":"20190823203151","is_ascension_mode":false,"campfire_choices":[{"floor":10,"key":"REST"},{"floor":15,"key":"REST"}],"neow_cost":"NONE","seed_source_timestamp":2813333634047,"circlet_count":0,"master_deck":["Strike_B","Strike_B","Strike_B","Strike_B","Defend_B","Defend_B","Defend_B","Defend_B","Zap","Dualcast+1","Beam Cell+1","Conserve Battery","Darkness","Electrodynamics","Reprogram","Conserve Battery","Redo","Amplify","Injury","Pain","Loop+1","Static Discharge+1","Decay"],"relics":["Cracked Core","Orichalcum","Golden Idol","Kunai","Question Card","Omamori","Calling Bell","Juzu Bracelet","Frozen Egg 2","WingedGreaves"],"potions_floor_usage":[16,19,21],"damage_taken":[{"damage":1,"enemies":"Cultist","floor":1,"turns":3},{"damage":0,"enemies":"Small Slimes","floor":3,"turns":2},{"damage":0,"enemies":"2 Louse","floor":5,"turns":3},{"damage":22,"enemies":"Lagavulin","floor":6,"turns":7},{"damage":6,"enemies":"2 Fungi Beasts","floor":7,"turns":4},{"damage":12,"enemies":"3 Louse","floor":11,"turns":2},{"damage":7,"enemies":"Red Slaver","floor":12,"turns":3},{"damage":16,"enemies":"Hexaghost","floor":16,"turns":11},{"damage":36,"enemies":"2 Thieves","floor":18,"turns":5},{"damage":34,"enemies":"Shell Parasite","floor":19,"turns":7},{"damage":5,"enemies":"Chosen and Byrds","floor":21,"turns":2}],"seed_played":"-8506950734315686503","potions_obtained":[{"floor":5,"key":"FearPotion"},{"floor":12,"key":"SkillPotion"},{"floor":18,"key":"GamblersBrew"},{"floor":19,"key":"Poison Potion"}],"is_trial":false,"path_per_floor":["M","?","M","?","M","E","M","?","T","R","M","M","T","?","R","B",null,"M","M","?","M"],"character_chosen":"DEFECT","items_purchased":[],"campfire_rested":2,"item_purchase_floors":[],"current_hp_per_floor":[74,63,63,45,45,23,17,2,2,24,12,5,5,5,27,11,75,39,5,5,0],"gold":681,"neow_bonus":"RANDOM_COMMON_RELIC","is_prod":false,"is_daily":false,"chose_seed":false,"campfire_upgraded":0,"win_rate":0.0,"timestamp":1566588711,"path_taken":["M","?","M","?","M","E","M","?","T","R","M","M","?","?","R","BOSS","M","M","?","M"],"build_version":"2019-07-17","purchased_purges":0,"victory":false,"max_hp_per_floor":[75,75,75,75,75,75,75,75,75,75,75,75,75,75,75,75,75,75,75,75,75],"card_choices":[{"not_picked":["Gash","Defragment"],"picked":"Beam Cell","floor":1},{"not_picked":["Go for the Eyes","Reinforced Body"],"picked":"Conserve Battery","floor":3},{"not_picked":["Cold Snap","Glacier"],"picked":"Darkness","floor":5},{"not_picked":["Steam","Static Discharge"],"picked":"Electrodynamics","floor":6},{"not_picked":["Beam Cell","Hologram"],"picked":"Reprogram","floor":7},{"not_picked":["Gash","Leap","Ball Lightning"],"picked":"Conserve Battery","floor":11},{"not_picked":["Reprogram","Gash","Streamline"],"picked":"Redo","floor":12},{"not_picked":["Machine Learning","Fission","Rainbow"],"picked":"Amplify","floor":16},{"not_picked":["Barrage","Redo","Beam Cell"],"picked":"Loop+1","floor":18},{"not_picked":["Ball Lightning","Leap+1","Gash"],"picked":"Static Discharge+1","floor":19}],"player_experience":39592,"relics_obtained":[{"floor":6,"key":"Kunai"},{"floor":9,"key":"Question Card"},{"floor":13,"key":"Omamori"},{"floor":17,"key":"Juzu Bracelet"},{"floor":17,"key":"Frozen Egg 2"},{"floor":17,"key":"WingedGreaves"}],"event_choices":[{"damage_healed":0,"gold_gain":75,"player_choice":"Gather Gold","damage_taken":11,"max_hp_gain":0,"max_hp_loss":0,"event_name":"World of Goop","floor":2,"gold_loss":0},{"damage_healed":0,"gold_gain":0,"player_choice":"Take Damage","damage_taken":18,"relics_obtained":["Golden Idol"],"max_hp_gain":0,"max_hp_loss":0,"event_name":"Golden Idol","floor":4,"gold_loss":0},{"damage_healed":0,"gold_gain":0,"player_choice":"Entered Light","damage_taken":15,"max_hp_gain":0,"max_hp_loss":0,"event_name":"Shining Light","floor":8,"gold_loss":0,"cards_upgraded":["Beam Cell","Dualcast"]},{"damage_healed":0,"gold_gain":175,"player_choice":"AGREE","damage_taken":0,"max_hp_gain":0,"max_hp_loss":0,"event_name":"Liars Game","floor":14,"gold_loss":0,"cards_obtained":["Doubt"]},{"damage_healed":0,"gold_gain":0,"player_choice":"Cursed","damage_taken":0,"max_hp_gain":0,"max_hp_loss":0,"event_name":"Wheel of Change","floor":20,"gold_loss":0,"cards_obtained":["Decay"]}],"is_beta":false,"boss_relics":[{"not_picked":["Nuclear Battery","Lizard Tail"],"picked":"Calling Bell"}],"items_purged_floors":[],"is_endless":false,"potions_floor_spawned":[5,12,18,19],"killed_by":"Chosen and Byrds","ascension_level":0}