{"gold_per_floor":[111,131,142,142,25,52,69,69,150,150,177,252,265,279,279,279],"floor_reached":16,"playtime":1423,"items_purged":[],"score":137,"play_id":"25394cdf-4e94-499d-b67d-afe658053dd4","local_time":"20190819215851","is_ascension_mode":false,"campfire_choices":[{"data":"Slice","floor":10,"key":"SMITH"},{"floor":15,"key":"REST"}],"neow_cost":"NONE","seed_source_timestamp":242827032579000,"circlet_count":0,"master_deck":["Strike_G","Strike_G","Strike_G","Strike_G","Strike_G","Defend_G","Defend_G","Defend_G","Defend_G","Defend_G","Survivor","Neutralize","Poisoned Stab","Poisoned Stab","Slice+1","Deflect","Swift Strike","Well Laid Plans+1","Sucker Punch","Die Die Die","Escape Plan","Masterful Stab"],"relics":["Ring of the Snake","Dodecahedron","Frozen Egg 2","Matryoshka","Bottled Lightning"],"potions_floor_usage":[6,7,16,16],"damage_taken":[{"damage":10,"enemies":"Cultist","floor":1,"turns":4},{"damage":3,"enemies":"Jaw Worm","floor":2,"turns":3},{"damage":0,"enemies":"2 Louse","floor":3,"turns":2},{"damage":16,"enemies":"Lagavulin","floor":6,"turns":5},{"damage":1,"enemies":"Looter","floor":7,"turns":4},{"damage":15,"enemies":"Gremlin Nob","floor":11,"turns":4},{"damage":0,"enemies":"Lots of Slimes","floor":13,"turns":2},{"damage":16,"enemies":"Exordium Thugs","floor":14,"turns":5},{"damage":42,"enemies":"Hexaghost","floor":16,"turns":9}],"seed_played":"6233352348665586945","potions_obtained":[{"floor":1,"key":"Fire Potion"},{"floor":7,"key":"Fruit Juice"},{"floor":11,"key":"SkillPotion"},{"floor":13,"key":"Poison Potion"}],"is_trial":false,"path_per_floor":["M","M","M","T","$","E","M","?","T","R","E","?","M","M","R","B"],"character_chosen":"THE_SILENT","items_purchased":["Deflect","Swift Strike"],"campfire_rested":1,"item_purchase_floors":[5,5],"current_hp_per_floor":[67,64,64,64,64,48,52,57,57,57,42,31,31,15,41,0],"gold":279,"neow_bonus":"TEN_PERCENT_HP_BONUS","is_prod":false,"is_daily":false,"chose_seed":false,"campfire_upgraded":1,"win_rate":0.0,"timestamp":1566266331,"path_taken":["M","M","M","?","$","E","M","?","T","R","E","?","M","M","R","BOSS"],"build_version":"2019-07-17","purchased_purges":0,"victory":false,"max_hp_per_floor":[77,77,77,77,77,77,82,87,87,87,87,87,87,87,87,87],"card_choices":[{"not_picked":["Calculated Gamble","Escape Plan"],"picked":"Poisoned Stab","floor":1},{"not_picked":["Slice","Dagger Throw"],"picked":"Poisoned Stab","floor":2},{"not_picked":["Deflect","Riddle With Holes"],"picked":"Slice","floor":3},{"not_picked":["Dodge and Roll","All Out Attack"],"picked":"Well Laid Plans","floor":6},{"not_picked":["Blade Dance","Reflex"],"picked":"Sucker Punch","floor":7},{"not_picked":["Dagger Throw","Quick Slash"],"picked":"Die Die Die","floor":11},{"not_picked":["Reflex","Dodge and Roll"],"picked":"Escape Plan","floor":13},{"not_picked":["Escape Plan","Heel Hook"],"picked":"Masterful Stab","floor":14}],"player_experience":21950,"relics_obtained":[{"floor":4,"key":"Dodecahedron"},{"floor":6,"key":"Frozen Egg 2"},{"floor":9,"key":"Matryoshka"},{"floor":11,"key":"Bottled Lightning"}],"event_choices":[{"damage_healed":0,"gold_gain":0,"player_choice":"Donut","damage_taken":0,"max_hp_gain":5,"max_hp_loss":0,"event_name":"Big Fish","floor":8,"gold_loss":0},{"damage_healed":0,"gold_gain":75,"player_choice":"Gather Gold","damage_taken":11,"max_hp_gain":0,"max_hp_loss":0,"event_name":"World of Goop","floor":12,"gold_loss":0}],"is_beta":false,"boss_relics":[],"items_purged_floors":[],"is_endless":false,"potions_floor_spawned":[1,7,11,13],"killed_by":"Hexaghost","ascension_level":0}