{"gold_per_floor":[117,117,133,145,145,145,180,180,204,217,246,246,256,1,1,100,100,120,35,35,35,50,50,79,79,102,128,128,139,139,53,53,154,154,167,167,167,167],"floor_reached":38,"playtime":2736,"items_purged":[],"score":418,"play_id":"670d0835-a96b-44a9-a796-a83d846bcf06","local_time":"20190822231316","is_ascension_mode":false,"campfire_choices":[{"data":"Infinite Blades","floor":6,"key":"SMITH"},{"data":"Neutralize","floor":8,"key":"SMITH"},{"floor":12,"key":"REST"},{"floor":15,"key":"REST"},{"data":"Finisher","floor":23,"key":"SMITH"},{"floor":25,"key":"REST"},{"data":"Phantasmal Killer","floor":28,"key":"SMITH"},{"data":"Infinite Blades","floor":32,"key":"SMITH"}],"neow_cost":"NONE","seed_source_timestamp":505171237182500,"circlet_count":0,"master_deck":["Strike_G","Strike_G","Strike_G+1","Strike_G","Defend_G","Defend_G","Defend_G","Neutralize+1","Infinite Blades+1","Bane","Well Laid Plans+1","Infinite Blades+1","Endless Agony","Blade Dance","Blade Dance","Poisoned Stab","Blur","Panache","PiercingWail","Bane","Flying Knee","Phantasmal Killer+1","Finisher+1","Backflip","Footwork+1","Poisoned Stab","Dagger Spray+1","Deadly Poison+1","Infinite Blades+1","Quick Slash","Burst","Bane+1"],"relics":["Ring of the Snake","NeowsBlessing","Bronze Scales","Orichalcum","Dream Catcher","Eternal Feather","Happy Flower","MutagenicStrength","Regal Pillow","Lantern","Sundial","Empty Cage"],"potions_floor_usage":[7,10,11,24,24,33,33],"damage_taken":[{"damage":0,"enemies":"2 Louse","floor":1,"turns":1},{"damage":0,"enemies":"Small Slimes","floor":3,"turns":1},{"damage":0,"enemies":"Cultist","floor":4,"turns":1},{"damage":12,"enemies":"Lagavulin","floor":7,"turns":8},{"damage":5,"enemies":"3 Louse","floor":10,"turns":2},{"damage":9,"enemies":"3 Sentries","floor":11,"turns":5},{"damage":1,"enemies":"Blue Slaver","floor":13,"turns":3},{"damage":22,"enemies":"Hexaghost","floor":16,"turns":7},{"damage":15,"enemies":"2 Thieves","floor":18,"turns":4},{"damage":0,"enemies":"3 Byrds","floor":22,"turns":2},{"damage":42,"enemies":"Gremlin Leader","floor":24,"turns":5},{"damage":25,"enemies":"Book of Stabbing","floor":27,"turns":5},{"damage":2,"enemies":"Centurion and Healer","floor":29,"turns":4},{"damage":59,"enemies":"Champ","floor":33,"turns":8},{"damage":19,"enemies":"Orb Walker","floor":35,"turns":4},{"damage":62,"enemies":"Time Eater","floor":38,"turns":4}],"seed_played":"-7259902519813380860","potions_obtained":[{"floor":3,"key":"Dexterity Potion"},{"floor":4,"key":"Explosive Potion"},{"floor":7,"key":"Fire Potion"},{"floor":13,"key":"Swift Potion"},{"floor":16,"key":"Weak Potion"},{"floor":22,"key":"FearPotion"},{"floor":27,"key":"EssenceOfSteel"}],"is_trial":false,"path_per_floor":["M","?","M","M","?","R","E","R","T","M","E","R","M","$","R","B",null,"M","?","?","?","M","R","E","R","T","E","R","M","?","$","R","B",null,"M","?","?","B"],"character_chosen":"THE_SILENT","items_purchased":["Panache","PiercingWail","Bane","Infinite Blades","Quick Slash"],"campfire_rested":3,"item_purchase_floors":[14,14,14,31,31],"current_hp_per_floor":[70,56,56,56,56,56,44,44,44,39,30,51,50,50,70,48,70,55,55,55,42,42,57,15,67,67,42,60,58,58,58,75,16,75,56,56,56,0],"gold":167,"neow_bonus":"THREE_ENEMY_KILL","is_prod":false,"is_daily":false,"chose_seed":false,"campfire_upgraded":5,"win_rate":0,"timestamp":1566529996,"path_taken":["M","?","M","M","?","R","E","R","T","M","E","R","?","$","R","BOSS","M","?","?","?","?","R","E","R","T","E","R","M","?","$","R","BOSS","M","?","?","BOSS"],"build_version":"2019-07-17","purchased_purges":0,"victory":false,"max_hp_per_floor":[70,70,70,70,70,70,70,70,70,70,70,70,70,70,70,70,70,70,70,70,75,75,75,75,75,75,75,75,75,75,75,75,75,75,75,75,75,75],"card_choices":[{"not_picked":["Prepared","Heel Hook"],"picked":"Infinite Blades","floor":1},{"not_picked":["Outmaneuver","Leg Sweep"],"picked":"Bane","floor":3},{"not_picked":["Skewer","Acrobatics"],"picked":"Well Laid Plans","floor":4},{"not_picked":["Skewer","Calculated Gamble"],"picked":"Endless Agony","floor":7},{"not_picked":["PiercingWail","Reflex"],"picked":"Blade Dance","floor":10},{"not_picked":["Night Terror","Slice"],"picked":"Blade Dance","floor":11},{"not_picked":["Terror","Quick Slash"],"picked":"Poisoned Stab","floor":12},{"not_picked":["Blade Dance","Heel Hook"],"picked":"Blur","floor":13},{"not_picked":["Well Laid Plans","Underhanded Strike"],"picked":"Flying Knee","floor":15},{"not_picked":["Die Die Die","Night Terror"],"picked":"Phantasmal Killer","floor":16},{"not_picked":["Flying Knee","Tactician"],"picked":"Finisher","floor":18},{"not_picked":["Deflect+1","Predator"],"picked":"Backflip","floor":22},{"not_picked":["Terror","Sucker Punch+1"],"picked":"Footwork+1","floor":24},{"not_picked":["Sucker Punch","Underhanded Strike+1"],"picked":"Poisoned Stab","floor":25},{"not_picked":["Wraith Form v2","Tactician"],"picked":"Dagger Spray+1","floor":27},{"not_picked":["Bane","Dagger Throw"],"picked":"Deadly Poison+1","floor":29},{"not_picked":["Doppelganger","Phantasmal Killer"],"picked":"Burst","floor":33},{"not_picked":["Crippling Poison+1","Deflect+1"],"picked":"Bane+1","floor":35}],"player_experience":44497,"relics_obtained":[{"floor":7,"key":"Bronze Scales"},{"floor":9,"key":"Orichalcum"},{"floor":11,"key":"Dream Catcher"},{"floor":24,"key":"Regal Pillow"},{"floor":26,"key":"Lantern"},{"floor":27,"key":"Sundial"}],"event_choices":[{"damage_healed":0,"gold_gain":0,"player_choice":"Entered Light","damage_taken":14,"max_hp_gain":0,"max_hp_loss":0,"event_name":"Shining Light","floor":2,"gold_loss":0,"cards_upgraded":["Strike_G","Infinite Blades"]},{"damage_healed":0,"gold_gain":0,"cards_transformed":["Strike_G"],"player_choice":"Transformed","damage_taken":0,"max_hp_gain":0,"max_hp_loss":0,"event_name":"Transmorgrifier","floor":5,"gold_loss":0,"cards_obtained":["Infinite Blades"]},{"damage_healed":0,"gold_gain":0,"player_choice":"Obtained Relic","damage_taken":0,"relics_obtained":["Happy Flower"],"max_hp_gain":0,"max_hp_loss":0,"event_name":"Addict","floor":19,"gold_loss":85},{"damage_healed":0,"gold_gain":0,"player_choice":"Inject Mutagens","damage_taken":0,"relics_obtained":["MutagenicStrength"],"max_hp_gain":0,"max_hp_loss":0,"event_name":"Drug Dealer","floor":20,"gold_loss":0},{"damage_healed":0,"gold_gain":0,"player_choice":"Shed Blood","damage_taken":18,"max_hp_gain":5,"max_hp_loss":0,"event_name":"Forgotten Altar","floor":21,"gold_loss":0},{"damage_healed":0,"gold_gain":0,"player_choice":"Upgraded","damage_taken":0,"max_hp_gain":0,"max_hp_loss":0,"event_name":"Upgrade Shrine","floor":30,"gold_loss":0,"cards_upgraded":["Well Laid Plans"]},{"cards_removed":["Survivor"],"damage_healed":0,"gold_gain":0,"player_choice":"Removed Skill","damage_taken":0,"max_hp_gain":0,"max_hp_loss":0,"event_name":"Falling","floor":36,"gold_loss":0},{"damage_healed":0,"gold_gain":0,"player_choice":"Took Portal","damage_taken":0,"max_hp_gain":0,"max_hp_loss":0,"event_name":"SecretPortal","floor":37,"gold_loss":0}],"is_beta":false,"boss_relics":[{"not_picked":["Snecko Eye","Coffee Dripper"],"picked":"Eternal Feather"},{"not_picked":["Fusion Hammer","Runic Dome"],"picked":"Empty Cage"}],"items_purged_floors":[],"is_endless":false,"potions_floor_spawned":[3,4,7,13,16,22,27],"killed_by":"Time Eater","ascension_level":0}