{"gold_per_floor":[110,121,121,138,138,138,155,80,80,80,98,2,16,16,16,121,121,138,156,156,156],"floor_reached":21,"playtime":1501,"items_purged":["Strike_G"],"score":274,"play_id":"1e23801e-8321-4e40-b748-6f3908acc924","local_time":"20190811154126","is_ascension_mode":true,"campfire_choices":[{"data":"Neutralize","floor":6,"key":"SMITH"},{"data":"Noxious Fumes","floor":10,"key":"SMITH"},{"floor":15,"key":"REST"}],"neow_cost":"NONE","seed_source_timestamp":744778776525400,"circlet_count":0,"master_deck":["AscendersBane","Strike_G","Strike_G","Defend_G","Defend_G","Defend_G","Defend_G","Defend_G","Survivor","Neutralize+1","Burst","Noxious Fumes+1","Deadly Poison","Backflip","Noxious Fumes","Deadly Poison","Die Die Die","Backstab"],"relics":["Ring of the Snake","Regal Pillow","Runic Pyramid"],"potions_floor_usage":[21],"damage_taken":[{"damage":0,"enemies":"Small Slimes","floor":1,"turns":6},{"damage":0,"enemies":"Cultist","floor":2,"turns":5},{"damage":2,"enemies":"2 Louse","floor":4,"turns":4},{"damage":5,"enemies":"Exordium Wildlife","floor":7,"turns":6},{"damage":0,"enemies":"Large Slime","floor":11,"turns":8},{"damage":17,"enemies":"Lots of Slimes","floor":13,"turns":4},{"damage":37,"enemies":"The Guardian","floor":16,"turns":11},{"damage":6,"enemies":"Shell Parasite","floor":18,"turns":7},{"damage":21,"enemies":"Chosen","floor":19,"turns":6},{"damage":69,"enemies":"Masked Bandits","floor":21,"turns":5}],"seed_played":"6952507548502946932","potions_obtained":[{"floor":4,"key":"FearPotion"}],"is_trial":false,"path_per_floor":["M","M","?","M","?","R","M","$","T","R","M","$","M","$","R","B",null,"M","M","?","?"],"character_chosen":"THE_SILENT","items_purchased":["Noxious Fumes","Deadly Poison"],"campfire_rested":1,"item_purchase_floors":[12,12],"current_hp_per_floor":[63,63,63,61,61,61,56,56,56,56,56,56,39,39,70,33,61,55,34,57,0],"gold":156,"neow_bonus":"ONE_RANDOM_RARE_CARD","is_prod":false,"is_daily":false,"chose_seed":false,"campfire_upgraded":2,"win_rate":0,"timestamp":1565556086,"path_taken":["M","M","?","M","?","R","?","?","T","R","M","?","M","$","R","BOSS","M","M","?","?"],"build_version":"2019-07-17","purchased_purges":1,"victory":false,"max_hp_per_floor":[70,70,70,70,70,70,70,70,70,70,70,70,70,70,70,70,70,70,70,70,70],"card_choices":[{"not_picked":["Quick Slash","Backstab"],"picked":"Noxious Fumes","floor":1},{"not_picked":["Finisher","Flying Knee","Riddle With Holes"],"picked":"SKIP","floor":2},{"not_picked":["Quick Slash","Flying Knee"],"picked":"Deadly Poison","floor":4},{"not_picked":["Dodge and Roll","Concentrate","Flechettes"],"picked":"SKIP","floor":7},{"not_picked":["Deadly Poison","Bane"],"picked":"Backflip","floor":11},{"not_picked":["Envenom","Well Laid Plans","Sucker Punch"],"picked":"SKIP","floor":13},{"not_picked":["A Thousand Cuts","Phantasmal Killer"],"picked":"Die Die Die","floor":16},{"not_picked":["Outmaneuver","Deflect+1"],"picked":"Backstab","floor":18},{"not_picked":["Eviscerate","PiercingWail+1","Dodge and Roll"],"picked":"SKIP","floor":19}],"player_experience":2812165,"relics_obtained":[{"floor":9,"key":"Regal Pillow"}],"event_choices":[{"cards_removed":["Strike_G"],"damage_healed":0,"gold_gain":0,"player_choice":"Forget","damage_taken":0,"max_hp_gain":0,"max_hp_loss":0,"event_name":"Living Wall","floor":3,"gold_loss":0},{"cards_removed":["Strike_G"],"damage_healed":0,"gold_gain":0,"player_choice":"Purged","damage_taken":0,"max_hp_gain":0,"max_hp_loss":0,"event_name":"Purifier","floor":5,"gold_loss":0},{"damage_healed":23,"gold_gain":0,"player_choice":"Heal","damage_taken":0,"max_hp_gain":0,"max_hp_loss":0,"event_name":"The Library","floor":20,"gold_loss":0},{"damage_healed":0,"gold_gain":0,"player_choice":"Fought Bandits","damage_taken":0,"max_hp_gain":0,"max_hp_loss":0,"event_name":"Masked Bandits","floor":21,"gold_loss":0}],"is_beta":false,"boss_relics":[{"not_picked":["Ectoplasm","Velvet Choker"],"picked":"Runic Pyramid"}],"items_purged_floors":[8],"is_endless":false,"potions_floor_spawned":[4],"killed_by":"Masked Bandits","ascension_level":12}