{"gold_per_floor":[110,110,110,126,141,141,153,153,176,176,193,211,227,182,182,285,285,296,315,390,390],"floor_reached":21,"playtime":1352,"items_purged":[],"score":357,"play_id":"ff4952a5-3a65-4b61-bf76-dd3a734f045e","local_time":"20190807071017","is_ascension_mode":true,"campfire_choices":[{"data":"After Image","floor":6,"key":"SMITH"},{"data":"Backflip","floor":10,"key":"SMITH"},{"floor":15,"key":"REST"}],"neow_cost":"NONE","seed_source_timestamp":0,"circlet_count":0,"master_deck":["AscendersBane","Strike_G","Strike_G","Defend_G","Defend_G","Defend_G","Defend_G","Defend_G","Survivor","Neutralize","Backflip+1","After Image+1","Leg Sweep+1","Neutralize","Caltrops","Backflip","Deadly Poison"],"special_seed":0,"relics":["Ring of the Snake","Pen Nib","Orichalcum","Empty Cage"],"potions_floor_usage":[16,16],"damage_taken":[{"damage":0.0,"enemies":"2 Louse","floor":1.0,"turns":5.0},{"damage":0.0,"enemies":"Cultist","floor":4.0,"turns":6.0},{"damage":0,"enemies":"Jaw Worm","floor":5,"turns":7},{"damage":5,"enemies":"Gremlin Gang","floor":7,"turns":9},{"damage":0,"enemies":"Blue Slaver","floor":11,"turns":5},{"damage":16,"enemies":"Lots of Slimes","floor":12,"turns":7},{"damage":0,"enemies":"Exordium Wildlife","floor":13,"turns":6},{"damage":0,"enemies":"Looter","floor":14,"turns":5},{"damage":0,"enemies":"The Guardian","floor":16,"turns":12},{"damage":0,"enemies":"Chosen","floor":18,"turns":10},{"damage":8,"enemies":"3 Byrds","floor":19,"turns":3},{"damage":52,"enemies":"Cultist and Chosen","floor":21,"turns":8}],"seed_played":"-893111265145915592","potions_obtained":[{"floor":4.0,"key":"GhostInAJar"},{"floor":7,"key":"Fire Potion"},{"floor":12,"key":"LiquidBronze"},{"floor":18,"key":"Explosive Potion"}],"is_trial":false,"path_per_floor":["M","?","?","M","M","R","M","?","T","R","M","M","M","M","R","B",null,"M","M","?","M"],"character_chosen":"THE_SILENT","items_purchased":[],"campfire_rested":1,"item_purchase_floors":[],"current_hp_per_floor":[63,56,56,56,56,56,51,51,51,51,51,35,35,35,56,56,67,67,59,52,0],"gold":390,"neow_bonus":"RANDOM_COMMON_RELIC","is_prod":false,"is_daily":false,"chose_seed":false,"campfire_upgraded":2,"win_rate":0,"timestamp":1565179817,"path_taken":["M","?","?","M","?","R","M","?","T","R","M","M","M","M","R","BOSS","M","?","?","?"],"build_version":"2019-07-17","purchased_purges":0,"victory":false,"max_hp_per_floor":[70,70,70,70,70,70,70,70,70,70,70,70,70,70,70,70,70,70,70,70,70],"card_choices":[{"not_picked":["Cloak And Dagger","Accuracy"],"picked":"Backflip","floor":1.0},{"not_picked":["Bane","Endless Agony"],"picked":"Caltrops","floor":4.0},{"not_picked":["Bane","Deflect","Cloak And Dagger"],"picked":"SKIP","floor":5},{"not_picked":["Distraction","Eviscerate","Predator"],"picked":"SKIP","floor":7},{"not_picked":["Outmaneuver","Setup"],"picked":"Backflip","floor":11},{"not_picked":["PiercingWail","Infinite Blades","Deflect"],"picked":"SKIP","floor":12},{"not_picked":["Terror","Dagger Throw"],"picked":"Deadly Poison","floor":13},{"not_picked":["Outmaneuver","Deflect","Wraith Form v2"],"picked":"SKIP","floor":14},{"not_picked":["Masterful Stab","Terror","Poisoned Stab"],"picked":"SKIP","floor":18},{"not_picked":["Deflect","Quick Slash","Outmaneuver"],"picked":"SKIP","floor":19}],"player_experience":2715874,"relics_obtained":[{"floor":9,"key":"Orichalcum"}],"event_choices":[{"cards_removed":["Strike_G"],"damage_healed":0.0,"max_hp_gain":0.0,"max_hp_loss":0.0,"gold_gain":0.0,"event_name":"Golden Wing","player_choice":"Card Removal","floor":2.0,"gold_loss":0.0,"damage_taken":7.0},{"damage_healed":0.0,"max_hp_gain":0.0,"max_hp_loss":0.0,"gold_gain":0.0,"event_name":"Match and Keep!","player_choice":"3 cards matched","floor":3.0,"gold_loss":0.0,"damage_taken":0.0,"cards_obtained":["After Image","Leg Sweep","Neutralize"]},{"damage_healed":0,"gold_gain":0,"player_choice":"Upgraded","damage_taken":0,"max_hp_gain":0,"max_hp_loss":0,"event_name":"Upgrade Shrine","floor":8,"gold_loss":0,"cards_upgraded":["Leg Sweep"]},{"damage_healed":0,"gold_gain":75,"player_choice":"Touch","damage_taken":7,"max_hp_gain":0,"max_hp_loss":0,"event_name":"FaceTrader","floor":20,"gold_loss":0}],"is_beta":false,"boss_relics":[{"not_picked":["WristBlade","Velvet Choker"],"picked":"Empty Cage"}],"items_purged_floors":[],"is_endless":false,"potions_floor_spawned":[4,7,12,13,18],"killed_by":"Cultist and Chosen","ascension_level":12}