{"gold_per_floor":[116,116,129,129,304,304,323,335,335,335,352,381,401,416,416,416],"floor_reached":16,"playtime":1031,"items_purged":[],"score":166,"play_id":"dbadf84f-0b8d-499d-a230-98c163a9e395","local_time":"20190824131509","is_ascension_mode":true,"campfire_choices":[{"floor":6,"key":"REST"},{"floor":10,"key":"REST"},{"floor":15,"key":"REST"}],"neow_cost":"CURSE","seed_source_timestamp":904999728122600,"circlet_count":0,"master_deck":["AscendersBane","Strike_B","Strike_B","Strike_B","Strike_B","Defend_B","Defend_B+1","Defend_B","Defend_B","Zap","Dualcast+1","Conserve Battery","Doubt","Self Repair","FTL","Loop","Seek","BootSequence"],"relics":["Cracked Core","Nunchaku","Dodecahedron","Centennial Puzzle","War Paint"],"potions_floor_usage":[16],"damage_taken":[{"damage":14,"enemies":"Small Slimes","floor":1,"turns":5},{"damage":6,"enemies":"Cultist","floor":3,"turns":5},{"damage":7,"enemies":"2 Louse","floor":7,"turns":3},{"damage":13,"enemies":"Exordium Wildlife","floor":8,"turns":8},{"damage":20,"enemies":"Large Slime","floor":11,"turns":7},{"damage":50,"enemies":"3 Sentries","floor":12,"turns":9},{"damage":4,"enemies":"Looter","floor":13,"turns":5},{"damage":6,"enemies":"Blue Slaver","floor":14,"turns":4},{"damage":48,"enemies":"The Guardian","floor":16,"turns":11}],"seed_played":"2526267751543491063","potions_obtained":[{"floor":3,"key":"Ancient Potion"},{"floor":13,"key":"SpeedPotion"}],"is_trial":false,"path_per_floor":["M","?","M","T","?","R","M","M","T","R","M","E","M","M","R","B"],"character_chosen":"DEFECT","items_purchased":[],"campfire_rested":3,"item_purchase_floors":[],"current_hp_per_floor":[54,54,48,48,48,70,63,57,57,75,62,19,22,23,45,0],"gold":416,"neow_bonus":"ONE_RARE_RELIC","is_prod":false,"is_daily":false,"chose_seed":false,"campfire_upgraded":0,"win_rate":0,"timestamp":1566670509,"path_taken":["M","?","?","?","?","R","M","M","T","R","M","E","M","M","R","BOSS"],"build_version":"2019-07-17","purchased_purges":0,"victory":false,"max_hp_per_floor":[75,75,75,75,75,75,75,75,75,75,75,75,75,75,75,75],"card_choices":[{"not_picked":["Chaos","Leap","Lockon"],"picked":"SKIP","floor":1},{"not_picked":["Ball Lightning","Double Energy"],"picked":"Conserve Battery","floor":3},{"not_picked":["Lockon","Stack"],"picked":"Self Repair","floor":7},{"not_picked":["Beam Cell","Darkness"],"picked":"FTL","floor":8},{"not_picked":["Barrage","Turbo","Ball Lightning"],"picked":"SKIP","floor":11},{"not_picked":["Redo","Aggregate"],"picked":"Loop","floor":12},{"not_picked":["Barrage","Leap"],"picked":"Seek","floor":13},{"not_picked":["Undo","Storm"],"picked":"BootSequence","floor":14}],"player_experience":2897210,"relics_obtained":[{"floor":4,"key":"Dodecahedron"},{"floor":9,"key":"Centennial Puzzle"},{"floor":12,"key":"War Paint"}],"event_choices":[{"cards_removed":["Doubt"],"damage_healed":0,"gold_gain":0,"player_choice":"Removed Curses","damage_taken":0,"max_hp_gain":0,"max_hp_loss":0,"event_name":"Fountain of Cleansing","floor":2,"gold_loss":0},{"damage_healed":0,"gold_gain":175,"player_choice":"AGREE","damage_taken":0,"max_hp_gain":0,"max_hp_loss":0,"event_name":"Liars Game","floor":5,"gold_loss":0,"cards_obtained":["Doubt"]}],"is_beta":false,"boss_relics":[],"items_purged_floors":[],"is_endless":false,"potions_floor_spawned":[3,13,14],"killed_by":"The Guardian","ascension_level":12}