{"gold_per_floor":[13,31,31,51,61,61,81,81,81,81,6,6,24,24,24,125,125,145,145],"floor_reached":19,"playtime":752,"items_purged":["Dualcast"],"score":254,"play_id":"29b381f0-5e6c-4a47-8ec2-0c8fbfe00165","local_time":"20190828204220","is_ascension_mode":true,"campfire_choices":[{"floor":6,"key":"REST"},{"floor":8,"key":"REST"},{"floor":10,"key":"REST"},{"data":"Zap","floor":15,"key":"SMITH"}],"neow_cost":"NO_GOLD","seed_source_timestamp":1277712342098600,"circlet_count":0,"master_deck":["AscendersBane","Strike_B","Strike_B","Strike_B","Strike_B","Defend_B","Defend_B","Defend_B","Defend_B","Zap+1","Secret Technique","Gash","Chill","Core Surge"],"relics":["Cracked Core","Mercury Hourglass","Frozen Egg 2","Cursed Key"],"potions_floor_usage":[16,16,19],"damage_taken":[{"damage":18,"enemies":"Jaw Worm","floor":1,"turns":4},{"damage":10,"enemies":"Cultist","floor":2,"turns":4},{"damage":13,"enemies":"2 Louse","floor":4,"turns":2},{"damage":18,"enemies":"Exordium Wildlife","floor":5,"turns":5},{"damage":3,"enemies":"Blue Slaver","floor":7,"turns":3},{"damage":4,"enemies":"2 Fungi Beasts","floor":13,"turns":3},{"damage":41,"enemies":"The Guardian","floor":16,"turns":12},{"damage":23,"enemies":"Shell Parasite","floor":18,"turns":6},{"damage":46,"enemies":"Masked Bandits","floor":19,"turns":3}],"seed_played":"3764369835408200306","potions_obtained":[{"floor":5,"key":"FocusPotion"},{"floor":7,"key":"FearPotion"},{"floor":13,"key":"EssenceOfSteel"},{"floor":18,"key":"Ancient Potion"}],"is_trial":false,"path_per_floor":["M","M","?","M","M","R","M","R","T","R","$","?","M","$","R","B",null,"M","?"],"character_chosen":"DEFECT","items_purchased":[],"campfire_rested":3,"item_purchase_floors":[],"current_hp_per_floor":[50,40,40,27,9,31,28,50,50,72,72,77,73,73,73,32,68,45,0],"gold":145,"neow_bonus":"RANDOM_COLORLESS_2","is_prod":false,"is_daily":false,"chose_seed":false,"campfire_upgraded":1,"win_rate":0,"timestamp":1567042940,"path_taken":["M","M","?","M","?","R","M","R","T","R","?","?","M","?","R","BOSS","M","?"],"build_version":"2019-07-17","purchased_purges":1,"victory":false,"max_hp_per_floor":[75,75,75,75,75,75,75,75,75,75,75,80,80,80,80,80,80,80,80],"card_choices":[{"not_picked":["Rebound","Cold Snap"],"picked":"Gash","floor":1},{"not_picked":["Scrape","Stack","Leap"],"picked":"SKIP","floor":2},{"not_picked":["Rebound","Fusion","Amplify"],"picked":"SKIP","floor":4},{"not_picked":["Blizzard","Coolheaded"],"picked":"Chill","floor":5},{"not_picked":["Melter","Doom and Gloom","Chaos"],"picked":"SKIP","floor":7},{"not_picked":["Ball Lightning","Redo","Beam Cell"],"picked":"SKIP","floor":13},{"not_picked":["Multi-Cast","Hyperbeam"],"picked":"Core Surge","floor":16},{"not_picked":["Leap","Coolheaded","Undo"],"picked":"SKIP","floor":18}],"player_experience":2923921,"relics_obtained":[{"floor":9,"key":"Frozen Egg 2"}],"event_choices":[{"cards_removed":["Purity"],"damage_healed":0,"gold_gain":0,"player_choice":"Gave Card","damage_taken":0,"relics_obtained":["Mercury Hourglass"],"max_hp_gain":0,"max_hp_loss":0,"event_name":"WeMeetAgain","floor":3,"gold_loss":0},{"damage_healed":0,"gold_gain":0,"player_choice":"Donut","damage_taken":0,"max_hp_gain":5,"max_hp_loss":0,"event_name":"Big Fish","floor":12,"gold_loss":0},{"damage_healed":0,"gold_gain":0,"player_choice":"Fought Bandits","damage_taken":0,"max_hp_gain":0,"max_hp_loss":0,"event_name":"Masked Bandits","floor":19,"gold_loss":0}],"is_beta":false,"boss_relics":[{"not_picked":["Snecko Eye","Runic Pyramid"],"picked":"Cursed Key"}],"items_purged_floors":[11],"is_endless":false,"potions_floor_spawned":[5,7,13,18],"killed_by":"Masked Bandits","ascension_level":12}