{"gold_per_floor":[114,189,204,215,231,231,231,231,231,86,102,102,120,133,133,231,231,243,243,223,148,48,48,59,59,84,104,119,119,48,48,48,48],"floor_reached":33,"playtime":29546,"items_purged":["Dualcast","Strike_B"],"score":348,"play_id":"64f29e7f-6f81-4569-beb2-de7e2df4e6f8","local_time":"20190303000635","is_ascension_mode":true,"campfire_choices":[{"floor":6,"key":"REST"},{"floor":8,"key":"DIG"},{"floor":15,"key":"REST"},{"floor":23,"key":"REST"},{"floor":25,"key":"DIG"},{"floor":29,"key":"REST"},{"floor":32,"key":"DIG"}],"neow_cost":"CURSE","seed_source_timestamp":1533175935529342,"circlet_count":0,"master_deck":["Strike_B","Strike_B","Defend_B+1","Defend_B","Defend_B","Defend_B","Zap","Defragment","BootSequence+1","Cold Snap","Loop","Seek","Self Repair","Streamline+1","Core Surge+1","FTL","Reinforced Body","Decay","Conserve Battery","Conserve Battery+1","Self Repair"],"relics":["Cracked Core","Shovel","Vajra","Darkstone Periapt","Cursed Key","Nloth\u0027s Gift","StoneCalendar","War Paint","Pear","Bottled Tornado"],"potions_floor_usage":[16,16,16,33,33],"damage_taken":[{"damage":3,"enemies":"Small Slimes","floor":1,"turns":4},{"damage":1,"enemies":"Cultist","floor":3,"turns":4},{"damage":7,"enemies":"Jaw Worm","floor":4,"turns":3},{"damage":11,"enemies":"Exordium Thugs","floor":5,"turns":5},{"damage":7,"enemies":"Looter","floor":11,"turns":4},{"damage":8,"enemies":"2 Fungi Beasts","floor":13,"turns":4},{"damage":29,"enemies":"Gremlin Gang","floor":14,"turns":7},{"damage":14,"enemies":"Slime Boss","floor":16,"turns":9},{"damage":7,"enemies":"Shell Parasite","floor":18,"turns":6},{"damage":20,"enemies":"2 Thieves","floor":20,"turns":4},{"damage":11,"enemies":"3 Cultists","floor":24,"turns":5},{"damage":16,"enemies":"Snake Plant","floor":27,"turns":4},{"damage":21,"enemies":"Sentry and Sphere","floor":28,"turns":7},{"damage":92,"enemies":"Automaton","floor":33,"turns":12}],"seed_played":"-546389214582408448","potions_obtained":[{"floor":1,"key":"Poison Potion"},{"floor":3,"key":"Block Potion"},{"floor":5,"key":"FocusPotion"},{"floor":18,"key":"SpeedPotion"},{"floor":20,"key":"AttackPotion"}],"is_trial":false,"path_per_floor":["M","?","M","M","M","R","T","R","T","$","M","?","M","M","R","B",null,"M","?","M","?","$","R","M","R","T","M","M","R","$","?","R","B"],"character_chosen":"DEFECT","items_purchased":["Loop","Self Repair"],"campfire_rested":4,"item_purchase_floors":[10,30],"current_hp_per_floor":[65,58,57,50,39,61,61,61,61,61,54,54,46,24,46,39,66,66,66,53,53,53,75,71,71,77,68,54,78,78,88,88,0],"gold":48,"neow_bonus":"ONE_RARE_RELIC","is_prod":false,"is_daily":false,"chose_seed":false,"campfire_upgraded":0,"win_rate":0,"timestamp":1551593195,"path_taken":["M","?","?","M","M","R","?","R","T","$","M","?","?","M","R","BOSS","M","?","?","?","$","R","M","R","T","M","M","R","$","?","R","BOSS"],"build_version":"2019-01-23","purchased_purges":2,"victory":false,"max_hp_per_floor":[75,75,75,75,75,75,75,75,75,75,75,75,75,75,75,75,75,75,75,75,75,75,75,75,75,81,81,81,81,81,91,91,91],"card_choices":[{"not_picked":["Fusion","Beam Cell"],"picked":"Defragment","floor":1},{"not_picked":["Aggregate","Static Discharge","Consume"],"picked":"SKIP","floor":3},{"not_picked":["Reprogram","Stack"],"picked":"BootSequence","floor":4},{"not_picked":["Rebound","Aggregate"],"picked":"Cold Snap","floor":5},{"not_picked":["Hologram","Sweeping Beam+1"],"picked":"Seek","floor":11},{"not_picked":["Skim","White Noise"],"picked":"Self Repair","floor":13},{"not_picked":["Genetic Algorithm","Heatsinks"],"picked":"Streamline+1","floor":14},{"not_picked":["Reboot","Hyperbeam+1"],"picked":"Core Surge+1","floor":16},{"not_picked":["Steam","Stack","Rebound+1"],"picked":"SKIP","floor":18},{"not_picked":["Coolheaded","All For One"],"picked":"FTL","floor":20},{"not_picked":["Ball Lightning","Hologram"],"picked":"Reinforced Body","floor":24},{"not_picked":["Turbo+1","Streamline"],"picked":"Conserve Battery","floor":27},{"not_picked":["Compile Driver+1","Beam Cell"],"picked":"Conserve Battery+1","floor":28}],"player_experience":1546642,"relics_obtained":[{"floor":7,"key":"Vajra"},{"floor":8,"key":"Darkstone Periapt"},{"floor":9,"key":"Molten Egg 2"},{"floor":25,"key":"StoneCalendar"},{"floor":26,"key":"War Paint"},{"floor":32,"key":"Bottled Tornado"}],"event_choices":[{"damage_healed":0,"gold_gain":75,"player_choice":"Touch","damage_taken":7,"max_hp_gain":0,"max_hp_loss":0,"event_name":"FaceTrader","floor":2,"gold_loss":0},{"cards_removed":["Writhe"],"damage_healed":0,"gold_gain":0,"player_choice":"Purged","damage_taken":0,"max_hp_gain":0,"max_hp_loss":0,"event_name":"Purifier","floor":12,"gold_loss":0},{"damage_healed":0,"gold_gain":0,"player_choice":"Traded Relic","damage_taken":0,"relics_obtained":["Nloth\u0027s Gift"],"max_hp_gain":0,"max_hp_loss":0,"event_name":"N\u0027loth","floor":19,"relics_lost":["Molten Egg 2"],"gold_loss":0},{"cards_removed":["Strike_B"],"damage_healed":0,"gold_gain":0,"player_choice":"Gave Gold","damage_taken":0,"max_hp_gain":0,"max_hp_loss":0,"event_name":"Beggar","floor":21,"gold_loss":75},{"damage_healed":0,"gold_gain":0,"player_choice":"Opened","damage_taken":0,"relics_obtained":["Pear"],"max_hp_gain":0,"max_hp_loss":0,"event_name":"The Mausoleum","floor":31,"gold_loss":0}],"is_beta":false,"boss_relics":[{"not_picked":["Empty Cage","Pandora\u0027s Box"],"picked":"Cursed Key"}],"items_purged_floors":[10,22],"is_endless":false,"potions_floor_spawned":[1,3,5,13,18,20],"killed_by":"Automaton","ascension_level":7}