{"gold_per_floor":[118,131,131,143,28,28,38,99,99,174,186,186,29,47,47,149,149,131,91,107,119,129,129,139,139,163,163,181,198,198,98,98,196,196,206,225,225,100,200,200],"floor_reached":40,"playtime":3521,"items_purged":["Strike_G","Strike_G","Defend_G"],"score":399,"play_id":"40646695-42f4-40f0-a6dd-0a45017a5356","local_time":"20190822193016","is_ascension_mode":true,"campfire_choices":[{"data":"Crippling Poison","floor":6,"key":"SMITH"},{"floor":12,"key":"REST"},{"data":"Forethought","floor":15,"key":"SMITH"},{"data":"Footwork","floor":23,"key":"SMITH"},{"floor":25,"key":"REST"},{"floor":30,"key":"REST"},{"data":"Well Laid Plans","floor":32,"key":"SMITH"}],"neow_cost":"NONE","seed_source_timestamp":27860103561892,"circlet_count":0,"master_deck":["Strike_G+1","Defend_G","Defend_G","Defend_G","Defend_G+1","Survivor","Neutralize","Forethought+1","Dagger Spray","Crippling Poison+1","Acrobatics","Dagger Throw","Footwork+1","Backflip","Cloak And Dagger","Dodge and Roll","Well Laid Plans+1","Flying Knee","Blade Dance+1","Flechettes+1","Underhanded Strike","Burst","Noxious Fumes+1"],"relics":["Ring of the Snake","Pantograph","Gremlin Horn","Oddly Smooth Stone","Philosopher\u0027s Stone","PreservedInsect","Pen Nib","Black Star","Ginger"],"potions_floor_usage":[16,16,28,33,36,40,40],"damage_taken":[{"damage":2,"enemies":"Cultist","floor":1,"turns":5},{"damage":3,"enemies":"2 Louse","floor":2,"turns":2},{"damage":0,"enemies":"Small Slimes","floor":4,"turns":3},{"damage":0,"enemies":"Blue Slaver","floor":7,"turns":5},{"damage":21,"enemies":"3 Sentries","floor":8,"turns":10},{"damage":7,"enemies":"Exordium Wildlife","floor":11,"turns":3},{"damage":0,"enemies":"Red Slaver","floor":14,"turns":6},{"damage":67,"enemies":"Slime Boss","floor":16,"turns":23},{"damage":7,"enemies":"2 Thieves","floor":18,"turns":4},{"damage":0,"enemies":"Shell Parasite","floor":20,"turns":8},{"damage":16,"enemies":"Sentry and Sphere","floor":21,"turns":14},{"damage":1,"enemies":"Snake Plant","floor":22,"turns":7},{"damage":14,"enemies":"Centurion and Healer","floor":24,"turns":8},{"damage":22,"enemies":"Cultist and Chosen","floor":28,"turns":7},{"damage":8,"enemies":"Snake Plant","floor":29,"turns":6},{"damage":33,"enemies":"Automaton","floor":33,"turns":16},{"damage":23,"enemies":"3 Darklings","floor":35,"turns":6},{"damage":11,"enemies":"Orb Walker","floor":36,"turns":5},{"damage":7,"enemies":"Mind Bloom Boss Battle","floor":39,"turns":9},{"damage":57,"enemies":"Nemesis","floor":40,"turns":8}],"seed_played":"6587910220346376950","potions_obtained":[{"floor":1,"key":"SteroidPotion"},{"floor":7,"key":"Energy Potion"},{"floor":24,"key":"EssenceOfSteel"},{"floor":28,"key":"GamblersBrew"},{"floor":29,"key":"SpeedPotion"},{"floor":33,"key":"PowerPotion"},{"floor":35,"key":"Strength Potion"}],"is_trial":false,"path_per_floor":["M","M","?","M","$","R","M","?","T","?","M","R","$","M","R","B",null,"M","?","M","M","M","R","M","R","T","T","M","M","R","$","R","B",null,"M","M","?","$","?","E"],"character_chosen":"THE_SILENT","items_purchased":["Footwork","Oddly Smooth Stone"],"campfire_rested":3,"item_purchase_floors":[5,13],"current_hp_per_floor":[68,65,65,65,65,65,65,44,44,33,26,47,47,47,47,3,70,63,63,63,47,46,46,32,53,53,53,31,23,44,44,44,36,70,47,36,36,36,54,0],"gold":200,"neow_bonus":"RANDOM_COLORLESS","is_prod":false,"is_daily":false,"chose_seed":false,"campfire_upgraded":4,"win_rate":0,"timestamp":1566516616,"path_taken":["M","?","?","?","?","R","M","?","T","?","M","R","$","M","R","BOSS","M","?","?","M","M","R","?","R","T","?","M","M","R","$","R","BOSS","M","M","?","$","?","E"],"build_version":"2019-07-17","purchased_purges":3,"victory":false,"max_hp_per_floor":[70,70,70,70,70,70,70,70,70,70,70,70,70,70,70,70,70,70,70,70,70,70,70,70,70,70,70,70,70,70,70,70,70,70,70,70,70,70,70,70],"card_choices":[{"not_picked":["Backflip","Outmaneuver"],"picked":"Dagger Spray","floor":1},{"not_picked":["Prepared","Backstab"],"picked":"Crippling Poison","floor":2},{"not_picked":["Skewer","Sucker Punch"],"picked":"Dagger Throw","floor":4},{"not_picked":["Underhanded Strike","Deflect"],"picked":"Backflip","floor":7},{"not_picked":["Bane","Dagger Spray"],"picked":"Cloak And Dagger","floor":8},{"not_picked":["Backflip","Acrobatics"],"picked":"Dodge and Roll","floor":11},{"not_picked":["Dagger Spray","PiercingWail","Dodge and Roll"],"picked":"SKIP","floor":14},{"not_picked":["Dodge and Roll","Underhanded Strike","Deflect"],"picked":"SKIP","floor":18},{"not_picked":["Slice+1","Backflip"],"picked":"Well Laid Plans","floor":20},{"not_picked":["Backflip+1","Cloak And Dagger"],"picked":"Flying Knee","floor":21},{"not_picked":["Outmaneuver","Poisoned Stab"],"picked":"Blade Dance+1","floor":22},{"not_picked":["Calculated Gamble+1","Outmaneuver","Masterful Stab"],"picked":"SKIP","floor":24},{"not_picked":["Quick Slash+1","Corpse Explosion"],"picked":"Flechettes+1","floor":28},{"not_picked":["Backflip","Bane"],"picked":"Underhanded Strike","floor":29},{"not_picked":["Adrenaline","Envenom"],"picked":"Burst","floor":33},{"not_picked":["Sucker Punch+1","Blur+1"],"picked":"Noxious Fumes+1","floor":35},{"not_picked":["Tactician","Dodge and Roll","Outmaneuver"],"picked":"SKIP","floor":36}],"player_experience":157702,"relics_obtained":[{"floor":8,"key":"Pantograph"},{"floor":9,"key":"Gremlin Horn"},{"floor":26,"key":"PreservedInsect"},{"floor":27,"key":"Pen Nib"},{"floor":39,"key":"Ginger"}],"event_choices":[{"damage_healed":0,"gold_gain":0,"cards_transformed":["Strike_G"],"player_choice":"Transformed","damage_taken":0,"max_hp_gain":0,"max_hp_loss":0,"event_name":"Transmorgrifier","floor":3,"gold_loss":0,"cards_obtained":["Acrobatics"]},{"damage_healed":0,"gold_gain":0,"player_choice":"Searched \u00272\u0027 times","damage_taken":0,"max_hp_gain":0,"max_hp_loss":0,"event_name":"Dead Adventurer","floor":8,"gold_loss":0},{"damage_healed":0,"gold_gain":75,"player_choice":"Gather Gold","damage_taken":11,"max_hp_gain":0,"max_hp_loss":0,"event_name":"World of Goop","floor":10,"gold_loss":0},{"damage_healed":0,"gold_gain":0,"player_choice":"Upgraded Two","damage_taken":0,"max_hp_gain":0,"max_hp_loss":0,"event_name":"Designer","floor":19,"gold_loss":40,"cards_upgraded":["Strike_G","Defend_G"]},{"cards_removed":["Strike_G"],"damage_healed":0,"gold_gain":0,"player_choice":"Removed Attack","damage_taken":0,"max_hp_gain":0,"max_hp_loss":0,"event_name":"Falling","floor":37,"gold_loss":0},{"damage_healed":0,"gold_gain":0,"player_choice":"Fight","damage_taken":0,"max_hp_gain":0,"max_hp_loss":0,"event_name":"MindBloom","floor":39,"gold_loss":0}],"is_beta":false,"boss_relics":[{"not_picked":["Empty Cage","Runic Dome"],"picked":"Philosopher\u0027s Stone"},{"not_picked":["HoveringKite","Orrery"],"picked":"Black Star"}],"items_purged_floors":[5,31,38],"is_endless":false,"potions_floor_spawned":[1,7,24,28,29,33,35],"killed_by":"Nemesis","ascension_level":1}