{"gold_per_floor":[109,109,109,129,129,129,129,129,154,154,197,297,62,75,75,75],"floor_reached":16,"playtime":444,"items_purged":["Strike_G"],"score":151,"play_id":"3d277707-7f13-4118-8b6b-891660614a52","local_time":"20190209092439","is_ascension_mode":true,"campfire_choices":[{"floor":6,"key":"REST"},{"data":"Malaise","floor":8,"key":"SMITH"},{"data":"Deadly Poison","floor":10,"key":"SMITH"},{"data":"Crippling Poison","floor":15,"key":"SMITH"}],"neow_cost":"NONE","seed_source_timestamp":2610171293394544,"circlet_count":0,"master_deck":["Defend_G","Defend_G","Defend_G","Defend_G","Defend_G","Strike_G","Strike_G","Strike_G","Survivor","Neutralize","Deadly Poison+1","Malaise+1","Well Laid Plans","Cloak And Dagger","Crippling Poison+1"],"relics":["Ring of the Snake","NeowsBlessing","Bag of Marbles","Golden Idol","Blood Vial","Pen Nib"],"potions_floor_usage":[16],"damage_taken":[{"damage":0,"enemies":"2 Louse","floor":1,"turns":1},{"damage":0,"enemies":"Small Slimes","floor":4,"turns":1},{"damage":0,"enemies":"Lagavulin","floor":11,"turns":1},{"damage":1,"enemies":"Cultist","floor":14,"turns":4},{"damage":63,"enemies":"Slime Boss","floor":16,"turns":12}],"seed_played":"-637433764989057965","potions_obtained":[{"floor":11,"key":"Swift Potion"}],"is_trial":false,"path_per_floor":["M","?","?","M","?","R","?","R","T","R","E","?","$","M","R","B"],"character_chosen":"THE_SILENT","items_purchased":["Well Laid Plans","Cloak And Dagger","Crippling Poison"],"campfire_rested":1,"item_purchase_floors":[13,13,13],"current_hp_per_floor":[70,58,58,58,41,62,55,55,55,55,57,57,57,58,58,0],"gold":75,"neow_bonus":"THREE_ENEMY_KILL","is_prod":false,"is_daily":false,"chose_seed":false,"campfire_upgraded":3,"win_rate":0,"timestamp":1549725879,"path_taken":["M","?","?","?","?","R","?","R","T","R","E","?","$","M","R","BOSS"],"build_version":"2019-01-23","purchased_purges":1,"victory":false,"max_hp_per_floor":[70,70,70,70,70,70,70,70,70,70,70,70,70,70,70,70],"card_choices":[{"not_picked":["Distraction","Backflip"],"picked":"Deadly Poison","floor":1},{"not_picked":["Setup","Deflect","Finisher"],"picked":"SKIP","floor":4},{"not_picked":["Endless Agony","Dagger Spray","Flying Knee"],"picked":"SKIP","floor":11},{"not_picked":["Sucker Punch","Flying Knee","Outmaneuver"],"picked":"SKIP","floor":14}],"player_experience":1298575,"relics_obtained":[{"floor":9,"key":"Blood Vial"},{"floor":11,"key":"Pen Nib"}],"event_choices":[{"damage_healed":0,"gold_gain":0,"player_choice":"Success","damage_taken":12,"relics_obtained":["Bag of Marbles"],"max_hp_gain":0,"max_hp_loss":0,"event_name":"Scrap Ooze","floor":2,"gold_loss":0},{"damage_healed":0,"gold_gain":0,"player_choice":"1 cards matched","damage_taken":0,"max_hp_gain":0,"max_hp_loss":0,"event_name":"Match and Keep!","floor":3,"gold_loss":0,"cards_obtained":["Malaise"]},{"damage_healed":0,"gold_gain":0,"player_choice":"Take Damage","damage_taken":17,"relics_obtained":["Golden Idol"],"max_hp_gain":0,"max_hp_loss":0,"event_name":"Golden Idol","floor":5,"gold_loss":0},{"cards_removed":["Strike_G"],"damage_healed":0,"gold_gain":0,"player_choice":"Card Removal","damage_taken":7,"max_hp_gain":0,"max_hp_loss":0,"event_name":"Golden Wing","floor":7,"gold_loss":0},{"damage_healed":0,"gold_gain":100,"player_choice":"Pray","damage_taken":0,"max_hp_gain":0,"max_hp_loss":0,"event_name":"Golden Shrine","floor":12,"gold_loss":0}],"is_beta":false,"boss_relics":[],"items_purged_floors":[13],"is_endless":false,"potions_floor_spawned":[11],"killed_by":"Slime Boss","ascension_level":5}