{"gold_per_floor":[110,110,35,54,54,54,71,71,96,171,171,171,190,200,200,300,300,240,339,339,239,254,254,270,270,270,270],"floor_reached":27,"playtime":2263,"items_purged":["Strike_B","Writhe"],"score":318,"play_id":"0e8676ea-2f07-4003-9fbb-2c9b223c62b4","local_time":"20190826174738","is_ascension_mode":true,"campfire_choices":[{"data":"Zap","floor":6,"key":"SMITH"},{"data":"Self Repair","floor":8,"key":"SMITH"},{"data":"Capacitor","floor":11,"key":"SMITH"},{"floor":15,"key":"REST"},{"floor":23,"key":"REST"}],"neow_cost":"NONE","seed_source_timestamp":1092917957290400,"circlet_count":0,"master_deck":["AscendersBane","Defend_B","Defend_B","Defend_B","Defend_B","Zap+1","Gash","Self Repair+1","Capacitor+1","Defragment","Core Surge","Consume","Gash"],"relics":["Cracked Core","NeowsBlessing","Orichalcum","Darkstone Periapt","Empty Cage","Anchor","Letter Opener"],"potions_floor_usage":[16,16],"damage_taken":[{"damage":0,"enemies":"Jaw Worm","floor":1,"turns":1},{"damage":0,"enemies":"Cultist","floor":4,"turns":1},{"damage":0,"enemies":"2 Louse","floor":7,"turns":1},{"damage":22,"enemies":"Exordium Wildlife","floor":13,"turns":6},{"damage":12,"enemies":"Red Slaver","floor":14,"turns":4},{"damage":38,"enemies":"Slime Boss","floor":16,"turns":8},{"damage":29,"enemies":"2 Thieves","floor":18,"turns":4},{"damage":12,"enemies":"Shell Parasite","floor":22,"turns":8},{"damage":53,"enemies":"Snecko","floor":24,"turns":9},{"damage":36,"enemies":"Centurion and Healer","floor":27,"turns":5}],"seed_played":"-5603400130173430282","potions_obtained":[{"floor":7,"key":"Fire Potion"},{"floor":14,"key":"Fire Potion"},{"floor":16,"key":"SpeedPotion"},{"floor":22,"key":"FearPotion"},{"floor":24,"key":"Weak Potion"}],"is_trial":false,"path_per_floor":["M","?","$","M","$","R","M","R","T","?","R","T","M","M","R","B",null,"M","?","?","$","M","R","M","?","T","M"],"character_chosen":"DEFECT","items_purchased":[],"campfire_rested":2,"item_purchase_floors":[],"current_hp_per_floor":[68,68,68,68,68,68,75,75,75,64,64,64,52,50,72,44,67,48,48,54,54,52,76,33,33,33,0],"gold":270,"neow_bonus":"THREE_ENEMY_KILL","is_prod":false,"is_daily":false,"chose_seed":false,"campfire_upgraded":3,"win_rate":0,"timestamp":1566859658,"path_taken":["M","?","$","?","$","R","M","R","T","?","R","?","?","M","R","BOSS","M","?","?","$","M","R","?","?","T","?"],"build_version":"2019-07-17","purchased_purges":2,"victory":false,"max_hp_per_floor":[75,75,75,75,75,75,75,75,75,75,75,75,75,75,75,75,75,75,75,81,81,81,81,81,81,81,81],"card_choices":[{"not_picked":["Rebound","Glacier"],"picked":"Gash","floor":1},{"not_picked":["Chaos","Ball Lightning"],"picked":"Self Repair","floor":4},{"not_picked":["Redo","Rip and Tear"],"picked":"Capacitor","floor":7},{"not_picked":["BootSequence","Loop"],"picked":"Defragment","floor":13},{"not_picked":["Barrage","Go for the Eyes","Cold Snap"],"picked":"SKIP","floor":14},{"not_picked":["Amplify","Buffer"],"picked":"Core Surge","floor":16},{"not_picked":["Steam Power","Steam+1","Auto Shields"],"picked":"SKIP","floor":18},{"not_picked":["Beam Cell+1","Compile Driver+1"],"picked":"Consume","floor":22},{"not_picked":["Loop","Steam Power"],"picked":"Gash","floor":24}],"player_experience":2915971,"relics_obtained":[{"floor":9,"key":"Orichalcum"},{"floor":12,"key":"Darkstone Periapt"},{"floor":26,"key":"Letter Opener"}],"event_choices":[{"cards_removed":["Dualcast"],"damage_healed":0,"gold_gain":0,"player_choice":"Offered Basic","damage_taken":0,"max_hp_gain":0,"max_hp_loss":0,"event_name":"Bonfire Elementals","floor":2,"gold_loss":0},{"damage_healed":0,"gold_gain":75,"player_choice":"Gather Gold","damage_taken":11,"max_hp_gain":0,"max_hp_loss":0,"event_name":"World of Goop","floor":10,"gold_loss":0},{"damage_healed":0,"gold_gain":99,"player_choice":"Stole From Cult","damage_taken":0,"max_hp_gain":0,"max_hp_loss":0,"event_name":"Nest","floor":19,"gold_loss":0},{"damage_healed":0,"gold_gain":0,"player_choice":"Opened","damage_taken":0,"relics_obtained":["Anchor"],"max_hp_gain":0,"max_hp_loss":0,"event_name":"The Mausoleum","floor":20,"gold_loss":0,"cards_obtained":["Writhe"]},{"cards_removed":["Strike_B"],"damage_healed":0,"gold_gain":0,"player_choice":"Purged","damage_taken":0,"max_hp_gain":0,"max_hp_loss":0,"event_name":"Purifier","floor":25,"gold_loss":0}],"is_beta":false,"boss_relics":[{"not_picked":["Ectoplasm","Busted Crown"],"picked":"Empty Cage"}],"items_purged_floors":[3,21],"is_endless":false,"potions_floor_spawned":[7,14,16,22,24],"killed_by":"Centurion and Healer","ascension_level":12}