{"gold_per_floor":[118,118,118,138,151,151,162,178,178,178,178,54,54,70,70,70],"floor_reached":16,"playtime":1576,"items_purged":["Dualcast"],"score":143,"play_id":"ef1cc2cf-7dc5-45db-b643-ca4a251a5a39","local_time":"20190804133803","is_ascension_mode":true,"campfire_choices":[{"floor":6,"key":"REST"},{"floor":10,"key":"REST"},{"floor":15,"key":"REST"}],"neow_cost":"PERCENT_DAMAGE","seed_source_timestamp":132494413392499,"circlet_count":0,"master_deck":["AscendersBane","Strike_B","Strike_B+1","Strike_B","Strike_B","Defend_B+1","Defend_B","Defend_B","Defend_B","Zap","Reinforced Body","FTL","BootSequence","Chill","Glacier","Gash"],"relics":["Cracked Core","Ginger","Matryoshka","Golden Idol"],"potions_floor_usage":[16,16],"damage_taken":[{"damage":3,"enemies":"2 Louse","floor":1,"turns":3},{"damage":0,"enemies":"Jaw Worm","floor":4,"turns":4},{"damage":1,"enemies":"Cultist","floor":5,"turns":4},{"damage":6,"enemies":"3 Louse","floor":7,"turns":6},{"damage":0,"enemies":"Blue Slaver","floor":8,"turns":3},{"damage":0,"enemies":"Exordium Wildlife","floor":14,"turns":6},{"damage":74,"enemies":"Hexaghost","floor":16,"turns":17}],"seed_played":"-8002674606997099263","potions_obtained":[{"floor":5,"key":"Explosive Potion"},{"floor":8,"key":"Block Potion"}],"is_trial":false,"path_per_floor":["M","?","?","M","M","R","M","M","T","R","?","$","$","M","R","B"],"character_chosen":"DEFECT","items_purchased":["Gash"],"campfire_rested":3,"item_purchase_floors":[12],"current_hp_per_floor":[47,32,32,32,31,53,47,47,47,69,51,51,51,51,73,0],"gold":70,"neow_bonus":"ONE_RARE_RELIC","is_prod":false,"is_daily":false,"chose_seed":false,"campfire_upgraded":0,"win_rate":0,"timestamp":1564943883,"path_taken":["M","?","?","M","M","R","M","M","T","R","?","?","$","M","R","BOSS"],"build_version":"2019-07-17","purchased_purges":1,"victory":false,"max_hp_per_floor":[75,75,75,75,75,75,75,75,75,75,75,75,75,75,75,75],"card_choices":[{"not_picked":["Hologram","Compile Driver"],"picked":"Reinforced Body","floor":1},{"not_picked":["Go for the Eyes","Reprogram"],"picked":"FTL","floor":4},{"not_picked":["Hologram","Fission"],"picked":"BootSequence","floor":5},{"not_picked":["Beam Cell","Leap"],"picked":"Chill","floor":7},{"not_picked":["White Noise","FTL"],"picked":"Glacier","floor":8},{"not_picked":["Melter","Hello World","Compile Driver"],"picked":"SKIP","floor":14}],"player_experience":2670997,"relics_obtained":[{"floor":9,"key":"Matryoshka"}],"event_choices":[{"damage_healed":0,"gold_gain":0,"player_choice":"Entered Light","damage_taken":15,"max_hp_gain":0,"max_hp_loss":0,"event_name":"Shining Light","floor":2,"gold_loss":0,"cards_upgraded":["Strike_B","Defend_B"]},{"damage_healed":0,"gold_gain":0,"player_choice":"Ignored","damage_taken":0,"max_hp_gain":0,"max_hp_loss":0,"event_name":"Liars Game","floor":3,"gold_loss":0},{"damage_healed":0,"gold_gain":0,"player_choice":"Take Damage","damage_taken":18,"relics_obtained":["Golden Idol"],"max_hp_gain":0,"max_hp_loss":0,"event_name":"Golden Idol","floor":11,"gold_loss":0}],"is_beta":false,"boss_relics":[],"items_purged_floors":[12],"is_endless":false,"potions_floor_spawned":[5,8],"killed_by":"Hexaghost","ascension_level":11}