{"gold_per_floor":[118,118,170,180,130,130,205,205,205,230,245,245,266,279,279,279],"floor_reached":16,"playtime":620,"items_purged":[],"score":143,"play_id":"97c808d4-9afc-453a-802f-e7dc556bdcb0","local_time":"20190731211438","is_ascension_mode":true,"campfire_choices":[{"data":"Flame Barrier","floor":6,"key":"SMITH"},{"floor":12,"key":"REST"},{"floor":15,"key":"REST"}],"neow_cost":"NONE","seed_source_timestamp":1716635615184399,"circlet_count":0,"master_deck":["AscendersBane","Strike_R","Strike_R","Strike_R","Strike_R","Defend_R","Defend_R","Defend_R","Defend_R","Bash","Flame Barrier+1","Armaments"],"relics":["Burning Blood","Bag of Marbles","Red Skull","Golden Idol","Bottled Lightning"],"potions_floor_usage":[16,16],"damage_taken":[{"damage":1,"enemies":"Cultist","floor":1,"turns":3},{"damage":19,"enemies":"Jaw Worm","floor":4,"turns":5},{"damage":0,"enemies":"2 Louse","floor":10,"turns":2},{"damage":0,"enemies":"Large Slime","floor":11,"turns":8},{"damage":5,"enemies":"2 Fungi Beasts","floor":13,"turns":6},{"damage":19,"enemies":"Exordium Wildlife","floor":14,"turns":10},{"damage":100,"enemies":"Hexaghost","floor":16,"turns":15}],"seed_played":"5850829731298738032","potions_obtained":[{"floor":10,"key":"BloodPotion"},{"floor":11,"key":"Ancient Potion"}],"is_trial":false,"path_per_floor":["M","?","T","M","?","R","?","?","T","M","M","R","M","M","R","B"],"character_chosen":"IRONCLAD","items_purchased":[],"campfire_rested":2,"item_purchase_floors":[],"current_hp_per_floor":[77,74,74,61,61,61,50,30,30,36,42,66,67,54,78,0],"gold":279,"neow_bonus":"RANDOM_COMMON_RELIC","is_prod":false,"is_daily":false,"chose_seed":false,"campfire_upgraded":1,"win_rate":0,"timestamp":1564625678,"path_taken":["M","?","?","?","?","R","?","?","T","M","?","R","M","M","R","BOSS"],"build_version":"2019-07-17","purchased_purges":0,"victory":false,"max_hp_per_floor":[80,80,80,80,80,80,80,80,80,80,80,80,80,80,80,80],"card_choices":[{"not_picked":["Cleave","Bloodletting"],"picked":"Flame Barrier","floor":1},{"not_picked":["Flex","Heavy Blade","Havoc"],"picked":"SKIP","floor":4},{"not_picked":["Brutality","Iron Wave"],"picked":"Armaments","floor":10},{"not_picked":["Uppercut","Thunderclap","Iron Wave"],"picked":"SKIP","floor":11},{"not_picked":["Flex","Heavy Blade","Dual Wield"],"picked":"SKIP","floor":13},{"not_picked":["Warcry","Searing Blow","Disarm"],"picked":"SKIP","floor":14}],"player_experience":2603724,"relics_obtained":[{"floor":9,"key":"Bottled Lightning"}],"event_choices":[{"damage_healed":0,"gold_gain":0,"player_choice":"Success","damage_taken":3,"relics_obtained":["Red Skull"],"max_hp_gain":0,"max_hp_loss":0,"event_name":"Scrap Ooze","floor":2,"gold_loss":0},{"cards_removed":["Strike_R"],"damage_healed":0,"gold_gain":0,"player_choice":"Card Removal","damage_taken":0,"max_hp_gain":0,"max_hp_loss":0,"event_name":"The Cleric","floor":5,"gold_loss":50},{"damage_healed":0,"gold_gain":75,"player_choice":"Gather Gold","damage_taken":11,"max_hp_gain":0,"max_hp_loss":0,"event_name":"World of Goop","floor":7,"gold_loss":0},{"damage_healed":0,"gold_gain":0,"player_choice":"Take Damage","damage_taken":20,"relics_obtained":["Golden Idol"],"max_hp_gain":0,"max_hp_loss":0,"event_name":"Golden Idol","floor":8,"gold_loss":0}],"is_beta":false,"boss_relics":[],"items_purged_floors":[],"is_endless":false,"potions_floor_spawned":[10,11],"killed_by":"Hexaghost","ascension_level":11}