{"gold_per_floor":[111,111,61,61,76,76,91,120,120,132,207,238,238,238],"floor_reached":14,"playtime":750,"items_purged":[],"score":103,"play_id":"75ecb7a9-240e-40de-bb22-24af48d6bf55","local_time":"20181110152953","is_ascension_mode":true,"campfire_choices":[{"data":"Disarm","floor":6,"key":"SMITH"}],"neow_cost":"NONE","seed_source_timestamp":2736194368832405,"circlet_count":0,"master_deck":["Strike_R","Strike_R","Strike_R","Defend_R","Defend_R","Defend_R","Defend_R","Bash","Uppercut","Disarm+1","Uppercut"],"relics":["Burning Blood","Mango","Bottled Flame","Omamori","Golden Idol"],"potions_floor_usage":[],"damage_taken":[{"damage":8,"enemies":"Jaw Worm","floor":1,"turns":6},{"damage":0,"enemies":"2 Louse","floor":5,"turns":3},{"damage":7,"enemies":"Cultist","floor":7,"turns":6},{"damage":54,"enemies":"3 Sentries","floor":8,"turns":13},{"damage":4,"enemies":"Blue Slaver","floor":10,"turns":5},{"damage":31,"enemies":"Lagavulin","floor":12,"turns":8},{"damage":22,"enemies":"Gremlin Nob","floor":14,"turns":4}],"seed_played":"6882389028077581829","potions_obtained":[{"floor":1,"key":"AttackPotion"},{"floor":7,"key":"EntropicBrew"},{"floor":8,"key":"FearPotion"},{"floor":12,"key":"Block Potion"}],"is_trial":false,"path_per_floor":["M","?","?","?","M","R","M","E","T","M","?","E","?","E"],"character_chosen":"IRONCLAD","items_purchased":[],"campfire_rested":0,"item_purchase_floors":[],"current_hp_per_floor":[86,86,86,86,88,88,87,53,53,55,44,19,19,0],"gold":238,"neow_bonus":"TEN_PERCENT_HP_BONUS","is_prod":false,"is_daily":false,"chose_seed":false,"campfire_upgraded":1,"win_rate":0,"timestamp":1541885393,"path_taken":["M","?","?","?","M","R","?","E","T","?","?","E","?","E"],"build_version":"2018-11-08","purchased_purges":0,"victory":false,"max_hp_per_floor":[88,88,88,88,88,88,88,102,102,102,102,102,94,94],"card_choices":[{"not_picked":["Armaments","Dropkick"],"picked":"Uppercut","floor":1},{"not_picked":["Carnage","Spot Weakness"],"picked":"Disarm","floor":5},{"not_picked":["Carnage","Fire Breathing","Havoc"],"picked":"SKIP","floor":7},{"not_picked":["Combust","Carnage"],"picked":"Uppercut","floor":8},{"not_picked":["Cleave","Clothesline","Anger"],"picked":"SKIP","floor":10},{"not_picked":["True Grit","Feed","Flex"],"picked":"SKIP","floor":12}],"player_experience":69114,"relics_obtained":[{"floor":8,"key":"Mango"},{"floor":9,"key":"Bottled Flame"},{"floor":12,"key":"Omamori"}],"event_choices":[{"cards_removed":["Strike_R"],"damage_healed":0,"gold_gain":0,"player_choice":"Forget","damage_taken":0,"max_hp_gain":0,"max_hp_loss":0,"event_name":"Living Wall","floor":2,"gold_loss":0},{"cards_removed":["Strike_R"],"damage_healed":0,"gold_gain":0,"player_choice":"Card Removal","damage_taken":0,"max_hp_gain":0,"max_hp_loss":0,"event_name":"The Cleric","floor":3,"gold_loss":50},{"damage_healed":0,"gold_gain":0,"player_choice":"Ignored","damage_taken":0,"max_hp_gain":0,"max_hp_loss":0,"event_name":"Liars Game","floor":4,"gold_loss":0},{"damage_healed":0,"gold_gain":75,"player_choice":"Gather Gold","damage_taken":11,"max_hp_gain":0,"max_hp_loss":0,"event_name":"World of Goop","floor":11,"gold_loss":0},{"damage_healed":0,"gold_gain":0,"player_choice":"Lose Max HP","damage_taken":0,"relics_obtained":["Golden Idol"],"max_hp_gain":0,"max_hp_loss":8,"event_name":"Golden Idol","floor":13,"gold_loss":0}],"is_beta":false,"boss_relics":[],"items_purged_floors":[],"is_endless":false,"potions_floor_spawned":[1,7,8,12],"killed_by":"Gremlin Nob","ascension_level":1}