{"gold_per_floor":[114,64,38,49,49,49,64,64,64,94,105,105,123,140,140,244,244,255,2,22,22,22,22,57,57,57,57,89,99,99,99,99,195,195,207,207,207,217,231,231,241,241,309,309,309,15,115,18,18,18],"floor_reached":51,"playtime":5007,"items_purged":["Strike_R","Regret"],"score":853,"play_id":"4413df3b-cd6a-4a97-8c1b-38adf1b2f2af","local_time":"20190822155539","is_ascension_mode":true,"campfire_choices":[{"data":"Bash","floor":6,"key":"SMITH"},{"data":"Cleave","floor":8,"key":"SMITH"},{"data":"Rampage","floor":12,"key":"SMITH"},{"floor":15,"key":"REST"},{"data":"True Grit","floor":23,"key":"SMITH"},{"data":"Inflame","floor":27,"key":"SMITH"},{"data":"Uppercut","floor":30,"key":"SMITH"},{"floor":32,"key":"REST"},{"data":"Searing Blow","floor":40,"key":"SMITH"},{"floor":42,"key":"REST"},{"data":"Demon Form","floor":45,"key":"SMITH"},{"data":"Searing Blow+1","floor":49,"key":"SMITH"}],"neow_cost":"CURSE","seed_source_timestamp":234214387600900,"circlet_count":0,"master_deck":["Strike_R+1","Strike_R+1","Strike_R+1","Defend_R+1","Defend_R+1","Defend_R+1","Bash+1","Headbutt","Cleave+1","Burning Pact","Disarm","Battle Trance","Rampage+1","Power Through","Reaper","Heavy Blade","Inflame+1","Uppercut+1","True Grit+1","Shrug It Off","Necronomicurse","Entrench","Armaments+1","Clothesline+1","Demon Form+1","Intimidate+1","Madness+1","Havoc+1","Searing Blow+2","Corruption+1","Ghostly Armor+1","Heavy Blade","Warcry+1"],"relics":["Burning Blood","Unceasing Top","WingedGreaves","Dodecahedron","Snecko Eye","Necronomicon","Magic Flower","Toxic Egg 2","Boot","Cursed Key","Mummified Hand","Medical Kit","Mango"],"potions_floor_usage":[24,24,41,50],"damage_taken":[{"damage":3,"enemies":"Cultist","floor":1,"turns":3},{"damage":10,"enemies":"Small Slimes","floor":4,"turns":3},{"damage":1,"enemies":"2 Louse","floor":7,"turns":3},{"damage":39,"enemies":"Lagavulin","floor":10,"turns":6},{"damage":12,"enemies":"Exordium Thugs","floor":11,"turns":3},{"damage":11,"enemies":"Blue Slaver","floor":13,"turns":3},{"damage":19,"enemies":"Gremlin Gang","floor":14,"turns":4},{"damage":30,"enemies":"Slime Boss","floor":16,"turns":9},{"damage":14,"enemies":"Chosen","floor":18,"turns":4},{"damage":9,"enemies":"Shell Parasite","floor":20,"turns":5},{"damage":30,"enemies":"Gremlin Leader","floor":24,"turns":5},{"damage":20,"enemies":"Book of Stabbing","floor":28,"turns":4},{"damage":8,"enemies":"Snecko","floor":29,"turns":5},{"damage":14,"enemies":"Champ","floor":33,"turns":9},{"damage":26,"enemies":"3 Shapes","floor":35,"turns":3},{"damage":12,"enemies":"Orb Walker","floor":38,"turns":4},{"damage":13,"enemies":"Spire Growth","floor":39,"turns":4},{"damage":74,"enemies":"Writhing Mass","floor":41,"turns":8},{"damage":0,"enemies":"Mind Bloom Boss Battle","floor":47,"turns":7},{"damage":73,"enemies":"Time Eater","floor":50,"turns":9}],"seed_played":"-6621431246871830611","potions_obtained":[{"floor":1,"key":"LiquidBronze"},{"floor":11,"key":"BloodPotion"},{"floor":14,"key":"SpeedPotion"},{"floor":16,"key":"Fire Potion"},{"floor":20,"key":"Fire Potion"},{"floor":24,"key":"Energy Potion"},{"floor":33,"key":"SneckoOil"}],"is_trial":false,"path_per_floor":["M","?","$","M","?","R","M","R","T","E","M","R","M","M","R","B",null,"M","$","M","$","?","R","E","?","T","R","E","M","R","?","R","B",null,"M","?","?","M","M","R","M","R","T","?","R","$","?","$","R","B",null],"character_chosen":"IRONCLAD","items_purchased":["Cleave","Inflame","Uppercut","True Grit","Medical Kit","Heavy Blade","Warcry+1"],"campfire_rested":3,"item_purchase_floors":[3,19,19,19,46,48,48],"current_hp_per_floor":[75,75,75,71,71,71,76,76,76,43,37,37,32,19,43,19,65,61,61,61,61,45,45,33,59,59,59,48,57,57,57,80,75,79,80,70,70,67,63,63,28,52,52,52,52,52,94,94,94,30],"gold":18,"neow_bonus":"ONE_RARE_RELIC","is_prod":false,"is_daily":false,"chose_seed":false,"campfire_upgraded":9,"win_rate":0,"timestamp":1566456939,"path_taken":["M","?","$","M","?","R","M","R","T","E","M","R","M","M","R","BOSS","M","$","M","$","?","R","E","?","T","R","E","M","R","?","R","BOSS","M","?","?","?","M","R","M","R","T","?","R","$","?","$","R","BOSS"],"build_version":"2019-07-17","purchased_purges":2,"victory":true,"max_hp_per_floor":[80,80,80,80,80,80,80,80,80,80,80,80,80,80,80,80,80,80,80,80,80,80,80,80,80,80,80,80,80,80,80,80,80,80,80,80,80,80,80,80,80,80,80,80,80,80,94,94,94,94],"card_choices":[{"not_picked":["Perfected Strike","Twin Strike"],"picked":"Headbutt","floor":1},{"not_picked":["Armaments","Heavy Blade"],"picked":"Burning Pact","floor":4},{"not_picked":["Blood for Blood","Wild Strike"],"picked":"Disarm","floor":7},{"not_picked":["Body Slam","Burning Pact"],"picked":"Battle Trance","floor":10},{"not_picked":["Pummel","Battle Trance"],"picked":"Rampage","floor":11},{"not_picked":["Headbutt","Inflame"],"picked":"Power Through","floor":13},{"not_picked":["Inflame","Havoc","Iron Wave"],"picked":"SKIP","floor":14},{"not_picked":["Exhume","Bludgeon"],"picked":"Reaper","floor":16},{"not_picked":["Flex","Reckless Charge+1"],"picked":"Heavy Blade","floor":18},{"not_picked":["Hemokinesis","Havoc"],"picked":"Shrug It Off","floor":20},{"not_picked":["Headbutt","Rage"],"picked":"Entrench","floor":24},{"not_picked":["Body Slam","Berserk"],"picked":"Armaments+1","floor":28},{"not_picked":["Carnage","Body Slam"],"picked":"Clothesline+1","floor":29},{"not_picked":["Exhume+1","Bludgeon"],"picked":"Demon Form","floor":33},{"not_picked":["Ghostly Armor+1","Thunderclap+1"],"picked":"Intimidate+1","floor":35},{"not_picked":["Twin Strike+1","Body Slam","Reckless Charge+1"],"picked":"SKIP","floor":38},{"not_picked":["Pummel+1","Perfected Strike"],"picked":"Searing Blow","floor":39},{"not_picked":["Heavy Blade+1","Infernal Blade+1"],"picked":"Corruption+1","floor":41},{"not_picked":["Seeing Red+1","Wild Strike+1"],"picked":"Ghostly Armor+1","floor":47}],"player_experience":391946,"relics_obtained":[{"floor":9,"key":"WingedGreaves"},{"floor":10,"key":"Dodecahedron"},{"floor":22,"key":"Necronomicon"},{"floor":24,"key":"Magic Flower"},{"floor":26,"key":"Toxic Egg 2"},{"floor":28,"key":"Boot"},{"floor":43,"key":"Mummified Hand"},{"floor":47,"key":"Mango"}],"event_choices":[{"cards_removed":["Pain"],"damage_healed":0,"gold_gain":0,"player_choice":"Card Removal","damage_taken":0,"max_hp_gain":0,"max_hp_loss":0,"event_name":"The Cleric","floor":2,"gold_loss":50},{"cards_removed":["Defend_R"],"damage_healed":0,"gold_gain":0,"player_choice":"Purged","damage_taken":0,"max_hp_gain":0,"max_hp_loss":0,"event_name":"Purifier","floor":5,"gold_loss":0},{"damage_healed":0,"gold_gain":0,"player_choice":"Obtained Book","damage_taken":16,"max_hp_gain":0,"max_hp_loss":0,"event_name":"Cursed Tome","floor":22,"gold_loss":0},{"damage_healed":26,"gold_gain":0,"player_choice":"Heal","damage_taken":0,"max_hp_gain":0,"max_hp_loss":0,"event_name":"The Library","floor":25,"gold_loss":0},{"damage_healed":0,"gold_gain":0,"player_choice":"Simplicity","damage_taken":0,"max_hp_gain":0,"max_hp_loss":0,"event_name":"Back to Basics","floor":31,"gold_loss":0,"cards_upgraded":["Strike_R","Strike_R","Strike_R","Strike_R","Defend_R","Defend_R","Defend_R"]},{"damage_healed":0,"gold_gain":0,"player_choice":"Embrace Madness","damage_taken":10,"max_hp_gain":0,"max_hp_loss":0,"event_name":"Winding Halls","floor":36,"gold_loss":0,"cards_obtained":["Madness","Madness"]},{"damage_healed":0,"gold_gain":0,"cards_transformed":["Strike_R"],"player_choice":"Transformed","damage_taken":0,"max_hp_gain":0,"max_hp_loss":0,"event_name":"Transmorgrifier","floor":37,"gold_loss":0,"cards_obtained":["Havoc"]},{"cards_removed":["Madness"],"damage_healed":0,"gold_gain":0,"player_choice":"Removed Skill","damage_taken":0,"max_hp_gain":0,"max_hp_loss":0,"event_name":"Falling","floor":44,"gold_loss":0},{"damage_healed":0,"gold_gain":0,"player_choice":"Fight","damage_taken":0,"max_hp_gain":0,"max_hp_loss":0,"event_name":"MindBloom","floor":47,"gold_loss":0}],"is_beta":false,"boss_relics":[{"not_picked":["Eternal Feather","Black Star"],"picked":"Snecko Eye"},{"not_picked":["Philosopher\u0027s Stone","Velvet Choker"],"picked":"Cursed Key"}],"items_purged_floors":[19,46],"is_endless":false,"potions_floor_spawned":[1,11,14,16,20,24,33,35],"ascension_level":6}