{"gold_per_floor":[111,130,143,153,9,43,59,86,109,109,109,109,140,158,158,254,254,269,47,50,68,88,114,127,161,161,181,212,222,222,272,272,377,377,388,388,388,80,100,131,131,156,156,156,172,172,204,220,220,220],"floor_reached":51,"playtime":21479,"items_purged":["Strike_G"],"score":910,"play_id":"c3b98acd-ca2b-422b-b182-9a0b99622a15","local_time":"20190831183126","is_ascension_mode":true,"campfire_choices":[{"floor":10.0,"key":"REST"},{"data":"Backflip","floor":15.0,"key":"SMITH"},{"floor":32.0,"key":"REST"},{"floor":41.0,"key":"REST"},{"floor":44.0,"key":"REST"},{"floor":46.0,"key":"REST"},{"floor":49,"key":"REST"}],"neow_cost":"NONE","seed_source_timestamp":0,"circlet_count":0,"master_deck":["Strike_G","Strike_G","Strike_G","Defend_G","Defend_G","Defend_G","Defend_G","Defend_G","Survivor","Neutralize","Infinite Blades","Reflex","Backflip+1","Backflip","Prepared","Quick Slash","Acrobatics","Eviscerate","Calculated Gamble","Choke","PiercingWail","Envenom","Well Laid Plans+1","Backflip","Poisoned Stab","PiercingWail+1","Masterful Stab","Choke","Die Die Die","Slice","Noxious Fumes","Flying Knee","Dodge and Roll+1","RitualDagger","Blur","Malaise","Poisoned Stab","Choke","Backflip+1","Envenom","Dash","Predator","Flechettes","Dodge and Roll+1","Footwork+1","Backflip+1","Leg Sweep","Malaise"],"special_seed":0,"relics":["Ring of the Snake","Lantern","Dream Catcher","Oddly Smooth Stone","Anchor","Vajra","Fusion Hammer","ClockworkSouvenir","Juzu Bracelet","PreservedInsect","Dodecahedron","Ice Cream","Philosopher\u0027s Stone","TwistedFunnel","Bag of Marbles","Calipers","Shuriken","Boot"],"potions_floor_usage":[50],"damage_taken":[{"damage":1.0,"enemies":"Jaw Worm","floor":1.0,"turns":5.0},{"damage":2.0,"enemies":"Cultist","floor":2.0,"turns":4.0},{"damage":1.0,"enemies":"2 Louse","floor":3.0,"turns":3.0},{"damage":15.0,"enemies":"Lots of Slimes","floor":4.0,"turns":8.0},{"damage":11.0,"enemies":"3 Sentries","floor":6.0,"turns":12.0},{"damage":3.0,"enemies":"Exordium Wildlife","floor":7.0,"turns":5.0},{"damage":24.0,"enemies":"Lagavulin","floor":8.0,"turns":11.0},{"damage":7.0,"enemies":"Gremlin Nob","floor":13.0,"turns":5.0},{"damage":0.0,"enemies":"Blue Slaver","floor":14.0,"turns":4.0},{"damage":25.0,"enemies":"The Guardian","floor":16.0,"turns":16.0},{"damage":0.0,"enemies":"Chosen","floor":18.0,"turns":5.0},{"damage":8.0,"enemies":"2 Thieves","floor":20.0,"turns":4.0},{"damage":12.0,"enemies":"Snake Plant","floor":21.0,"turns":5.0},{"damage":2.0,"enemies":"Snecko","floor":22.0,"turns":5.0},{"damage":0.0,"enemies":"Slavers","floor":23.0,"turns":7.0},{"damage":0.0,"enemies":"Centurion and Healer","floor":24.0,"turns":6.0},{"damage":5.0,"enemies":"Book of Stabbing","floor":25.0,"turns":7.0},{"damage":2.0,"enemies":"Shelled Parasite and Fungi","floor":27.0,"turns":7.0},{"damage":19.0,"enemies":"Slavers","floor":28.0,"turns":5.0},{"damage":0.0,"enemies":"Chosen and Byrds","floor":29.0,"turns":6.0},{"damage":23.0,"enemies":"Collector","floor":33.0,"turns":11.0},{"damage":10.0,"enemies":"3 Darklings","floor":35.0,"turns":6.0},{"damage":3.0,"enemies":"3 Shapes","floor":39.0,"turns":5.0},{"damage":6.0,"enemies":"Nemesis","floor":40.0,"turns":5.0},{"damage":0.0,"enemies":"Giant Head","floor":42.0,"turns":6.0},{"damage":0.0,"enemies":"Jaw Worm Horde","floor":45.0,"turns":3.0},{"damage":16.0,"enemies":"Reptomancer","floor":47.0,"turns":3.0},{"damage":0,"enemies":"Transient","floor":48,"turns":5},{"damage":42,"enemies":"Time Eater","floor":50,"turns":12}],"seed_played":"-6810144788807359314","potions_obtained":[{"floor":1.0,"key":"FearPotion"},{"floor":3.0,"key":"Dexterity Potion"},{"floor":8.0,"key":"Dexterity Potion"},{"floor":12.0,"key":"Fruit Juice"},{"floor":12.0,"key":"SkillPotion"},{"floor":12.0,"key":"LiquidBronze"},{"floor":14.0,"key":"PowerPotion"},{"floor":22.0,"key":"GhostInAJar"},{"floor":23.0,"key":"Regen Potion"},{"floor":25.0,"key":"Regen Potion"},{"floor":29.0,"key":"FairyPotion"}],"is_trial":false,"path_per_floor":["M","M","M","M","$","E","M","E","T","R","?","?","E","M","R","B",null,"M","$","M","M","M","E","M","E","T","M","E","M","?","?","R","B",null,"M","?","?","$","M","E","R","E","T","R","M","R","E","M","R","B",null],"character_chosen":"THE_SILENT","items_purchased":["Lantern","Backflip","ClockworkSouvenir","TwistedFunnel","Choke"],"campfire_rested":6,"item_purchase_floors":[5,19,19,38,38],"current_hp_per_floor":[69,67,66,51,51,40,37,13,13,34,34,39,32,32,32,7,75,75,75,67,55,53,53,53,62,62,75,56,56,50,50,72,49,75,65,65,65,65,62,56,71,71,71,71,71,71,55,55,71,29],"gold":220,"neow_bonus":"TRANSFORM_CARD","is_prod":false,"is_daily":false,"chose_seed":false,"campfire_upgraded":1,"win_rate":1,"timestamp":1567256486,"path_taken":["M","M","M","M","$","E","M","E","T","R","?","?","E","M","R","BOSS","M","$","M","M","M","E","M","E","T","M","E","M","?","?","R","BOSS","M","?","?","$","M","E","R","E","T","R","M","R","E","M","R","BOSS"],"build_version":"2019-07-17","purchased_purges":1,"victory":true,"max_hp_per_floor":[70,70,70,70,70,70,70,70,70,70,70,75,75,75,75,75,75,75,75,75,75,75,75,75,75,75,75,75,75,75,75,75,75,75,75,71,71,71,71,71,71,71,71,71,71,71,71,71,71,71],"card_choices":[{"not_picked":["Sucker Punch","Quick Slash"],"picked":"Reflex","floor":1.0},{"not_picked":["Infinite Blades","Sucker Punch"],"picked":"Backflip","floor":2.0},{"not_picked":["Crippling Poison","Flying Knee"],"picked":"Backflip","floor":3.0},{"not_picked":["Wraith Form v2","Slice"],"picked":"Prepared","floor":4.0},{"not_picked":["Bane","Sucker Punch"],"picked":"Quick Slash","floor":6.0},{"not_picked":["Underhanded Strike","Bane"],"picked":"Acrobatics","floor":7.0},{"not_picked":["Deadly Poison","Blade Dance"],"picked":"Eviscerate","floor":8.0},{"not_picked":["Dodge and Roll","Flying Knee"],"picked":"Calculated Gamble","floor":10.0},{"not_picked":["Dagger Spray","Burst"],"picked":"Choke","floor":13.0},{"not_picked":["Deflect","Endless Agony"],"picked":"PiercingWail","floor":14.0},{"not_picked":["Venomology","Tools of the Trade"],"picked":"Envenom","floor":16.0},{"not_picked":["Caltrops","All Out Attack+1"],"picked":"Well Laid Plans+1","floor":18.0},{"not_picked":["Dagger Throw","Deflect"],"picked":"Poisoned Stab","floor":20.0},{"not_picked":["Acrobatics","Expertise"],"picked":"PiercingWail+1","floor":21.0},{"not_picked":["Dagger Spray","Heel Hook"],"picked":"Masterful Stab","floor":22.0},{"not_picked":["Masterful Stab","Heel Hook"],"picked":"Choke","floor":23.0},{"not_picked":["Acrobatics","Infinite Blades"],"picked":"Die Die Die","floor":24.0},{"not_picked":["Flying Knee","Deflect"],"picked":"Slice","floor":25.0},{"not_picked":["Flying Knee","Blade Dance"],"picked":"Noxious Fumes","floor":27.0},{"not_picked":["Tactician+1","Choke"],"picked":"Flying Knee","floor":28.0},{"not_picked":["Dagger Spray","Reflex"],"picked":"Dodge and Roll+1","floor":29.0},{"not_picked":["Terror","Slice"],"picked":"Blur","floor":32.0},{"not_picked":["Wraith Form v2","A Thousand Cuts"],"picked":"Malaise","floor":33.0},{"not_picked":["Deadly Poison","Prepared"],"picked":"Poisoned Stab","floor":35.0},{"not_picked":["Endless Agony+1","Bane+1"],"picked":"Backflip+1","floor":39.0},{"not_picked":["Sucker Punch+1","Deadly Poison"],"picked":"Envenom","floor":40.0},{"not_picked":["Choke+1","Outmaneuver"],"picked":"Dash","floor":41.0},{"not_picked":["Leg Sweep","Poisoned Stab+1"],"picked":"Predator","floor":42.0},{"not_picked":["Outmaneuver","Flying Knee+1"],"picked":"Flechettes","floor":44.0},{"not_picked":["Reflex+1","Bane+1"],"picked":"Dodge and Roll+1","floor":45.0},{"not_picked":["Outmaneuver","Flechettes"],"picked":"Footwork+1","floor":46.0},{"not_picked":["Underhanded Strike","PiercingWail+1"],"picked":"Backflip+1","floor":47.0},{"not_picked":["Bane+1","Slice+1"],"picked":"Leg Sweep","floor":48},{"not_picked":["Blade Dance","Poisoned Stab"],"picked":"Malaise","floor":49}],"player_experience":27815,"relics_obtained":[{"floor":6.0,"key":"Dream Catcher"},{"floor":8.0,"key":"Oddly Smooth Stone"},{"floor":9.0,"key":"Anchor"},{"floor":13.0,"key":"Vajra"},{"floor":23.0,"key":"Juzu Bracelet"},{"floor":25.0,"key":"PreservedInsect"},{"floor":26.0,"key":"Dodecahedron"},{"floor":28.0,"key":"Ice Cream"},{"floor":40.0,"key":"Bag of Marbles"},{"floor":42.0,"key":"Calipers"},{"floor":43.0,"key":"Shuriken"},{"floor":47.0,"key":"Boot"}],"event_choices":[{"damage_healed":0.0,"max_hp_gain":0.0,"max_hp_loss":0.0,"gold_gain":0.0,"event_name":"Golden Idol","player_choice":"Ignored","floor":11.0,"gold_loss":0.0,"damage_taken":0.0},{"damage_healed":0.0,"max_hp_gain":0.0,"max_hp_loss":0.0,"gold_gain":0.0,"event_name":"Lab","player_choice":"Got Potions","floor":12.0,"gold_loss":0.0,"damage_taken":0.0},{"damage_healed":0.0,"max_hp_gain":0.0,"max_hp_loss":0.0,"gold_gain":0.0,"event_name":"Nest","player_choice":"Joined the Cult","floor":30.0,"gold_loss":0.0,"damage_taken":6.0,"cards_obtained":["RitualDagger"]},{"damage_healed":0.0,"max_hp_gain":0.0,"max_hp_loss":0.0,"gold_gain":100.0,"event_name":"The Joust","player_choice":"Bet on Murderer","floor":31.0,"gold_loss":50.0,"damage_taken":0.0},{"damage_healed":0.0,"max_hp_gain":0.0,"max_hp_loss":4.0,"gold_gain":0.0,"event_name":"Winding Halls","player_choice":"Max HP","floor":36.0,"gold_loss":0.0,"damage_taken":0.0},{"damage_healed":0.0,"max_hp_gain":0.0,"max_hp_loss":0.0,"gold_gain":0.0,"event_name":"Tomb of Lord Red Mask","player_choice":"Ignored","floor":37.0,"gold_loss":0.0,"damage_taken":0.0}],"is_beta":false,"boss_relics":[{"not_picked":["Calling Bell","Lizard Tail"],"picked":"Fusion Hammer"},{"not_picked":["WristBlade","Ring of the Serpent"],"picked":"Philosopher\u0027s Stone"}],"items_purged_floors":[38],"is_endless":false,"potions_floor_spawned":[1,3,8,14,21,22,23,24,25,29,42,47],"ascension_level":1}