{"gold_per_floor":[111,61,76,76,151,151,170,188,188,207,217,217,232,2,2,97,97,62,62,62,81,4,4,4],"floor_reached":24,"playtime":1144,"items_purged":["Strike_R","Strike_R"],"score":254,"play_id":"fae5fd18-00bb-4612-850a-3d20cb59f460","local_time":"20190220131956","is_ascension_mode":true,"campfire_choices":[{"data":"Shrug It Off","floor":6,"key":"SMITH"},{"floor":12,"key":"REST"},{"floor":15,"key":"REST"},{"floor":23,"key":"REST"}],"neow_cost":"NONE","seed_source_timestamp":658288258439581,"circlet_count":0,"master_deck":["Strike_R","Defend_R","Defend_R+1","Defend_R+1","Defend_R","Bash+1","Shrug It Off+1","Inflame","Rampage","Barricade","Disarm","Shrug It Off","Shrug It Off"],"relics":["Burning Blood","War Paint","Membership Card","Philosopher\u0027s Stone"],"potions_floor_usage":[8,8,11],"damage_taken":[{"damage":9,"enemies":"2 Louse","floor":1,"turns":4},{"damage":0,"enemies":"Small Slimes","floor":3,"turns":3},{"damage":0,"enemies":"Jaw Worm","floor":7,"turns":7},{"damage":33,"enemies":"Exordium Thugs","floor":8,"turns":6},{"damage":0,"enemies":"Red Slaver","floor":10,"turns":5},{"damage":28,"enemies":"Lots of Slimes","floor":11,"turns":6},{"damage":0,"enemies":"Looter","floor":13,"turns":4},{"damage":45,"enemies":"Hexaghost","floor":16,"turns":10},{"damage":26,"enemies":"2 Thieves","floor":18,"turns":5},{"damage":15,"enemies":"Shell Parasite","floor":21,"turns":6},{"damage":67,"enemies":"Gremlin Leader","floor":24,"turns":11}],"seed_played":"-1859839143101258987","potions_obtained":[{"floor":1,"key":"LiquidBronze"},{"floor":7,"key":"Fire Potion"},{"floor":8,"key":"PowerPotion"}],"is_trial":false,"path_per_floor":["M","?","M","?","?","R","M","M","T","M","M","R","M","$","R","B",null,"M","?","?","M","$","R","E"],"character_chosen":"IRONCLAD","items_purchased":["Membership Card","Shrug It Off"],"campfire_rested":3,"item_purchase_floors":[14,22],"current_hp_per_floor":[69,69,75,68,57,57,63,36,36,42,20,44,50,50,74,35,69,49,49,49,40,40,64,0],"gold":4,"neow_bonus":"UPGRADE_CARD","is_prod":false,"is_daily":false,"chose_seed":false,"campfire_upgraded":1,"win_rate":0,"timestamp":1550690396,"path_taken":["M","?","M","?","?","R","M","M","T","M","M","R","M","$","R","BOSS","M","?","?","M","$","R","E"],"build_version":"2019-01-23","purchased_purges":2,"victory":false,"max_hp_per_floor":[80,80,80,80,80,80,80,80,80,80,80,80,80,80,80,80,80,80,80,80,80,80,80,80],"card_choices":[{"not_picked":["Hemokinesis","Perfected Strike","Searing Blow"],"picked":"SKIP","floor":1},{"not_picked":["Disarm","Headbutt"],"picked":"Shrug It Off","floor":3},{"not_picked":["Thunderclap","Anger","Sword Boomerang"],"picked":"SKIP","floor":7},{"not_picked":["Thunderclap","Pommel Strike","Clash"],"picked":"SKIP","floor":8},{"not_picked":["Flex","Pummel"],"picked":"Inflame","floor":10},{"not_picked":["Fire Breathing","Rampage","Clothesline"],"picked":"SKIP","floor":11},{"not_picked":["Fire Breathing","Clothesline"],"picked":"Rampage","floor":11},{"not_picked":["Sword Boomerang","Fiend Fire","Headbutt"],"picked":"SKIP","floor":13},{"not_picked":["Immolate","Double Tap"],"picked":"Barricade","floor":16},{"not_picked":["Clash+1","Corruption"],"picked":"Disarm","floor":18},{"not_picked":["Twin Strike","Pommel Strike+1"],"picked":"Shrug It Off","floor":21}],"player_experience":1475532,"relics_obtained":[{"floor":9,"key":"War Paint"}],"event_choices":[{"cards_removed":["Strike_R"],"damage_healed":0,"gold_gain":0,"player_choice":"Card Removal","damage_taken":0,"max_hp_gain":0,"max_hp_loss":0,"event_name":"The Cleric","floor":2,"gold_loss":50},{"cards_removed":["Strike_R"],"damage_healed":0,"gold_gain":0,"player_choice":"Card Removal","damage_taken":7,"max_hp_gain":0,"max_hp_loss":0,"event_name":"Golden Wing","floor":4,"gold_loss":0},{"damage_healed":0,"gold_gain":75,"player_choice":"Gather Gold","damage_taken":11,"max_hp_gain":0,"max_hp_loss":0,"event_name":"World of Goop","floor":5,"gold_loss":0},{"damage_healed":0,"gold_gain":0,"player_choice":"Ignored","damage_taken":0,"max_hp_gain":0,"max_hp_loss":0,"event_name":"Vampires","floor":19,"gold_loss":0},{"damage_healed":0,"gold_gain":0,"player_choice":"Ignored","damage_taken":0,"max_hp_gain":0,"max_hp_loss":0,"event_name":"Ghosts","floor":20,"gold_loss":0}],"is_beta":false,"boss_relics":[{"not_picked":["Runic Cube","Lizard Tail"],"picked":"Philosopher\u0027s Stone"}],"items_purged_floors":[14,22],"is_endless":false,"potions_floor_spawned":[1,7,8],"killed_by":"Gremlin Leader","ascension_level":7}