{"gold_per_floor":[118,118,118,139,214,247,267,267,267,267,287,6,30,53,53,183,183,202,226,226,226,253,253,284,308,308,15,48,66,116,139,139,262,262,287,412,128,152,52,52,87,112,112,127,127,127,143,162,162,162,162,162,7,38,38],"floor_reached":56,"playtime":5824,"items_purged":["Defend_R","Defend_R"],"score":1294,"play_id":"af9d1890-93ea-4f03-bb9d-aaccb2292f33","local_time":"20190831141135","is_ascension_mode":false,"campfire_choices":[{"floor":8,"key":"REST"},{"data":"Anger","floor":10,"key":"SMITH"},{"data":"Feed","floor":15,"key":"SMITH"},{"data":"Ghostly","floor":23,"key":"SMITH"},{"floor":32,"key":"DIG"},{"floor":40,"key":"RECALL"},{"data":"Ghostly","floor":46,"key":"SMITH"},{"floor":49,"key":"REST"},{"data":"Ghostly","floor":52,"key":"SMITH"}],"neow_cost":"NONE","seed_source_timestamp":240629939053846,"circlet_count":0,"master_deck":["Strike_R","Strike_R","Strike_R","Strike_R","Strike_R+1","Defend_R","Defend_R+1","Bash","Perfected Strike+1","Cleave","Metallicize","Anger+1","Flex","Impervious","Spot Weakness","Feed+1","Limit Break","Thunderclap","Shrug It Off+1","Ghostly+1","Ghostly+1","Ghostly+1","Ghostly","Ghostly","Corruption","Heavy Blade+1","Shockwave+1","Perfected Strike","Perfected Strike","Armaments","True Grit","Bludgeon","Headbutt+1","Searing Blow+1","Dark Embrace","Dual Wield","Intimidate+1","Pommel Strike+1","Offering","Power Through","Madness","Madness","Body Slam+1","Infernal Blade+1","Dual Wield","Fire Breathing","Inflame"],"relics":["Runic Pyramid","Golden Idol","Champion Belt","Lee\u0027s Waffle","Sozu","Orichalcum","Strawberry","Shovel","Sundial","Torii","Potion Belt","White Beast Statue","Mango","Self Forming Clay","StoneCalendar","Whetstone"],"potions_floor_usage":[6,11,16],"damage_taken":[{"damage":3,"enemies":"Small Slimes","floor":1,"turns":3},{"damage":6,"enemies":"Jaw Worm","floor":4,"turns":2},{"damage":16,"enemies":"Lagavulin","floor":6,"turns":7},{"damage":1,"enemies":"Cultist","floor":7,"turns":4},{"damage":13,"enemies":"3 Louse","floor":11,"turns":3},{"damage":0,"enemies":"Large Slime","floor":13,"turns":6},{"damage":4,"enemies":"Blue Slaver","floor":14,"turns":4},{"damage":4,"enemies":"Slime Boss","floor":16,"turns":9},{"damage":5,"enemies":"3 Byrds","floor":18,"turns":6},{"damage":20,"enemies":"Shell Parasite","floor":19,"turns":5},{"damage":0,"enemies":"Book of Stabbing","floor":24,"turns":7},{"damage":0,"enemies":"Shelled Parasite and Fungi","floor":25,"turns":7},{"damage":13,"enemies":"Slavers","floor":28,"turns":9},{"damage":7,"enemies":"Snecko","floor":29,"turns":8},{"damage":0,"enemies":"Chosen and Byrds","floor":31,"turns":9},{"damage":2,"enemies":"Automaton","floor":33,"turns":11},{"damage":0,"enemies":"3 Darklings","floor":35,"turns":4},{"damage":5,"enemies":"Mind Bloom Boss Battle","floor":36,"turns":9},{"damage":0,"enemies":"Orb Walker","floor":38,"turns":3},{"damage":10,"enemies":"Reptomancer","floor":41,"turns":9},{"damage":1,"enemies":"Maw","floor":42,"turns":8},{"damage":0,"enemies":"4 Shapes","floor":44,"turns":6},{"damage":27,"enemies":"3 Darklings","floor":47,"turns":4},{"damage":1,"enemies":"Jaw Worm Horde","floor":48,"turns":6},{"damage":32,"enemies":"Awakened One","floor":50,"turns":11},{"damage":7,"enemies":"Shield and Spear","floor":54,"turns":9},{"damage":78,"enemies":"The Heart","floor":55,"turns":8}],"seed_played":"7236769605839835263","potions_obtained":[{"floor":4,"key":"EssenceOfSteel"},{"floor":11,"key":"Fruit Juice"},{"floor":14,"key":"Strength Potion"}],"is_trial":false,"path_per_floor":["M","?","?","M","?","E","M","R","T","R","M","$","M","M","R","B",null,"M","M","?","?","T","R","E","M","T","$","E","M","?","M","R","B",null,"M","?","$","M","$","R","E","M","T","M","?","R","M","M","R","B",null,"R","$","E","B",null],"character_chosen":"IRONCLAD","items_purchased":["Lee\u0027s Waffle","Impervious","Sundial","Perfected Strike","Dark Embrace","Dual Wield","Dual Wield","Fire Breathing"],"campfire_rested":2,"item_purchase_floors":[12,12,27,27,37,37,53,53],"current_hp_per_floor":[77,61,41,35,24,8,7,31,31,31,23,92,92,88,88,88,96,95,79,52,52,52,52,63,67,67,67,54,51,51,51,51,53,75,75,88,88,88,88,88,82,85,85,89,76,76,49,52,84,60,117,117,117,114,36],"gold":38,"neow_bonus":"BOSS_RELIC","is_prod":false,"is_daily":false,"chose_seed":false,"campfire_upgraded":5,"win_rate":0,"timestamp":1567275095,"path_taken":["M","?","?","M","?","E","M","R","T","R","M","?","M","M","R","BOSS","M","?","?","?","?","R","E","?","T","$","E","M","?","?","R","BOSS","M","?","$","M","$","R","E","M","T","M","?","R","M","M","R","BOSS","R","$","E","BOSS"],"build_version":"2019-07-17","purchased_purges":2,"victory":true,"max_hp_per_floor":[80,80,80,80,80,80,80,80,80,80,85,92,92,92,92,96,96,100,104,52,52,52,52,63,67,67,67,67,71,71,71,71,75,75,75,93,93,93,93,93,97,101,101,105,105,105,105,109,109,117,117,117,117,121,121],"card_choices":[{"not_picked":["Pommel Strike","Sword Boomerang"],"picked":"Perfected Strike","floor":1},{"not_picked":["Wild Strike","Twin Strike"],"picked":"Cleave","floor":4},{"not_picked":["True Grit","Perfected Strike"],"picked":"Metallicize","floor":6},{"not_picked":["Flex","Disarm"],"picked":"Anger","floor":7},{"not_picked":["True Grit","Cleave"],"picked":"Flex","floor":11},{"not_picked":["Flame Barrier","Sword Boomerang"],"picked":"Spot Weakness","floor":13},{"not_picked":["Thunderclap","Shrug It Off"],"picked":"Feed","floor":14},{"not_picked":["Juggernaut","Brutality"],"picked":"Limit Break","floor":16},{"not_picked":["Shrug It Off","Dropkick+1"],"picked":"Thunderclap","floor":18},{"not_picked":["Intimidate","Flame Barrier"],"picked":"Shrug It Off+1","floor":19},{"not_picked":["Dropkick","Sever Soul"],"picked":"Heavy Blade+1","floor":24},{"not_picked":["Wild Strike","Perfected Strike"],"picked":"Shockwave+1","floor":25},{"not_picked":["Flex","True Grit"],"picked":"Perfected Strike","floor":28},{"not_picked":["Ghostly Armor","Burning Pact"],"picked":"Armaments","floor":29},{"not_picked":["Uppercut","Headbutt"],"picked":"True Grit","floor":31},{"not_picked":["Limit Break","Reaper"],"picked":"Bludgeon","floor":33},{"not_picked":["Iron Wave+1","Metallicize+1"],"picked":"Headbutt","floor":35},{"not_picked":["Headbutt","Burning Pact"],"picked":"Searing Blow+1","floor":36},{"not_picked":["Reckless Charge+1","Clash+1"],"picked":"Intimidate+1","floor":38},{"not_picked":["Twin Strike","Iron Wave"],"picked":"Pommel Strike+1","floor":41},{"not_picked":["Clothesline+1","Sever Soul+1"],"picked":"Offering","floor":42},{"not_picked":["Perfected Strike+1","Warcry"],"picked":"Power Through","floor":44},{"not_picked":["Wild Strike","Searing Blow"],"picked":"Body Slam+1","floor":47},{"not_picked":["Cleave+1","Dropkick"],"picked":"Infernal Blade+1","floor":48},{"not_picked":["Clothesline","Headbutt"],"picked":"Inflame","floor":54}],"player_experience":158798,"relics_obtained":[{"floor":6,"key":"Champion Belt"},{"floor":22,"key":"Orichalcum"},{"floor":24,"key":"Strawberry"},{"floor":26,"key":"Shovel"},{"floor":28,"key":"Torii"},{"floor":32,"key":"Potion Belt"},{"floor":36,"key":"Mango"},{"floor":41,"key":"Self Forming Clay"},{"floor":43,"key":"StoneCalendar"},{"floor":54,"key":"Whetstone"}],"event_choices":[{"damage_healed":0,"gold_gain":0,"player_choice":"Entered Light","damage_taken":16,"max_hp_gain":0,"max_hp_loss":0,"event_name":"Shining Light","floor":2,"gold_loss":0,"cards_upgraded":["Defend_R","Perfected Strike"]},{"damage_healed":0,"gold_gain":0,"player_choice":"Take Damage","damage_taken":20,"relics_obtained":["Golden Idol"],"max_hp_gain":0,"max_hp_loss":0,"event_name":"Golden Idol","floor":3,"gold_loss":0},{"damage_healed":0,"gold_gain":75,"player_choice":"Gather Gold","damage_taken":11,"max_hp_gain":0,"max_hp_loss":0,"event_name":"World of Goop","floor":5,"gold_loss":0},{"damage_healed":0,"gold_gain":0,"player_choice":"Became a Ghost","damage_taken":0,"max_hp_gain":0,"max_hp_loss":52,"event_name":"Ghosts","floor":20,"gold_loss":0,"cards_obtained":["Ghostly","Ghostly","Ghostly","Ghostly","Ghostly"]},{"damage_healed":0,"gold_gain":0,"player_choice":"Read","damage_taken":0,"max_hp_gain":0,"max_hp_loss":0,"event_name":"The Library","floor":21,"gold_loss":0,"cards_obtained":["Corruption"]},{"damage_healed":0,"gold_gain":100,"player_choice":"Bet on Murderer","damage_taken":0,"max_hp_gain":0,"max_hp_loss":0,"event_name":"The Joust","floor":30,"gold_loss":50},{"damage_healed":0,"gold_gain":0,"player_choice":"Fight","damage_taken":0,"max_hp_gain":0,"max_hp_loss":0,"event_name":"MindBloom","floor":36,"gold_loss":0},{"damage_healed":0,"gold_gain":0,"player_choice":"Embrace Madness","damage_taken":13,"max_hp_gain":0,"max_hp_loss":0,"event_name":"Winding Halls","floor":45,"gold_loss":0,"cards_obtained":["Madness","Madness"]}],"is_beta":false,"boss_relics":[{"not_picked":["Philosopher\u0027s Stone","Tiny House"],"picked":"Sozu"},{"not_picked":["Runic Dome","Runic Cube"],"picked":"White Beast Statue"}],"items_purged_floors":[37,39],"is_endless":false,"potions_floor_spawned":[4,11,14,24,25,31,33,35,36,38,41,42,44,47,48,54],"ascension_level":0}