{"gold_per_floor":[217,217,232,251,27,59,77,93,139,49,66,80,95,107,107,203,203,219,242,2,2,17,48,64,0,0,0,14,14,30,46,46,46],"floor_reached":33,"playtime":2396,"items_purged":["Strike_B","Strike_B"],"score":275,"play_id":"4f02565e-70ad-42ea-a0dd-e1e8ed20c52c","local_time":"20190831145010","is_ascension_mode":false,"campfire_choices":[{"data":"Echo Form","floor":15,"key":"SMITH"},{"data":"Sunder","floor":27,"key":"SMITH"},{"floor":29,"key":"REST"},{"floor":32,"key":"REST"}],"neow_cost":"NONE","seed_source_timestamp":15090955274645,"circlet_count":0,"master_deck":["Strike_B","Defend_B","Defend_B","Defend_B","Defend_B","Zap","Dualcast","Auto Shields","Conserve Battery","Chill","Turbo","Skim","Darkness","Flash of Steel","Echo Form+1","Cold Snap","Sunder+1","Fusion","Reboot","Gash","Ball Lightning","Beam Cell","Go for the Eyes","Defragment+1"],"relics":["Cracked Core","Centennial Puzzle","Lantern","Potion Belt","Busted Crown","MawBank","Bronze Scales","Shuriken","The Courier"],"potions_floor_usage":[16,16,16,22],"damage_taken":[{"damage":12,"enemies":"Small Slimes","floor":1,"turns":2},{"damage":0,"enemies":"Cultist","floor":3,"turns":3},{"damage":1,"enemies":"Jaw Worm","floor":4,"turns":3},{"damage":20,"enemies":"3 Sentries","floor":6,"turns":12},{"damage":2,"enemies":"Red Slaver","floor":7,"turns":4},{"damage":6,"enemies":"Large Slime","floor":8,"turns":6},{"damage":0,"enemies":"2 Fungi Beasts","floor":11,"turns":3},{"damage":2,"enemies":"Lots of Slimes","floor":12,"turns":7},{"damage":3,"enemies":"Red Slaver","floor":13,"turns":3},{"damage":0,"enemies":"2 Fungi Beasts","floor":14,"turns":4},{"damage":8,"enemies":"The Guardian","floor":16,"turns":12},{"damage":13,"enemies":"3 Byrds","floor":18,"turns":4},{"damage":0,"enemies":"Spheric Guardian","floor":22,"turns":4},{"damage":9,"enemies":"Book of Stabbing","floor":23,"turns":7},{"damage":5,"enemies":"Centurion and Healer","floor":24,"turns":7},{"damage":18,"enemies":"Snake Plant","floor":28,"turns":3},{"damage":20,"enemies":"Chosen and Byrds","floor":30,"turns":5},{"damage":2,"enemies":"Centurion and Healer","floor":31,"turns":4},{"damage":59,"enemies":"Automaton","floor":33,"turns":10}],"seed_played":"1977737557094582941","potions_obtained":[{"floor":1,"key":"Ancient Potion"},{"floor":7,"key":"FocusPotion"},{"floor":8,"key":"SkillPotion"},{"floor":11,"key":"SkillPotion"},{"floor":18,"key":"Block Potion"},{"floor":28,"key":"Ancient Potion"}],"is_trial":false,"path_per_floor":["M","?","M","M","$","E","M","M","T","$","M","M","M","M","R","B",null,"M","T","$","?","M","E","M","?","T","R","M","R","M","M","R","B"],"character_chosen":"DEFECT","items_purchased":["Centennial Puzzle","Flash of Steel","Bronze Scales"],"campfire_rested":2,"item_purchase_floors":[5,10,20],"current_hp_per_floor":[63,63,63,62,62,42,40,34,34,34,34,32,29,29,29,21,75,62,62,62,62,62,53,48,48,48,48,30,52,32,30,52,0],"gold":46,"neow_bonus":"HUNDRED_GOLD","is_prod":false,"is_daily":false,"chose_seed":false,"campfire_upgraded":2,"win_rate":0,"timestamp":1567234210,"path_taken":["M","?","?","?","?","E","M","?","T","?","M","M","?","?","R","BOSS","M","?","$","?","M","E","?","?","T","R","M","R","M","M","R","BOSS"],"build_version":"2019-07-17","purchased_purges":2,"victory":false,"max_hp_per_floor":[75,75,75,75,75,75,75,75,75,75,75,75,75,75,75,75,75,75,75,75,75,75,75,75,75,75,75,75,75,75,75,75,75],"card_choices":[{"not_picked":["Hologram","Reinforced Body"],"picked":"Auto Shields","floor":1},{"not_picked":["Steam","Force Field"],"picked":"Conserve Battery","floor":3},{"not_picked":["Ball Lightning","Barrage"],"picked":"Chill","floor":4},{"not_picked":["Hologram","Blizzard"],"picked":"Turbo","floor":6},{"not_picked":["Conserve Battery","Reinforced Body"],"picked":"Skim","floor":7},{"not_picked":["Rebound","Conserve Battery"],"picked":"Darkness","floor":8},{"not_picked":["Turbo","Hologram"],"picked":"Echo Form","floor":11},{"not_picked":["Sweeping Beam","Streamline"],"picked":"Cold Snap","floor":12},{"not_picked":["Chaos","Storm"],"picked":"Sunder","floor":13},{"not_picked":["Leap","Self Repair"],"picked":"Fusion","floor":14},{"not_picked":["Meteor Strike","Amplify"],"picked":"Reboot","floor":16},{"not_picked":[],"picked":"Gash","floor":18},{"not_picked":[],"picked":"Ball Lightning","floor":22},{"not_picked":[],"picked":"Beam Cell","floor":23},{"not_picked":["Darkness"],"picked":"SKIP","floor":24},{"not_picked":[],"picked":"Go for the Eyes","floor":28},{"not_picked":[],"picked":"Defragment+1","floor":30},{"not_picked":["Lockon"],"picked":"SKIP","floor":31}],"player_experience":251963,"relics_obtained":[{"floor":6,"key":"Lantern"},{"floor":9,"key":"Potion Belt"},{"floor":19,"key":"MawBank"},{"floor":23,"key":"Shuriken"},{"floor":26,"key":"The Courier"}],"event_choices":[{"damage_healed":0,"gold_gain":0,"player_choice":"Ignored","damage_taken":0,"max_hp_gain":0,"max_hp_loss":0,"event_name":"NoteForYourself","floor":2,"gold_loss":0},{"cards_removed":["Strike_B"],"damage_healed":0,"gold_gain":0,"player_choice":"Purged","damage_taken":0,"max_hp_gain":0,"max_hp_loss":0,"event_name":"Purifier","floor":21,"gold_loss":0},{"damage_healed":0,"gold_gain":0,"player_choice":"Paid Fearfully","damage_taken":0,"max_hp_gain":0,"max_hp_loss":0,"event_name":"Masked Bandits","floor":25,"gold_loss":64}],"is_beta":false,"boss_relics":[{"not_picked":["Sozu","Ectoplasm"],"picked":"Busted Crown"}],"items_purged_floors":[5,20],"is_endless":false,"potions_floor_spawned":[1,7,8,11,18,28],"killed_by":"Automaton","ascension_level":0}