{"gold_per_floor":[118,43,43,56,69,69,89,89,89,89,102,102,102,125,125,229,229,242,259,279,279,46,46,59,74,74,91,107,118,132,145,145,240,240,257,257,23,23,74,99,99,132,132,152,152,172,183,26,26,26],"floor_reached":50,"playtime":3284,"items_purged":["Dualcast","Strike_B","Strike_B","Parasite"],"score":623,"play_id":"c0840d7c-fe04-4461-a732-ff7d2db5f60a","local_time":"20190215092602","is_ascension_mode":true,"campfire_choices":[{"data":"Zap","floor":6.0,"key":"SMITH"},{"data":"Self Repair","floor":8.0,"key":"SMITH"},{"data":"Cold Snap","floor":13.0,"key":"SMITH"},{"floor":15.0,"key":"REST"},{"floor":23.0,"key":"REST"},{"floor":32.0,"key":"REST"},{"floor":45.0,"key":"RECALL"},{"data":"Defragment","floor":49,"key":"SMITH"}],"neow_cost":"NONE","seed_source_timestamp":0,"circlet_count":0,"master_deck":["Strike_B","Strike_B+1","Defend_B","Defend_B","Defend_B+1","Zap+1","Cold Snap+1","Self Repair+1","Core Surge","Reinforced Body","Streamline","Cold Snap+1","The Bomb+1","Sunder","Defragment+1","Echo Form","BootSequence+1","Apotheosis+1","Conserve Battery+1","Core Surge","Conserve Battery+1","Loop","Conserve Battery+1"],"special_seed":0,"relics":["Cracked Core","Happy Flower","The Courier","PreservedInsect","Odd Mushroom","Sozu","Toxic Egg 2","Pen Nib","Lizard Tail","Ginger","Centennial Puzzle","DataDisk"],"potions_floor_usage":[],"damage_taken":[{"damage":0.0,"enemies":"Cultist","floor":1.0,"turns":3.0},{"damage":3.0,"enemies":"2 Louse","floor":4.0,"turns":3.0},{"damage":0.0,"enemies":"Small Slimes","floor":5.0,"turns":3.0},{"damage":6.0,"enemies":"Blue Slaver","floor":7.0,"turns":3.0},{"damage":13.0,"enemies":"3 Louse","floor":11.0,"turns":4.0},{"damage":17.0,"enemies":"The Mushroom Lair","floor":14.0,"turns":4.0},{"damage":10.0,"enemies":"The Guardian","floor":16.0,"turns":12.0},{"damage":23.0,"enemies":"2 Thieves","floor":18.0,"turns":4.0},{"damage":0.0,"enemies":"Shell Parasite","floor":19.0,"turns":8.0},{"damage":39.0,"enemies":"Centurion and Healer","floor":20.0,"turns":8.0},{"damage":24.0,"enemies":"Snake Plant","floor":24.0,"turns":5.0},{"damage":4.0,"enemies":"Shelled Parasite and Fungi","floor":25.0,"turns":7.0},{"damage":15.0,"enemies":"Centurion and Healer","floor":27.0,"turns":5.0},{"damage":19.0,"enemies":"Snake Plant","floor":28.0,"turns":5.0},{"damage":22.0,"enemies":"Snecko","floor":29.0,"turns":4.0},{"damage":1.0,"enemies":"Cultist and Chosen","floor":30.0,"turns":6.0},{"damage":12.0,"enemies":"Sentry and Sphere","floor":31.0,"turns":4.0},{"damage":54.0,"enemies":"Collector","floor":33.0,"turns":13.0},{"damage":16.0,"enemies":"3 Darklings","floor":35.0,"turns":3.0},{"damage":56.0,"enemies":"2 Orb Walkers","floor":39.0,"turns":5.0},{"damage":35.0,"enemies":"Nemesis","floor":40.0,"turns":11.0},{"damage":7.0,"enemies":"Giant Head","floor":42.0,"turns":8.0},{"damage":9.0,"enemies":"3 Shapes","floor":44.0,"turns":4.0},{"damage":7.0,"enemies":"Spire Growth","floor":46.0,"turns":6.0},{"damage":5.0,"enemies":"Writhing Mass","floor":47.0,"turns":5.0},{"damage":78,"enemies":"Time Eater","floor":50,"turns":10}],"seed_played":"-374564692708996604","potions_obtained":[{"floor":1.0,"key":"Poison Potion"},{"floor":4.0,"key":"Weak Potion"},{"floor":11.0,"key":"Fire Potion"},{"floor":16.0,"key":"SpeedPotion"}],"is_trial":false,"path_per_floor":["M","$","?","M","M","R","M","R","T","?","M","T","R","?","R","B",null,"M","M","M","?","$","R","M","M","T","M","M","M","M","M","R","B",null,"M","?","$","?","?","E","?","E","T","M","R","M","M","$","R","B"],"character_chosen":"DEFECT","items_purchased":["The Bomb+1","Apotheosis+1","Conserve Battery+1"],"campfire_rested":3,"item_purchase_floors":[22,37,48],"current_hp_per_floor":[75,75,60,57,57,57,58,58,58,63,60,60,60,53,77,77,79,66,76,47,47,47,71,57,63,63,58,49,37,46,44,68,24,66,60,60,60,60,14,35,70,70,70,61,61,64,69,67,67,0],"gold":26,"neow_bonus":"RANDOM_COMMON_RELIC","is_prod":false,"is_daily":false,"chose_seed":false,"campfire_upgraded":4,"win_rate":0,"timestamp":1550244362,"path_taken":["M","?","?","M","M","R","M","R","T","?","M","?","R","?","R","BOSS","M","M","M","?","$","R","M","M","T","M","M","M","M","M","R","BOSS","M","?","$","?","?","E","?","E","T","M","R","?","M","?","R","BOSS"],"build_version":"2019-01-23","purchased_purges":4,"victory":false,"max_hp_per_floor":[75,75,75,75,75,75,75,75,75,80,80,80,80,80,80,80,80,80,80,80,80,80,80,80,80,80,80,80,80,80,80,80,80,80,80,80,80,80,80,80,70,70,70,70,70,70,70,67,67,67],"card_choices":[{"not_picked":["Reprogram","Gash","Coolheaded"],"picked":"SKIP","floor":1.0},{"not_picked":["Doom and Gloom","Beam Cell"],"picked":"Cold Snap","floor":4.0},{"not_picked":["Redo","Consume"],"picked":"Self Repair","floor":5.0},{"not_picked":["Static Discharge","Barrage","Reprogram"],"picked":"SKIP","floor":7.0},{"not_picked":["Coolheaded","Chaos","Hologram"],"picked":"SKIP","floor":11.0},{"not_picked":["Hyperbeam","Thunder Strike"],"picked":"Core Surge","floor":16.0},{"not_picked":["Hologram","Reprogram"],"picked":"Reinforced Body","floor":18.0},{"not_picked":["Blizzard","Aggregate"],"picked":"Streamline","floor":19.0},{"not_picked":["Hologram","Double Energy"],"picked":"Cold Snap+1","floor":20.0},{"not_picked":["Skim+1","Chaos+1","Aggregate+1"],"picked":"SKIP","floor":24.0},{"not_picked":["Hello World","Beam Cell","Go for the Eyes"],"picked":"SKIP","floor":25.0},{"not_picked":["Steam+1","Go for the Eyes","Recycle+1"],"picked":"SKIP","floor":27.0},{"not_picked":["Hologram+1","Aggregate+1","Coolheaded+1"],"picked":"SKIP","floor":28.0},{"not_picked":["Stack+1","Rebound+1","Go for the Eyes"],"picked":"SKIP","floor":29.0},{"not_picked":["Leap+1","Machine Learning"],"picked":"Sunder","floor":30.0},{"not_picked":["Redo+1","Reinforced Body+1"],"picked":"Defragment","floor":31.0},{"not_picked":["Multi-Cast+1","Creative AI"],"picked":"Echo Form","floor":33.0},{"not_picked":["Double Energy+1","Sweeping Beam"],"picked":"BootSequence+1","floor":35.0},{"not_picked":["Gash","Darkness+1"],"picked":"Conserve Battery+1","floor":39.0},{"not_picked":["Streamline+1","Storm+1"],"picked":"Core Surge","floor":40.0},{"not_picked":["Compile Driver+1","Biased Cognition","Go for the Eyes"],"picked":"SKIP","floor":42.0},{"not_picked":["Consume+1","Blizzard","Hologram+1"],"picked":"SKIP","floor":44.0},{"not_picked":["Coolheaded+1","Go for the Eyes+1"],"picked":"Conserve Battery+1","floor":46.0},{"not_picked":["Darkness+1","Beam Cell"],"picked":"Loop","floor":47.0}],"player_experience":1356823,"relics_obtained":[{"floor":9.0,"key":"The Courier"},{"floor":12.0,"key":"PreservedInsect"},{"floor":14.0,"key":"Odd Mushroom"},{"floor":26.0,"key":"Pen Nib"},{"floor":39.0,"key":"Ginger"},{"floor":40.0,"key":"Centennial Puzzle"},{"floor":42.0,"key":"DataDisk"}],"event_choices":[{"damage_healed":0.0,"max_hp_gain":0.0,"max_hp_loss":0.0,"gold_gain":0.0,"event_name":"Shining Light","player_choice":"Entered Light","floor":3.0,"gold_loss":0.0,"damage_taken":15.0,"cards_upgraded":["Strike_B","Defend_B"]},{"damage_healed":0.0,"max_hp_gain":5.0,"max_hp_loss":0.0,"gold_gain":0.0,"event_name":"Big Fish","player_choice":"Donut","floor":10.0,"gold_loss":0.0,"damage_taken":0.0},{"damage_healed":0.0,"max_hp_gain":0.0,"max_hp_loss":0.0,"gold_gain":0.0,"event_name":"Mushrooms","player_choice":"Fought Mushrooms","floor":14.0,"gold_loss":0.0,"damage_taken":0.0},{"damage_healed":0.0,"max_hp_gain":0.0,"max_hp_loss":0.0,"gold_gain":0.0,"event_name":"The Mausoleum","player_choice":"Opened","floor":21.0,"gold_loss":0.0,"damage_taken":0.0,"relics_obtained":["Toxic Egg 2"]},{"damage_healed":0.0,"max_hp_gain":0.0,"max_hp_loss":0.0,"gold_gain":0.0,"event_name":"Tomb of Lord Red Mask","player_choice":"Ignored","floor":36.0,"gold_loss":0.0,"damage_taken":0.0},{"cards_removed":["Defend_B"],"damage_healed":0.0,"max_hp_gain":0.0,"max_hp_loss":0.0,"gold_gain":0.0,"event_name":"Falling","player_choice":"Removed Skill","floor":38.0,"gold_loss":0.0,"damage_taken":0.0},{"damage_healed":0.0,"max_hp_gain":0.0,"max_hp_loss":0.0,"gold_gain":0.0,"event_name":"Mysterious Sphere","player_choice":"Fight","floor":39.0,"gold_loss":0.0,"damage_taken":0.0},{"damage_healed":70.0,"max_hp_gain":0.0,"max_hp_loss":10.0,"gold_gain":0.0,"event_name":"The Moai Head","player_choice":"Heal","floor":41.0,"gold_loss":0.0,"damage_taken":0.0}],"is_beta":false,"boss_relics":[{"not_picked":["Velvet Choker","FrozenCore"],"picked":"Sozu"},{"not_picked":["Eternal Feather","White Beast Statue"],"picked":"Lizard Tail"}],"items_purged_floors":[2,22,37,48],"is_endless":false,"potions_floor_spawned":[1,4,11,16,18,24,25,29,31,33,40,42,44,47],"killed_by":"Time Eater","ascension_level":5}