{"gold_per_floor":[113,128,139,159,159,193,193,223,223,223,223],"floor_reached":11,"playtime":321,"items_purged":[],"score":113,"play_id":"0f0a92f9-d479-4ae4-9080-a3437250035e","local_time":"20190731183544","is_ascension_mode":true,"campfire_choices":[{"data":"Defend_R","floor":7,"key":"SMITH"},{"data":"Defend_R","floor":10,"key":"SMITH"}],"neow_cost":"NONE","seed_source_timestamp":1707402343429963,"circlet_count":0,"master_deck":["AscendersBane","Strike_R","Strike_R","Strike_R","Strike_R","Strike_R","Defend_R","Defend_R","Defend_R+1","Defend_R+1","Bash","Battle Trance"],"relics":["Coffee Dripper","Omamori","Pocketwatch","Molten Egg 2"],"potions_floor_usage":[6,6],"damage_taken":[{"damage":0,"enemies":"Cultist","floor":1,"turns":4},{"damage":7,"enemies":"Jaw Worm","floor":2,"turns":3},{"damage":6,"enemies":"2 Louse","floor":3,"turns":3},{"damage":9,"enemies":"Red Slaver","floor":4,"turns":3},{"damage":62,"enemies":"Lagavulin","floor":6,"turns":7},{"damage":10,"enemies":"Large Slime","floor":11,"turns":3}],"seed_played":"8403447072895825143","potions_obtained":[{"floor":3,"key":"BloodPotion"},{"floor":4,"key":"LiquidBronze"}],"is_trial":false,"path_per_floor":["M","M","M","M","?","E","R","?","T","R","M"],"character_chosen":"IRONCLAD","items_purchased":[],"campfire_rested":0,"item_purchase_floors":[],"current_hp_per_floor":[72,65,59,50,47,5,5,5,5,5,0],"gold":223,"neow_bonus":"BOSS_RELIC","is_prod":false,"is_daily":false,"chose_seed":false,"campfire_upgraded":2,"win_rate":0,"timestamp":1564616144,"path_taken":["M","M","?","M","?","E","R","?","T","R","M"],"build_version":"2019-07-17","purchased_purges":0,"victory":false,"max_hp_per_floor":[80,80,80,80,80,80,80,80,80,80,80],"card_choices":[{"not_picked":["Cleave","Iron Wave","Anger"],"picked":"SKIP","floor":1},{"not_picked":["Perfected Strike","Combust","Pummel"],"picked":"SKIP","floor":2},{"not_picked":["Sword Boomerang","Shockwave","Pommel Strike"],"picked":"SKIP","floor":3},{"not_picked":["Headbutt","Havoc","Sword Boomerang"],"picked":"SKIP","floor":4},{"not_picked":["Rampage","Headbutt"],"picked":"Battle Trance","floor":6}],"player_experience":2602738,"relics_obtained":[{"floor":6,"key":"Pocketwatch"},{"floor":9,"key":"Molten Egg 2"}],"event_choices":[{"damage_healed":0,"gold_gain":0,"player_choice":"Success","damage_taken":3,"relics_obtained":["Omamori"],"max_hp_gain":0,"max_hp_loss":0,"event_name":"Scrap Ooze","floor":5,"gold_loss":0},{"damage_healed":0,"gold_gain":30,"player_choice":"Searched \u00271\u0027 times","damage_taken":0,"max_hp_gain":0,"max_hp_loss":0,"event_name":"Dead Adventurer","floor":8,"gold_loss":0}],"is_beta":false,"boss_relics":[],"items_purged_floors":[],"is_endless":false,"potions_floor_spawned":[3,4],"killed_by":"Large Slime","ascension_level":11}