{"gold_per_floor":[110,110,129,139,158,183,183,258,258,258],"floor_reached":10,"playtime":386,"items_purged":[],"score":102,"play_id":"e4f902c1-45eb-4932-9d43-d931260c4901","local_time":"20190728134416","is_ascension_mode":true,"campfire_choices":[{"floor":7,"key":"REST"}],"neow_cost":"CURSE","seed_source_timestamp":1430648895179343,"circlet_count":0,"master_deck":["AscendersBane","Strike_B","Strike_B","Strike_B","Strike_B","Defend_B","Defend_B","Defend_B","Defend_B","Zap","Dualcast","Dark Shackles","Discovery","Capacitor","FTL","Streamline"],"relics":["Cracked Core","Bag of Marbles","Frozen Egg 2"],"potions_floor_usage":[6,6,6],"damage_taken":[{"damage":0,"enemies":"Small Slimes","floor":1,"turns":3},{"damage":6,"enemies":"2 Louse","floor":3,"turns":5},{"damage":1,"enemies":"Cultist","floor":4,"turns":4},{"damage":17,"enemies":"Red Slaver","floor":5,"turns":4},{"damage":36,"enemies":"3 Sentries","floor":6,"turns":7},{"damage":13,"enemies":"Gremlin Nob","floor":10,"turns":2}],"seed_played":"-5955865965602975134","potions_obtained":[{"floor":1,"key":"FearPotion"},{"floor":3,"key":"Fire Potion"},{"floor":5,"key":"Ancient Potion"}],"is_trial":false,"path_per_floor":["M","?","M","M","M","E","R","?","T","E"],"character_chosen":"DEFECT","items_purchased":[],"campfire_rested":1,"item_purchase_floors":[],"current_hp_per_floor":[68,61,55,54,37,1,23,12,12,0],"gold":258,"neow_bonus":"RANDOM_COLORLESS_2","is_prod":false,"is_daily":false,"chose_seed":false,"campfire_upgraded":0,"win_rate":0,"timestamp":1564339456,"path_taken":["M","?","M","M","M","E","R","?","T","E"],"build_version":"2019-07-17","purchased_purges":0,"victory":false,"max_hp_per_floor":[75,75,75,75,75,75,75,75,75,75],"card_choices":[{"not_picked":["Hologram","Conserve Battery"],"picked":"Capacitor","floor":1},{"not_picked":["Cold Snap","Double Energy"],"picked":"FTL","floor":3},{"not_picked":["Rebound","Consume","Double Energy"],"picked":"SKIP","floor":4},{"not_picked":["Auto Shields","Genetic Algorithm"],"picked":"Streamline","floor":5},{"not_picked":["Coolheaded","Rebound","Beam Cell"],"picked":"SKIP","floor":6}],"player_experience":2556565,"relics_obtained":[{"floor":6,"key":"Bag of Marbles"},{"floor":9,"key":"Frozen Egg 2"}],"event_choices":[{"cards_removed":["Writhe"],"damage_healed":0,"gold_gain":0,"player_choice":"Card Removal","damage_taken":7,"max_hp_gain":0,"max_hp_loss":0,"event_name":"Golden Wing","floor":2,"gold_loss":0},{"damage_healed":0,"gold_gain":75,"player_choice":"Gather Gold","damage_taken":11,"max_hp_gain":0,"max_hp_loss":0,"event_name":"World of Goop","floor":8,"gold_loss":0}],"is_beta":false,"boss_relics":[],"items_purged_floors":[],"is_endless":false,"potions_floor_spawned":[1,3,5],"killed_by":"Gremlin Nob","ascension_level":10}