{"gold_per_floor":[110,110,124,139,158,193,193,221,267,5,5,5,17,17,17,116,116,132,157,256,256,109,109,123,223,301,301,176,176,59,72,72,175,175,189,189,200,17,27,27,43,43],"floor_reached":42,"playtime":2236,"items_purged":["Strike_G","Defend_G","Defend_G"],"score":586,"play_id":"9320ca00-9515-4ebf-8313-0d3f1443437b","local_time":"20190712135404","is_ascension_mode":true,"campfire_choices":[{"floor":7,"key":"REST"},{"floor":11,"key":"REST"},{"floor":15,"key":"REST"},{"floor":23,"key":"REST"},{"floor":27,"key":"REST"},{"floor":29,"key":"REST"},{"floor":32,"key":"REST"},{"floor":40,"key":"REST"}],"neow_cost":"TEN_PERCENT_HP_LOSS","seed_source_timestamp":46948413931832,"circlet_count":0,"master_deck":["Defend_G","Defend_G","Survivor","Neutralize","Dramatic Entrance","Forethought","Die Die Die","Neutralize","Flying Knee","Backstab","Footwork","Bouncing Flask","Adrenaline","Deadly Poison","Bullet Time","Calculated Gamble","Backflip","Footwork","Bouncing Flask","Corpse Explosion","Panache"],"relics":["Ring of the Snake","Juzu Bracelet","Letter Opener","Lantern","Tiny Chest","Empty Cage","Red Mask","Busted Crown","Paper Crane"],"potions_floor_usage":[16,16,16,33,33],"damage_taken":[{"damage":6,"enemies":"Jaw Worm","floor":1,"turns":5},{"damage":0,"enemies":"Cultist","floor":3,"turns":4},{"damage":0,"enemies":"Small Slimes","floor":4,"turns":3},{"damage":5,"enemies":"2 Fungi Beasts","floor":5,"turns":3},{"damage":17,"enemies":"3 Sentries","floor":6,"turns":6},{"damage":51,"enemies":"Lagavulin","floor":8,"turns":10},{"damage":0,"enemies":"3 Louse","floor":13,"turns":1},{"damage":11,"enemies":"Hexaghost","floor":16,"turns":9},{"damage":4,"enemies":"Chosen","floor":18,"turns":6},{"damage":45,"enemies":"Masked Bandits","floor":19,"turns":9},{"damage":16,"enemies":"2 Thieves","floor":24,"turns":4},{"damage":10,"enemies":"Centurion and Healer","floor":31,"turns":7},{"damage":80,"enemies":"Automaton","floor":33,"turns":12},{"damage":1,"enemies":"3 Darklings","floor":35,"turns":2},{"damage":15,"enemies":"Orb Walker","floor":37,"turns":4},{"damage":16,"enemies":"Writhing Mass","floor":39,"turns":6},{"damage":21,"enemies":"4 Shapes","floor":41,"turns":4},{"damage":27,"enemies":"Nemesis","floor":42,"turns":6}],"seed_played":"-8818941896455365983","potions_obtained":[{"floor":3,"key":"SpeedPotion"},{"floor":4,"key":"LiquidBronze"},{"floor":5,"key":"Block Potion"},{"floor":8,"key":"Fire Potion"},{"floor":18,"key":"Regen Potion"},{"floor":19,"key":"Regen Potion"},{"floor":39,"key":"Weak Potion"}],"is_trial":false,"path_per_floor":["M","?","M","M","M","E","R","E","T","$","R","?","M","?","R","B",null,"M","?","?","?","$","R","M","?","T","R","$","R","$","M","R","B",null,"M","T","M","$","M","R","M","E"],"character_chosen":"THE_SILENT","items_purchased":["Tiny Chest","Bouncing Flask","Backflip","Footwork","Bouncing Flask","Panache"],"campfire_rested":8,"item_purchase_floors":[10,10,22,30,30,38],"current_hp_per_floor":[57,57,57,57,52,35,53,2,2,2,20,13,13,18,38,27,58,54,9,9,9,9,29,13,13,13,33,33,53,53,43,63,35,60,59,59,44,44,28,48,27,0],"gold":43,"neow_bonus":"RANDOM_COLORLESS_2","is_prod":false,"is_daily":false,"chose_seed":false,"campfire_upgraded":0,"win_rate":0,"timestamp":1562957644,"path_taken":["M","?","M","M","M","E","R","E","T","?","R","?","M","?","R","BOSS","M","?","?","?","$","R","M","?","T","R","$","R","?","M","R","BOSS","M","?","M","?","M","R","M","E"],"build_version":"2019-07-05","purchased_purges":3,"victory":false,"max_hp_per_floor":[63,63,63,63,63,63,63,63,63,63,63,63,63,68,68,68,68,68,68,68,68,68,68,68,68,68,68,68,68,68,68,68,68,68,68,68,68,68,68,68,68,68],"card_choices":[{"not_picked":["Tactician","Deflect","Bane"],"picked":"SKIP","floor":1},{"not_picked":["Distraction","Crippling Poison"],"picked":"Flying Knee","floor":3},{"not_picked":["PiercingWail","Riddle With Holes"],"picked":"Backstab","floor":4},{"not_picked":["Poisoned Stab","Storm of Steel","Finisher"],"picked":"SKIP","floor":5},{"not_picked":["Dodge and Roll","Calculated Gamble"],"picked":"Footwork","floor":6},{"not_picked":["Leg Sweep","Deflect","Caltrops"],"picked":"SKIP","floor":8},{"not_picked":["Endless Agony","All Out Attack","Reflex"],"picked":"SKIP","floor":13},{"not_picked":["Unload","Storm of Steel"],"picked":"Adrenaline","floor":16},{"not_picked":["Flechettes","Outmaneuver","Poisoned Stab"],"picked":"SKIP","floor":18},{"not_picked":["Flechettes","All Out Attack"],"picked":"Deadly Poison","floor":19},{"not_picked":["Concentrate","PiercingWail","Acrobatics"],"picked":"SKIP","floor":24},{"not_picked":["Dagger Spray","Cloak And Dagger","Blade Dance+1"],"picked":"SKIP","floor":31},{"not_picked":["Adrenaline","Tools of the Trade"],"picked":"Corpse Explosion","floor":33},{"not_picked":["Reflex+1"],"picked":"SKIP","floor":35},{"not_picked":["PiercingWail"],"picked":"SKIP","floor":37},{"not_picked":["Blade Dance"],"picked":"SKIP","floor":39},{"not_picked":["Dagger Throw+1"],"picked":"SKIP","floor":41}],"player_experience":2245088,"relics_obtained":[{"floor":6,"key":"Juzu Bracelet"},{"floor":8,"key":"Letter Opener"},{"floor":9,"key":"Lantern"},{"floor":19,"key":"Red Mask"},{"floor":36,"key":"Paper Crane"}],"event_choices":[{"damage_healed":0,"gold_gain":0,"player_choice":"2 cards matched","damage_taken":0,"max_hp_gain":0,"max_hp_loss":0,"event_name":"Match and Keep!","floor":2,"gold_loss":0,"cards_obtained":["Die Die Die","Neutralize"]},{"cards_removed":["Strike_G"],"damage_healed":0,"gold_gain":0,"player_choice":"Card Removal","damage_taken":7,"max_hp_gain":0,"max_hp_loss":0,"event_name":"Golden Wing","floor":12,"gold_loss":0},{"damage_healed":0,"gold_gain":0,"player_choice":"Donut","damage_taken":0,"max_hp_gain":5,"max_hp_loss":0,"event_name":"Big Fish","floor":14,"gold_loss":0},{"damage_healed":0,"gold_gain":0,"player_choice":"Fought Bandits","damage_taken":0,"max_hp_gain":0,"max_hp_loss":0,"event_name":"Masked Bandits","floor":19,"gold_loss":0},{"damage_healed":0,"gold_gain":99,"player_choice":"Stole From Cult","damage_taken":0,"max_hp_gain":0,"max_hp_loss":0,"event_name":"Nest","floor":20,"gold_loss":0},{"damage_healed":0,"gold_gain":0,"cards_transformed":["Strike_G","Defend_G"],"player_choice":"Became Test Subject","damage_taken":0,"max_hp_gain":0,"max_hp_loss":0,"event_name":"Drug Dealer","floor":21,"gold_loss":0,"cards_obtained":["Bullet Time","Calculated Gamble"]},{"damage_healed":0,"gold_gain":100,"player_choice":"Pray","damage_taken":0,"max_hp_gain":0,"max_hp_loss":0,"event_name":"Golden Shrine","floor":25,"gold_loss":0}],"is_beta":false,"boss_relics":[{"not_picked":["Ectoplasm","Velvet Choker"],"picked":"Empty Cage"},{"not_picked":["Black Star","Snecko Eye"],"picked":"Busted Crown"}],"items_purged_floors":[10,22,28],"is_endless":false,"potions_floor_spawned":[3,4,5,8,13,18,19,39],"killed_by":"Nemesis","ascension_level":9}