{"gold_per_floor":[114,114,114,114,129,129,141,157,157,157,177,177,23,33,33,133,133,148,148,162,261,272,272,272,5,5,22,22,39,39,54,54,159,209,228,238,45,64,64,64],"floor_reached":40,"playtime":1896,"items_purged":["Strike_B","Consume"],"score":513,"play_id":"34ce86b5-a8e0-45e6-ad20-aef9ca622e2e","local_time":"20190227170230","is_ascension_mode":true,"campfire_choices":[{"data":"Zap","floor":6,"key":"SMITH"},{"floor":10,"key":"REST"},{"data":"Defragment","floor":12,"key":"SMITH"},{"floor":15,"key":"REST"},{"floor":23,"key":"REST"},{"data":"Defragment","floor":28,"key":"SMITH"},{"floor":30,"key":"REST"},{"floor":32,"key":"REST"}],"neow_cost":"NONE","seed_source_timestamp":1275725749603642,"circlet_count":0,"master_deck":["Defend_B","Defend_B","Defend_B","Defend_B","Zap+1","Defragment+1","Defragment+1","Streamline","Loop","Electrodynamics","Tempest","Chrysalis","Loop+1","Machine Learning","Chill"],"relics":["Cracked Core","Bottled Lightning","Sozu","DataDisk","Tiny House","ClockworkSouvenir"],"potions_floor_usage":[16,16,40],"damage_taken":[{"damage":7,"enemies":"Small Slimes","floor":1,"turns":3},{"damage":4,"enemies":"2 Louse","floor":5,"turns":4},{"damage":2,"enemies":"Jaw Worm","floor":7,"turns":5},{"damage":17,"enemies":"3 Louse","floor":8,"turns":5},{"damage":6,"enemies":"Blue Slaver","floor":11,"turns":4},{"damage":20,"enemies":"Exordium Wildlife","floor":14,"turns":5},{"damage":42,"enemies":"Hexaghost","floor":16,"turns":8},{"damage":23,"enemies":"2 Thieves","floor":18,"turns":3},{"damage":7,"enemies":"3 Byrds","floor":20,"turns":3},{"damage":27,"enemies":"Sentry and Sphere","floor":22,"turns":4},{"damage":12,"enemies":"3 Cultists","floor":27,"turns":3},{"damage":19,"enemies":"Centurion and Healer","floor":29,"turns":4},{"damage":38,"enemies":"Snake Plant","floor":31,"turns":3},{"damage":18,"enemies":"Champ","floor":33,"turns":10},{"damage":31,"enemies":"Orb Walker","floor":35,"turns":4},{"damage":4,"enemies":"3 Shapes","floor":36,"turns":3},{"damage":42,"enemies":"Jaw Worm Horde","floor":38,"turns":3},{"damage":147,"enemies":"Giant Head","floor":40,"turns":12}],"seed_played":"-3553164850972234622","potions_obtained":[{"floor":1,"key":"Regen Potion"},{"floor":8,"key":"Fire Potion"},{"floor":11,"key":"PowerPotion"},{"floor":16,"key":"Energy Potion"}],"is_trial":false,"path_per_floor":["M","?","?","?","M","R","M","M","T","R","M","R","$","M","R","B",null,"M","?","M","?","M","R","?","$","T","M","R","M","R","M","R","B",null,"M","M","$","M","?","E"],"character_chosen":"DEFECT","items_purchased":["Loop","Chrysalis","ClockworkSouvenir"],"campfire_rested":5,"item_purchase_floors":[13,25,37],"current_hp_per_floor":[68,73,66,66,62,62,60,43,43,69,63,63,63,43,69,42,76,53,82,75,75,48,74,74,74,74,62,62,43,69,31,57,39,80,49,45,45,3,80,0],"gold":64,"neow_bonus":"TEN_PERCENT_HP_BONUS","is_prod":false,"is_daily":false,"chose_seed":false,"campfire_upgraded":3,"win_rate":0,"timestamp":1551308550,"path_taken":["M","?","?","?","M","R","M","?","T","R","M","R","$","M","R","BOSS","M","?","M","?","M","R","?","$","T","M","R","M","R","M","R","BOSS","M","M","$","M","?","E"],"build_version":"2019-01-23","purchased_purges":2,"victory":false,"max_hp_per_floor":[82,87,87,87,87,87,87,87,87,87,87,87,87,87,87,87,87,87,87,87,87,87,87,87,87,87,87,87,87,87,87,87,87,92,92,92,92,92,80,80],"card_choices":[{"not_picked":["Beam Cell","Steam Power","Cold Snap"],"picked":"SKIP","floor":1},{"not_picked":["Reinforced Body","Recycle"],"picked":"Defragment","floor":5},{"not_picked":["BootSequence","Beam Cell"],"picked":"Defragment","floor":7},{"not_picked":["Barrage","Heatsinks","Steam"],"picked":"SKIP","floor":8},{"not_picked":["Reprogram","Leap"],"picked":"Streamline","floor":11},{"not_picked":["Sunder","Gash","Rebound"],"picked":"SKIP","floor":14},{"not_picked":["Fission","Amplify"],"picked":"Electrodynamics","floor":16},{"not_picked":["Turbo","Go for the Eyes","Hologram"],"picked":"SKIP","floor":18},{"not_picked":["Ball Lightning","Gash","Stack"],"picked":"SKIP","floor":20},{"not_picked":["Static Discharge","Cold Snap","Ball Lightning"],"picked":"SKIP","floor":22},{"not_picked":["Gash","Doom and Gloom","Reprogram"],"picked":"SKIP","floor":27},{"not_picked":["Steam+1","Doom and Gloom"],"picked":"Loop","floor":29},{"not_picked":["Chaos","Heatsinks+1","Cold Snap"],"picked":"SKIP","floor":31},{"not_picked":["Amplify","Biased Cognition"],"picked":"Machine Learning","floor":33},{"not_picked":["Turbo","Leap","Redo+1"],"picked":"SKIP","floor":35},{"not_picked":["Static Discharge+1","Compile Driver","Reprogram"],"picked":"SKIP","floor":36},{"not_picked":["Recycle+1","Reinforced Body+1"],"picked":"Chill","floor":38}],"player_experience":1527283,"relics_obtained":[{"floor":9,"key":"Bottled Lightning"},{"floor":26,"key":"DataDisk"}],"event_choices":[{"damage_healed":0,"gold_gain":0,"player_choice":"Donut","damage_taken":0,"max_hp_gain":5,"max_hp_loss":0,"event_name":"Big Fish","floor":2,"gold_loss":0},{"cards_removed":["Dualcast"],"damage_healed":0,"gold_gain":0,"player_choice":"Card Removal","damage_taken":7,"max_hp_gain":0,"max_hp_loss":0,"event_name":"Golden Wing","floor":3,"gold_loss":0},{"cards_removed":["Strike_B"],"damage_healed":0,"gold_gain":0,"player_choice":"Forget","damage_taken":0,"max_hp_gain":0,"max_hp_loss":0,"event_name":"Living Wall","floor":4,"gold_loss":0},{"damage_healed":29,"gold_gain":0,"player_choice":"Heal","damage_taken":0,"max_hp_gain":0,"max_hp_loss":0,"event_name":"The Library","floor":19,"gold_loss":0},{"damage_healed":0,"gold_gain":99,"player_choice":"Stole From Cult","damage_taken":0,"max_hp_gain":0,"max_hp_loss":0,"event_name":"Nest","floor":21,"gold_loss":0},{"damage_healed":0,"gold_gain":0,"cards_transformed":["Strike_B","Strike_B"],"player_choice":"Became Test Subject","damage_taken":0,"max_hp_gain":0,"max_hp_loss":0,"event_name":"Drug Dealer","floor":24,"gold_loss":0,"cards_obtained":["Tempest","Consume"]},{"damage_healed":80,"gold_gain":0,"player_choice":"Heal","damage_taken":0,"max_hp_gain":0,"max_hp_loss":12,"event_name":"The Moai Head","floor":39,"gold_loss":0}],"is_beta":false,"boss_relics":[{"not_picked":["Runic Dome","Astrolabe"],"picked":"Sozu"},{"not_picked":["Nuclear Battery","Coffee Dripper"],"picked":"Tiny House"}],"items_purged_floors":[13,25],"is_endless":false,"potions_floor_spawned":[1,8,11,16,20,29,31],"killed_by":"Giant Head","ascension_level":7}