{"gold_per_floor":[15,15,15,15,15,47,47,61,61,77,77,87,87,104,104,104],"floor_reached":16,"playtime":462,"items_purged":[],"score":150,"play_id":"3103e84c-1628-4e55-a603-8e92516a8cde","local_time":"20190715162636","is_ascension_mode":true,"campfire_choices":[{"data":"1","floor":7,"key":"LIFT"},{"data":"2","floor":13,"key":"LIFT"},{"data":"3","floor":15,"key":"LIFT"}],"neow_cost":"NO_GOLD","seed_source_timestamp":317079070135292,"circlet_count":0,"master_deck":["AscendersBane","Strike_R","Strike_R","Strike_R","Strike_R","Defend_R","Defend_R","Defend_R","Defend_R","Bash","Body Slam","Rampage","Barricade+1","Battle Trance"],"relics":["Burning Blood","Girya","Champion Belt","Bronze Scales","Frozen Egg 2"],"potions_floor_usage":[6,16],"damage_taken":[{"damage":4,"enemies":"2 Louse","floor":1,"turns":4},{"damage":42,"enemies":"Gremlin Nob","floor":6,"turns":6},{"damage":9,"enemies":"Small Slimes","floor":8,"turns":4},{"damage":0,"enemies":"Cultist","floor":10,"turns":3},{"damage":19,"enemies":"Exordium Thugs","floor":12,"turns":5},{"damage":20,"enemies":"Exordium Wildlife","floor":14,"turns":6},{"damage":43,"enemies":"Hexaghost","floor":16,"turns":10}],"seed_played":"7328854557038603077","potions_obtained":[{"floor":1,"key":"EssenceOfSteel"},{"floor":8,"key":"BloodPotion"}],"is_trial":false,"path_per_floor":["M","?","?","?","$","E","R","M","T","M","T","M","R","M","R","B"],"character_chosen":"IRONCLAD","items_purchased":[],"campfire_rested":0,"item_purchase_floors":[],"current_hp_per_floor":[74,74,74,79,79,43,43,40,40,46,46,33,33,19,19,0],"gold":104,"neow_bonus":"ONE_RARE_RELIC","is_prod":false,"is_daily":false,"chose_seed":false,"campfire_upgraded":0,"win_rate":0,"timestamp":1563225996,"path_taken":["M","?","?","?","$","E","R","M","T","M","?","M","R","M","R","BOSS"],"build_version":"2019-07-05","purchased_purges":0,"victory":false,"max_hp_per_floor":[80,80,80,85,85,85,85,85,85,85,85,85,85,85,85,85],"card_choices":[{"not_picked":["Hemokinesis","Thunderclap","Headbutt"],"picked":"SKIP","floor":1},{"not_picked":["Rage","Warcry","Perfected Strike"],"picked":"SKIP","floor":6},{"not_picked":["Corruption","Heavy Blade"],"picked":"Rampage","floor":8},{"not_picked":["Armaments","Power Through","Clothesline"],"picked":"SKIP","floor":10},{"not_picked":["Flex","Warcry"],"picked":"Barricade+1","floor":12},{"not_picked":["Wild Strike","Anger"],"picked":"Battle Trance","floor":14}],"player_experience":2338541,"relics_obtained":[{"floor":6,"key":"Champion Belt"},{"floor":9,"key":"Bronze Scales"},{"floor":11,"key":"Frozen Egg 2"}],"event_choices":[{"damage_healed":0,"gold_gain":0,"cards_transformed":["Strike_R"],"player_choice":"Change","damage_taken":0,"max_hp_gain":0,"max_hp_loss":0,"event_name":"Living Wall","floor":2,"gold_loss":0,"cards_obtained":["Body Slam"]},{"damage_healed":0,"gold_gain":0,"player_choice":"Ignored","damage_taken":0,"max_hp_gain":0,"max_hp_loss":0,"event_name":"Liars Game","floor":3,"gold_loss":0},{"damage_healed":0,"gold_gain":0,"player_choice":"Donut","damage_taken":0,"max_hp_gain":5,"max_hp_loss":0,"event_name":"Big Fish","floor":4,"gold_loss":0}],"is_beta":false,"boss_relics":[],"items_purged_floors":[],"is_endless":false,"potions_floor_spawned":[1,8],"killed_by":"Hexaghost","ascension_level":10}