{"gold_per_floor":[119,119,133,19,19,19,36,48,71,71,48,48,112,127,127,226,226,243,243,230,230,244,244,255,266,266,266,277,277,288,288,288,288],"floor_reached":33,"playtime":1712,"items_purged":["Pain"],"score":398,"play_id":"ce137b7c-b012-4b98-9de5-54092d1d772f","local_time":"20190821201358","is_ascension_mode":true,"campfire_choices":[{"data":"Defragment","floor":6,"key":"SMITH"},{"data":"Self Repair","floor":10,"key":"SMITH"},{"data":"Cold Snap","floor":12,"key":"SMITH"},{"data":"Cold Snap","floor":15,"key":"SMITH"},{"data":"FTL","floor":23,"key":"SMITH"},{"floor":27,"key":"REST"},{"floor":32,"key":"REST"}],"neow_cost":"NONE","seed_source_timestamp":670243931058100,"circlet_count":0,"master_deck":["AscendersBane","Strike_B+1","Strike_B+1","Strike_B+1","Strike_B+1","Defend_B+1","Defend_B+1","Defend_B+1","Defend_B+1","Zap+1","Dualcast","Self Repair+1","Cold Snap+1","Defragment+1","Cold Snap+1","Conserve Battery","Loop","Glacier","FTL+1"],"relics":["Cracked Core","WarpedTongs","Oddly Smooth Stone","Tiny Chest","Orrery","Frozen Egg 2","Bottled Tornado"],"potions_floor_usage":[16,16,25,33],"damage_taken":[{"damage":2,"enemies":"Jaw Worm","floor":1,"turns":4},{"damage":6,"enemies":"Cultist","floor":3,"turns":4},{"damage":13,"enemies":"Small Slimes","floor":7,"turns":4},{"damage":4,"enemies":"2 Fungi Beasts","floor":8,"turns":4},{"damage":14,"enemies":"3 Sentries","floor":13,"turns":9},{"damage":0,"enemies":"Large Slime","floor":14,"turns":5},{"damage":43,"enemies":"Hexaghost","floor":16,"turns":10},{"damage":6,"enemies":"Chosen","floor":18,"turns":6},{"damage":14,"enemies":"2 Thieves","floor":20,"turns":4},{"damage":3,"enemies":"Centurion and Healer","floor":22,"turns":9},{"damage":6,"enemies":"Snake Plant","floor":24,"turns":6},{"damage":19,"enemies":"Snecko","floor":25,"turns":7},{"damage":46,"enemies":"3 Cultists","floor":28,"turns":6},{"damage":30,"enemies":"Colosseum Slavers","floor":29,"turns":5},{"damage":9,"enemies":"Snake Plant","floor":30,"turns":5},{"damage":76,"enemies":"Champ","floor":33,"turns":16}],"seed_played":"1979656028147370669","potions_obtained":[{"floor":1,"key":"Poison Potion"},{"floor":13,"key":"Block Potion"},{"floor":22,"key":"FearPotion"},{"floor":24,"key":"SteroidPotion"},{"floor":25,"key":"Fruit Juice"}],"is_trial":false,"path_per_floor":["M","?","M","$","$","R","M","M","T","R","$","R","E","M","R","B",null,"M","?","M","?","M","R","M","M","T","R","M","?","M","T","R","B"],"character_chosen":"DEFECT","items_purchased":["Defragment","Cold Snap"],"campfire_rested":2,"item_purchase_floors":[4,11],"current_hp_per_floor":[66,66,67,67,67,67,61,64,64,64,64,64,60,70,70,37,66,70,70,66,52,59,59,63,59,59,84,48,28,29,29,54,0],"gold":288,"neow_bonus":"UPGRADE_CARD","is_prod":false,"is_daily":false,"chose_seed":false,"campfire_upgraded":5,"win_rate":0,"timestamp":1566436438,"path_taken":["M","?","M","?","$","R","M","M","T","R","$","R","E","M","R","BOSS","M","?","M","?","M","R","M","M","T","R","M","?","M","?","R","BOSS"],"build_version":"2019-07-17","purchased_purges":1,"victory":false,"max_hp_per_floor":[75,75,75,75,75,75,75,75,75,75,75,75,75,75,75,75,75,75,75,75,80,80,80,80,85,85,85,85,85,85,85,85,85],"card_choices":[{"not_picked":["Steam","Rebound"],"picked":"Self Repair","floor":1},{"not_picked":["Redo","Streamline"],"picked":"Cold Snap","floor":3},{"not_picked":["Stack","Doom and Gloom","Melter"],"picked":"SKIP","floor":7},{"not_picked":["Redo","White Noise","Steam"],"picked":"SKIP","floor":8},{"not_picked":["Streamline","Ball Lightning","Thunder Strike"],"picked":"SKIP","floor":13},{"not_picked":["Stack","Auto Shields","Storm"],"picked":"SKIP","floor":14},{"not_picked":["Hello World","Leap"],"picked":"Conserve Battery","floor":17},{"not_picked":["Scrape","Beam Cell"],"picked":"Loop","floor":17},{"not_picked":["Redo","Barrage"],"picked":"Glacier","floor":17},{"not_picked":["Go for the Eyes+1","Lockon","Barrage"],"picked":"SKIP","floor":18},{"not_picked":["Steam","Go for the Eyes"],"picked":"FTL","floor":20},{"not_picked":["Fission","Melter","Barrage"],"picked":"SKIP","floor":22},{"not_picked":["Redo","Go for the Eyes","Streamline"],"picked":"SKIP","floor":24},{"not_picked":["Auto Shields","Turbo","Beam Cell"],"picked":"SKIP","floor":25},{"not_picked":["Barrage","Stack","Reinforced Body"],"picked":"SKIP","floor":28},{"not_picked":["Sweeping Beam","Streamline","Darkness"],"picked":"SKIP","floor":30}],"player_experience":2888694,"relics_obtained":[{"floor":9,"key":"Oddly Smooth Stone"},{"floor":13,"key":"Tiny Chest"},{"floor":26,"key":"Frozen Egg 2"},{"floor":31,"key":"Bottled Tornado"}],"event_choices":[{"damage_healed":0,"gold_gain":0,"player_choice":"Rummage","damage_taken":0,"relics_obtained":["WarpedTongs"],"max_hp_gain":0,"max_hp_loss":0,"event_name":"Accursed Blacksmith","floor":2,"gold_loss":0,"cards_obtained":["Pain"]},{"damage_healed":0,"gold_gain":0,"player_choice":"Simplicity","damage_taken":0,"max_hp_gain":0,"max_hp_loss":0,"event_name":"Back to Basics","floor":19,"gold_loss":0,"cards_upgraded":["Strike_B","Strike_B","Strike_B","Strike_B","Defend_B","Defend_B","Defend_B","Defend_B"]},{"damage_healed":0,"gold_gain":0,"player_choice":"Shed Blood","damage_taken":19,"max_hp_gain":5,"max_hp_loss":0,"event_name":"Forgotten Altar","floor":21,"gold_loss":0},{"damage_healed":0,"gold_gain":0,"player_choice":"Fight","damage_taken":0,"max_hp_gain":0,"max_hp_loss":0,"event_name":"Colosseum","floor":29,"gold_loss":0},{"damage_healed":0,"gold_gain":0,"player_choice":"Fled From Nobs","damage_taken":0,"max_hp_gain":0,"max_hp_loss":0,"event_name":"Colosseum","floor":29,"gold_loss":0}],"is_beta":false,"boss_relics":[{"not_picked":["Coffee Dripper","Calling Bell"],"picked":"Orrery"}],"items_purged_floors":[4],"is_endless":false,"potions_floor_spawned":[1,13,22,24,25,29],"killed_by":"Champ","ascension_level":12}