{"path_per_floor":["M","M","M","M","$","R","E","M","T","M","M","?","R","M","R","B",null,"M","?","?","?","M","R","M","R","T","M","T","T","M","M","R","B",null,"M","?","$"],"character_chosen":"IRONCLAD","items_purchased":["Bronze Scales","Bottled Lightning"],"gold_per_floor":[117,128,147,163,14,14,43,53,53,73,84,259,259,276,276,380,380,390,350,265,265,285,285,300,300,300,315,315,315,333,345,345,450,450,467,467,208],"floor_reached":38,"campfire_rested":6,"playtime":2931,"current_hp_per_floor":[68,70,73,35,35,59,24,12,12,20,27,27,51,59,80,13,80,50,50,50,50,26,50,23,47,47,45,45,45,15,16,40,69,80,71,71,71],"items_purged":[],"gold":208,"play_id":"fc954e60-d5b8-4e81-9c84-4c6639a79aae","is_prod":false,"is_daily":false,"campfire_rituals":0,"campfire_upgraded":0,"is_hardmode":false,"path_taken":["M","?","M","M","$","R","E","M","T","M","M","?","R","M","R","BOSS","M","?","?","?","M","R","?","R","T","M","?","?","M","M","R","BOSS","M","?","$","?"],"build_version":"2018-01-04-PROD1","purchased_purges":1,"victory":false,"master_deck":["Defend_R","Defend_R","Defend_R","Bash","Burning Pact","Iron Wave","Cleave","Shrug It Off","Clash","Battle Trance","Rampage","Cleave","Perfected Strike","Intimidate","Reaper","Dropkick","Injury","Sword Boomerang","Bite_R","Bite_R","Bite_R","Bite_R","Bite_R","Dropkick","Pummel","Spot Weakness","Thunderclap","Fire Breathing","Bludgeon","Shrug It Off","Rage"],"max_hp_per_floor":[80,80,80,80,80,80,80,80,80,80,80,80,80,80,80,80,80,80,80,80,80,80,80,80,80,80,80,80,80,80,80,80,80,80,80,80,80],"relics":["Burning Blood","Bronze Scales","Frozen Eye","Astrolabe","Orichalcum","Ice Cream","Bag of Marbles","Pen Nib","Velvet Choker","Bottled Lightning"],"campfire_meditates":0,"card_choices":[{"not_picked":["Clothesline","Brutality"],"picked":"Iron Wave"},{"not_picked":["Clash","Feel No Pain"],"picked":"Cleave"},{"not_picked":["Second Wind","Heavy Blade"],"picked":"Shrug It Off"},{"not_picked":["Bloodletting","Twin Strike"],"picked":"Clash"},{"not_picked":["Reckless Charge","True Grit"],"picked":"Battle Trance"},{"not_picked":["Heavy Blade","Corruption"],"picked":"Rampage"},{"not_picked":["Power Through","Spot Weakness"],"picked":"Cleave"},{"not_picked":["Heavy Blade","Berserk"],"picked":"Perfected Strike"},{"not_picked":["True Grit","Anger"],"picked":"Intimidate"},{"not_picked":["Demon Form","Offering"],"picked":"Reaper"},{"not_picked":["Fire Breathing","Iron Wave"],"picked":"Sword Boomerang"},{"not_picked":["Battle Trance","Reckless Charge"],"picked":"Dropkick"},{"not_picked":["Cleave","Power Through"],"picked":"Pummel"},{"not_picked":["Heavy Blade","Body Slam"],"picked":"Spot Weakness"},{"not_picked":["Shrug It Off","Sword Boomerang"],"picked":"Thunderclap"},{"not_picked":["Corruption","Feel No Pain"],"picked":"Fire Breathing"},{"not_picked":["Feed","Limit Break"],"picked":"Bludgeon"},{"not_picked":["Clash","Burning Pact"],"picked":"Shrug It Off"}],"player_experience":12851,"potions_floor_usage":[7,7,16,16,16,33,33,33],"damage_taken":[{"damage":18,"enemies":"Blue Slaver","floor":1,"turns":5},{"damage":4,"enemies":"2 Louse","floor":2,"turns":4},{"damage":3,"enemies":"Small Slimes","floor":3,"turns":3},{"damage":44,"enemies":"Gremlin Gang","floor":4,"turns":5},{"damage":41,"enemies":"Lagavulin","floor":7,"turns":7},{"damage":20,"enemies":"Large Slime","floor":8,"turns":6},{"damage":0,"enemies":"2 Fungi Beasts","floor":10,"turns":3},{"damage":1,"enemies":"3 Louse","floor":11,"turns":3},{"damage":0,"enemies":"Looter","floor":14,"turns":3},{"damage":73,"enemies":"Hexaghost","floor":16,"turns":11},{"damage":36,"enemies":"2 Thieves","floor":18,"turns":5},{"damage":42,"enemies":"Shell Parasite","floor":22,"turns":7},{"damage":41,"enemies":"Snake Plant","floor":24,"turns":6},{"damage":24,"enemies":"Centurion and Healer","floor":27,"turns":7},{"damage":44,"enemies":"Slaver and Parasite","floor":30,"turns":6},{"damage":7,"enemies":"3 Cultists","floor":31,"turns":4},{"damage":51,"enemies":"Collector","floor":33,"turns":9},{"damage":30,"enemies":"3 Shapes","floor":35,"turns":3},{"damage":88,"enemies":"Mysterious Sphere","floor":38,"turns":5}],"event_choices":[{"event_name":"Liars Game","player_choice":"agreed","floor":12,"damage_taken":0},{"event_name":"The Woman in Blue","player_choice":"Bought 3 Potions","floor":19,"damage_taken":0},{"event_name":"Addict","player_choice":"Obtained Relic","floor":20,"damage_taken":0},{"event_name":"Vampires","player_choice":"Became a vampire (Vial)","floor":21,"damage_taken":0},{"event_name":"Transmorgrifier","player_choice":"Transform","floor":36,"damage_taken":0},{"event_name":"Mysterious Sphere","player_choice":"Fight","floor":38,"damage_taken":0}],"boss_relics":[{"not_picked":["Orrery","Lizard Tail"],"picked":"Astrolabe"},{"not_picked":["Runic Cube","Sozu"],"picked":"Velvet Choker"}],"potions_floor_spawned":[3,4,8,10,11,14,24,27,31,33],"seed_played":"-5695947517862321860","killed_by":"Mysterious Sphere","is_trial":false}