{"gold_per_floor":[111,186,286,305,305,305,3,20,47,47,59,79,97,97,97,195,195,209,209,219,48,48],"floor_reached":22,"playtime":2075,"items_purged":["Strike_B","Strike_B"],"score":282,"play_id":"a905bf8e-652d-4202-82b2-0845286333ee","local_time":"20190815184236","is_ascension_mode":true,"campfire_choices":[{"floor":6,"key":"REST"},{"data":"Zap","floor":10,"key":"SMITH"},{"floor":15,"key":"REST"}],"neow_cost":"NONE","seed_source_timestamp":145991052392000,"circlet_count":0,"master_deck":["AscendersBane","Defend_B","Defend_B","Defend_B","Defend_B","Zap+1","Core Surge","Gash","All For One","Capacitor","Defragment","Chill","Core Surge","Streamline+1","Core Surge","FTL"],"relics":["Cracked Core","Blood Vial","Mummified Hand","Empty Cage"],"potions_floor_usage":[8,13],"damage_taken":[{"damage":1,"enemies":"Cultist","floor":1,"turns":3},{"damage":7,"enemies":"2 Louse","floor":4,"turns":4},{"damage":16,"enemies":"Jaw Worm","floor":8,"turns":4},{"damage":9,"enemies":"Blue Slaver","floor":11,"turns":4},{"damage":4,"enemies":"3 Louse","floor":12,"turns":2},{"damage":38,"enemies":"Gremlin Gang","floor":13,"turns":6},{"damage":49,"enemies":"Slime Boss","floor":16,"turns":9},{"damage":30,"enemies":"3 Byrds","floor":18,"turns":6},{"damage":19,"enemies":"Spheric Guardian","floor":20,"turns":5},{"damage":20,"enemies":"Snake Plant","floor":22,"turns":3}],"seed_played":"-5301419905099706644","potions_obtained":[{"floor":4,"key":"Regen Potion"},{"floor":8,"key":"Fruit Juice"},{"floor":13,"key":"SpeedPotion"},{"floor":18,"key":"FearPotion"},{"floor":20,"key":"Poison Potion"}],"is_trial":false,"path_per_floor":["M","?","?","M","?","R","$","M","T","R","M","M","M","T","R","B",null,"M","?","M","$","M"],"character_chosen":"DEFECT","items_purchased":["All For One","Capacitor","FTL"],"campfire_rested":2,"item_purchase_floors":[7,7,21],"current_hp_per_floor":[67,56,56,49,49,71,71,60,60,60,53,51,27,27,51,4,61,33,33,16,16,0],"gold":48,"neow_bonus":"ONE_RANDOM_RARE_CARD","is_prod":false,"is_daily":false,"chose_seed":false,"campfire_upgraded":1,"win_rate":0,"timestamp":1565912556,"path_taken":["M","?","?","?","?","R","$","M","T","R","M","M","M","?","R","BOSS","M","?","?","$","M"],"build_version":"2019-07-17","purchased_purges":2,"victory":false,"max_hp_per_floor":[75,75,75,75,75,75,75,80,80,80,80,80,80,80,80,80,80,80,80,80,80,80],"card_choices":[{"not_picked":["Hologram","Ball Lightning","Blizzard"],"picked":"SKIP","floor":1},{"not_picked":["Chaos","Reprogram"],"picked":"Gash","floor":4},{"not_picked":["Skim","Stack","Ball Lightning"],"picked":"SKIP","floor":8},{"not_picked":["Streamline","Barrage"],"picked":"Defragment","floor":11},{"not_picked":["Turbo","Compile Driver"],"picked":"Chill","floor":12},{"not_picked":["Recycle","Ball Lightning","Stack"],"picked":"SKIP","floor":13},{"not_picked":["Thunder Strike","Biased Cognition"],"picked":"Core Surge","floor":16},{"not_picked":["Conserve Battery","Lockon"],"picked":"Streamline+1","floor":18},{"not_picked":["Rebound","Genetic Algorithm","Hologram"],"picked":"SKIP","floor":20}],"player_experience":2830889,"relics_obtained":[{"floor":9,"key":"Blood Vial"},{"floor":14,"key":"Mummified Hand"}],"event_choices":[{"damage_healed":0,"gold_gain":75,"player_choice":"Gather Gold","damage_taken":11,"max_hp_gain":0,"max_hp_loss":0,"event_name":"World of Goop","floor":2,"gold_loss":0},{"damage_healed":0,"gold_gain":100,"player_choice":"Pray","damage_taken":0,"max_hp_gain":0,"max_hp_loss":0,"event_name":"Golden Shrine","floor":3,"gold_loss":0},{"cards_removed":["Dualcast"],"damage_healed":0,"gold_gain":0,"player_choice":"Forget","damage_taken":0,"max_hp_gain":0,"max_hp_loss":0,"event_name":"Living Wall","floor":5,"gold_loss":0},{"damage_healed":0,"gold_gain":0,"player_choice":"1 cards matched","damage_taken":0,"max_hp_gain":0,"max_hp_loss":0,"event_name":"Match and Keep!","floor":19,"gold_loss":0,"cards_obtained":["Core Surge"]}],"is_beta":false,"boss_relics":[{"not_picked":["Black Star","Lizard Tail"],"picked":"Empty Cage"}],"items_purged_floors":[7,21],"is_endless":false,"potions_floor_spawned":[4,8,13,18,20],"killed_by":"Snake Plant","ascension_level":12}