{"gold_per_floor":[118,68,68,78,88,116,134,134,134,134,134,134,157,178,178,306,306,331,354,354,370,370,370,370],"floor_reached":24,"playtime":940,"items_purged":[],"score":277,"play_id":"5f37993f-4cfe-4548-8197-2456f20964fb","local_time":"20190530203528","is_ascension_mode":true,"campfire_choices":[{"floor":12,"key":"REST"},{"floor":15,"key":"REST"},{"floor":23,"key":"REST"}],"neow_cost":"NONE","seed_source_timestamp":1199596335800925,"circlet_count":0,"master_deck":["Strike_B","Strike_B","Defend_B","Defend_B","Defend_B","Defend_B","Zap","Streamline","Cold Snap","Chill","Machine Learning","Glacier","Cold Snap","Rebound","Leap"],"relics":["Cracked Core","NeowsBlessing","WarpedTongs","Bronze Scales","Golden Idol","Singing Bowl","Inserter","Nilry\u0027s Codex"],"potions_floor_usage":[16,16,16,24],"damage_taken":[{"damage":0,"enemies":"Small Slimes","floor":1,"turns":1},{"damage":2,"enemies":"Cultist","floor":4,"turns":1},{"damage":0,"enemies":"2 Louse","floor":5,"turns":1},{"damage":29,"enemies":"3 Sentries","floor":6,"turns":8},{"damage":3,"enemies":"Blue Slaver","floor":7,"turns":3},{"damage":4,"enemies":"Large Slime","floor":13,"turns":6},{"damage":1,"enemies":"Looter","floor":14,"turns":3},{"damage":27,"enemies":"Slime Boss","floor":16,"turns":12},{"damage":5,"enemies":"Chosen","floor":18,"turns":5},{"damage":6,"enemies":"Spheric Guardian","floor":19,"turns":5},{"damage":38,"enemies":"3 Cultists","floor":21,"turns":6},{"damage":29,"enemies":"Book of Stabbing","floor":24,"turns":4}],"seed_played":"2203792577193725260","potions_obtained":[{"floor":4,"key":"Explosive Potion"},{"floor":5,"key":"SteroidPotion"},{"floor":7,"key":"Regen Potion"},{"floor":21,"key":"Weak Potion"}],"is_trial":false,"path_per_floor":["M","?","?","M","M","E","M","?","T","?","?","R","M","M","R","B",null,"M","M","?","M","?","R","E"],"character_chosen":"DEFECT","items_purchased":[],"campfire_rested":3,"item_purchase_floors":[],"current_hp_per_floor":[68,68,68,66,66,37,34,16,16,16,16,38,34,35,58,46,69,64,58,42,6,6,29,0],"gold":370,"neow_bonus":"THREE_ENEMY_KILL","is_prod":false,"is_daily":false,"chose_seed":false,"campfire_upgraded":0,"win_rate":0,"timestamp":1559266528,"path_taken":["M","?","?","M","?","E","M","?","T","?","?","R","M","M","R","BOSS","M","M","?","M","?","R","E"],"build_version":"2019-01-23","purchased_purges":0,"victory":false,"max_hp_per_floor":[75,75,75,75,75,75,75,75,75,75,75,75,75,77,77,77,77,77,77,77,79,79,79,79],"card_choices":[{"not_picked":["Go for the Eyes","Steam Power"],"picked":"Streamline","floor":1},{"not_picked":["Go for the Eyes","Hello World","White Noise"],"picked":"SKIP","floor":4},{"not_picked":["Stack","Barrage"],"picked":"Cold Snap","floor":5},{"not_picked":["Steam","Sweeping Beam","Ball Lightning"],"picked":"SKIP","floor":6},{"not_picked":["Auto Shields","Reprogram","Compile Driver"],"picked":"SKIP","floor":7},{"not_picked":["Reboot","Turbo"],"picked":"Chill","floor":13},{"not_picked":["Hologram","Ball Lightning","Auto Shields"],"picked":"Singing Bowl","floor":14},{"not_picked":["Rainbow","Biased Cognition"],"picked":"Machine Learning","floor":16},{"not_picked":["Beam Cell","Compile Driver"],"picked":"Glacier","floor":18},{"not_picked":["Beam Cell+1","Turbo"],"picked":"Cold Snap","floor":19},{"not_picked":["Auto Shields","Undo+1","Barrage"],"picked":"Singing Bowl","floor":21}],"player_experience":1952302,"relics_obtained":[{"floor":6,"key":"Bronze Scales"},{"floor":9,"key":"Singing Bowl"},{"floor":20,"key":"Nilry\u0027s Codex"}],"event_choices":[{"cards_removed":["Dualcast"],"damage_healed":0,"gold_gain":0,"player_choice":"Card Removal","damage_taken":0,"max_hp_gain":0,"max_hp_loss":0,"event_name":"The Cleric","floor":2,"gold_loss":50},{"damage_healed":0,"gold_gain":0,"player_choice":"Rummage","damage_taken":0,"relics_obtained":["WarpedTongs"],"max_hp_gain":0,"max_hp_loss":0,"event_name":"Accursed Blacksmith","floor":3,"gold_loss":0,"cards_obtained":["Pain"]},{"damage_healed":0,"gold_gain":0,"player_choice":"Take Damage","damage_taken":18,"relics_obtained":["Golden Idol"],"max_hp_gain":0,"max_hp_loss":0,"event_name":"Golden Idol","floor":8,"gold_loss":0},{"damage_healed":0,"gold_gain":0,"player_choice":"Ignored","damage_taken":0,"max_hp_gain":0,"max_hp_loss":0,"event_name":"Liars Game","floor":10,"gold_loss":0},{"cards_removed":["Pain"],"damage_healed":0,"gold_gain":0,"player_choice":"Forget","damage_taken":0,"max_hp_gain":0,"max_hp_loss":0,"event_name":"Living Wall","floor":11,"gold_loss":0},{"damage_healed":0,"gold_gain":0,"player_choice":"Obtained Book","damage_taken":16,"max_hp_gain":0,"max_hp_loss":0,"event_name":"Cursed Tome","floor":20,"gold_loss":0},{"damage_healed":0,"gold_gain":0,"cards_transformed":["Strike_B","Strike_B"],"player_choice":"Became Test Subject","damage_taken":0,"max_hp_gain":0,"max_hp_loss":0,"event_name":"Drug Dealer","floor":22,"gold_loss":0,"cards_obtained":["Rebound","Leap"]}],"is_beta":false,"boss_relics":[{"not_picked":["Coffee Dripper","Nuclear Battery"],"picked":"Inserter"}],"items_purged_floors":[],"is_endless":false,"potions_floor_spawned":[4,5,7,14,21],"killed_by":"Book of Stabbing","ascension_level":8}