{"gold_per_floor":[111,111,123,73,36,47,47,47,47,73,18,18,32,32,32,161,161,154,154,154,154,167,167,167,210,233,257,270,270,270,289,289,418,418,437,437,452,468,3,42,42,42,42,61,61,61,82,2,2,2],"floor_reached":50,"playtime":3135,"items_purged":["Doubt","Pain"],"score":586,"play_id":"b4e3f547-ce67-4e66-a980-c6845cdece5d","local_time":"20190820005845","is_ascension_mode":true,"campfire_choices":[{"data":"Dodge and Roll","floor":8.0,"key":"SMITH"},{"data":"Blur","floor":12.0,"key":"SMITH"},{"floor":15.0,"key":"REST"},{"data":"Blade Dance","floor":24.0,"key":"SMITH"},{"data":"Footwork","floor":29.0,"key":"SMITH"},{"floor":32.0,"key":"REST"},{"data":"Accuracy","floor":42.0,"key":"SMITH"},{"data":"A Thousand Cuts","floor":46.0,"key":"SMITH"},{"floor":49.0,"key":"REST"}],"neow_cost":"PERCENT_DAMAGE","seed_source_timestamp":0,"circlet_count":0,"master_deck":["Strike_G","Strike_G","Strike_G","Strike_G","Strike_G","Defend_G","Defend_G","Defend_G","Defend_G","Defend_G","Survivor","Neutralize","PiercingWail+1","Dodge and Roll+1","Footwork+1","Terror","Blur+1","Envenom+1","Blade Dance+1","J.A.X.","Cloak And Dagger","Catalyst+1","Caltrops+1","Cloak And Dagger+1","A Thousand Cuts+1","Blade Dance+1","Bullet Time","Accuracy+1","Bouncing Flask","Well Laid Plans+1","Accuracy"],"special_seed":0,"relics":["Ring of the Snake","Bag of Preparation","Unceasing Top","The Courier","Gambling Chip","Golden Idol","Cursed Key","Darkstone Periapt","Meat on the Bone","Centennial Puzzle","Eternal Feather","Lee\u0027s Waffle","War Paint","Oddly Smooth Stone","Spirit Poop","Ginger"],"potions_floor_usage":[50],"damage_taken":[{"damage":0.0,"enemies":"Jaw Worm","floor":1.0,"turns":7.0},{"damage":0.0,"enemies":"2 Louse","floor":3.0,"turns":3.0},{"damage":0.0,"enemies":"Small Slimes","floor":6.0,"turns":5.0},{"damage":23.0,"enemies":"Gremlin Nob","floor":10.0,"turns":6.0},{"damage":0.0,"enemies":"3 Louse","floor":13.0,"turns":4.0},{"damage":32.0,"enemies":"The Guardian","floor":16.0,"turns":21.0},{"damage":7.0,"enemies":"2 Thieves","floor":18.0,"turns":4.0},{"damage":3.0,"enemies":"Chosen","floor":22.0,"turns":5.0},{"damage":26.0,"enemies":"Slavers","floor":25.0,"turns":10.0},{"damage":16.0,"enemies":"Centurion and Healer","floor":27.0,"turns":11.0},{"damage":19.0,"enemies":"Cultist and Chosen","floor":28.0,"turns":8.0},{"damage":7.0,"enemies":"Colosseum Slavers","floor":30.0,"turns":8.0},{"damage":11.0,"enemies":"Chosen and Byrds","floor":31.0,"turns":9.0},{"damage":48.0,"enemies":"Champ","floor":33.0,"turns":12.0},{"damage":20.0,"enemies":"Orb Walker","floor":35.0,"turns":6.0},{"damage":1.0,"enemies":"3 Shapes","floor":37.0,"turns":6.0},{"damage":17.0,"enemies":"Transient","floor":38.0,"turns":5.0},{"damage":41.0,"enemies":"Giant Head","floor":40.0,"turns":9.0},{"damage":28.0,"enemies":"Writhing Mass","floor":44.0,"turns":5.0},{"damage":17.0,"enemies":"3 Darklings","floor":47.0,"turns":5.0},{"damage":104,"enemies":"Time Eater","floor":50,"turns":8}],"seed_played":"6552010628820098879","potions_obtained":[{"floor":1.0,"key":"SkillPotion"},{"floor":6.0,"key":"Weak Potion"},{"floor":13.0,"key":"Strength Potion"},{"floor":18.0,"key":"Explosive Potion"},{"floor":22.0,"key":"Energy Potion"},{"floor":27.0,"key":"Poison Potion"},{"floor":33.0,"key":"Dexterity Potion"},{"floor":35.0,"key":"AttackPotion"},{"floor":37.0,"key":"SkillPotion"},{"floor":47.0,"key":"Fire Potion"}],"is_trial":false,"path_per_floor":["M","?","M","?","$","M","T","R","T","E","$","R","M","?","R","B",null,"M","?","?","?","M","?","R","E","T","M","M","R","?","M","R","B",null,"M","?","M","M","$","E","?","R","T","M","?","R","M","$","R","B"],"character_chosen":"THE_SILENT","items_purchased":["Footwork","Blur","Accuracy","Lee\u0027s Waffle","War Paint","Bouncing Flask"],"campfire_rested":3,"item_purchase_floors":[5,11,39,39,39,39],"current_hp_per_floor":[63,63,63,63,63,63,63,63,63,40,40,40,40,40,65,33,84,77,77,77,77,74,74,74,48,54,50,43,43,48,49,76,40,90,70,70,69,52,97,56,56,71,77,61,61,79,62,62,103,0],"gold":2,"neow_bonus":"TWENTY_PERCENT_HP_BONUS","is_prod":false,"is_daily":false,"chose_seed":false,"campfire_upgraded":6,"win_rate":0,"timestamp":1566277125,"path_taken":["M","?","M","?","?","M","?","R","T","E","?","R","M","?","R","BOSS","M","?","?","?","?","?","R","E","T","?","M","R","?","M","R","BOSS","M","?","?","M","$","E","?","R","T","?","?","R","M","$","R","BOSS"],"build_version":"2019-07-17","purchased_purges":2,"victory":false,"max_hp_per_floor":[84,84,84,84,84,84,84,84,84,84,84,84,84,84,84,84,84,84,84,84,84,84,84,84,84,90,90,90,90,90,90,90,90,90,90,90,90,90,97,97,97,97,103,103,103,103,103,103,103,103],"card_choices":[{"not_picked":["Escape Plan","Slice"],"picked":"PiercingWail","floor":1.0},{"not_picked":["Crippling Poison","Endless Agony"],"picked":"Dodge and Roll","floor":3.0},{"not_picked":["Prepared","Poisoned Stab"],"picked":"Terror","floor":6.0},{"not_picked":["Acrobatics","Sucker Punch","Outmaneuver"],"picked":"SKIP","floor":10.0},{"not_picked":["Blade Dance","Sucker Punch","Dagger Spray"],"picked":"SKIP","floor":13.0},{"not_picked":["Glass Knife","Die Die Die"],"picked":"Envenom","floor":16.0},{"not_picked":["Sucker Punch","Poisoned Stab"],"picked":"Blade Dance","floor":18.0},{"not_picked":["Bane","Backstab"],"picked":"Catalyst","floor":22.0},{"not_picked":["Skewer+1","PiercingWail"],"picked":"Caltrops","floor":25.0},{"not_picked":["Flying Knee","Acrobatics","Endless Agony"],"picked":"SKIP","floor":27.0},{"not_picked":["Deflect","Poisoned Stab"],"picked":"Cloak And Dagger+1","floor":28.0},{"not_picked":["Flechettes","Dodge and Roll","Backflip"],"picked":"SKIP","floor":31.0},{"not_picked":["Night Terror","Wraith Form v2"],"picked":"A Thousand Cuts","floor":33.0},{"not_picked":["PiercingWail+1","Poisoned Stab"],"picked":"Blade Dance+1","floor":35.0},{"not_picked":["Deflect","Endless Agony","PiercingWail"],"picked":"SKIP","floor":37.0},{"not_picked":["Poisoned Stab","Skewer"],"picked":"Bullet Time","floor":38.0},{"not_picked":["Acrobatics+1","Quick Slash","Sucker Punch"],"picked":"SKIP","floor":40.0},{"not_picked":["Cloak And Dagger+1","Flying Knee"],"picked":"Well Laid Plans+1","floor":44.0},{"not_picked":["Backflip","Dagger Throw"],"picked":"Accuracy","floor":47.0}],"player_experience":143583,"relics_obtained":[{"floor":7.0,"key":"Unceasing Top"},{"floor":9.0,"key":"The Courier"},{"floor":10.0,"key":"Gambling Chip"},{"floor":25.0,"key":"Meat on the Bone"},{"floor":26.0,"key":"Centennial Puzzle"},{"floor":40.0,"key":"Oddly Smooth Stone"},{"floor":43.0,"key":"Ginger"}],"event_choices":[{"damage_healed":0.0,"max_hp_gain":0.0,"max_hp_loss":0.0,"gold_gain":0.0,"event_name":"Big Fish","player_choice":"Box","floor":2.0,"gold_loss":0.0,"damage_taken":0.0,"relics_obtained":["Bag of Preparation"],"cards_obtained":["Regret"]},{"cards_removed":["Regret"],"damage_healed":0.0,"max_hp_gain":0.0,"max_hp_loss":0.0,"gold_gain":0.0,"event_name":"The Cleric","player_choice":"Card Removal","floor":4.0,"gold_loss":50.0,"damage_taken":0.0},{"damage_healed":0.0,"max_hp_gain":0.0,"max_hp_loss":0.0,"gold_gain":0.0,"event_name":"Golden Idol","player_choice":"Take Wound","floor":14.0,"gold_loss":0.0,"damage_taken":0.0,"relics_obtained":["Golden Idol"],"cards_obtained":["Injury"]},{"damage_healed":0.0,"max_hp_gain":0.0,"max_hp_loss":0.0,"gold_gain":0.0,"event_name":"Drug Dealer","player_choice":"Obtain J.A.X.","floor":19.0,"gold_loss":0.0,"damage_taken":0.0,"cards_obtained":["J.A.X."]},{"damage_healed":0.0,"max_hp_gain":0.0,"max_hp_loss":0.0,"gold_gain":0.0,"event_name":"The Library","player_choice":"Read","floor":20.0,"gold_loss":0.0,"damage_taken":0.0,"cards_obtained":["Cloak And Dagger"]},{"damage_healed":0.0,"max_hp_gain":0.0,"max_hp_loss":0.0,"gold_gain":0.0,"event_name":"Upgrade Shrine","player_choice":"Upgraded","floor":21.0,"gold_loss":0.0,"damage_taken":0.0,"cards_upgraded":["Envenom"]},{"damage_healed":0.0,"max_hp_gain":0.0,"max_hp_loss":0.0,"gold_gain":0.0,"event_name":"WeMeetAgain","player_choice":"Gave Potion","floor":23.0,"gold_loss":0.0,"damage_taken":0.0,"relics_obtained":["Darkstone Periapt"]},{"damage_healed":0.0,"max_hp_gain":0.0,"max_hp_loss":0.0,"gold_gain":0.0,"event_name":"Colosseum","player_choice":"Fight","floor":30.0,"gold_loss":0.0,"damage_taken":0.0},{"damage_healed":0.0,"max_hp_gain":0.0,"max_hp_loss":0.0,"gold_gain":0.0,"event_name":"Colosseum","player_choice":"Fled From Nobs","floor":30.0,"gold_loss":0.0,"damage_taken":0.0},{"damage_healed":0.0,"max_hp_gain":0.0,"max_hp_loss":0.0,"gold_gain":0.0,"event_name":"Lab","player_choice":"Got Potions","floor":36.0,"gold_loss":0.0,"damage_taken":0.0},{"cards_removed":["Injury"],"damage_healed":0.0,"max_hp_gain":0.0,"max_hp_loss":0.0,"gold_gain":0.0,"event_name":"Bonfire Elementals","player_choice":"Offered Curse","floor":41.0,"gold_loss":0.0,"damage_taken":0.0,"relics_obtained":["Spirit Poop"]},{"damage_healed":0.0,"max_hp_gain":0.0,"max_hp_loss":0.0,"gold_gain":0.0,"event_name":"Upgrade Shrine","player_choice":"Upgraded","floor":45.0,"gold_loss":0.0,"damage_taken":0.0,"cards_upgraded":["Caltrops"]}],"is_beta":false,"boss_relics":[{"not_picked":["Lizard Tail","Philosopher\u0027s Stone"],"picked":"Cursed Key"},{"not_picked":["Astrolabe","White Beast Statue"],"picked":"Eternal Feather"}],"items_purged_floors":[39,48],"is_endless":false,"potions_floor_spawned":[1,6,13,18,22,27,33,35,37,47],"killed_by":"Time Eater","ascension_level":1}