{"gold_per_floor":[112,124,124,142,142,142,142,165,165,178,178,192,192,211,211,335,335,335],"floor_reached":18,"playtime":1012,"items_purged":[],"score":185,"play_id":"07d1fe8f-7e23-40f8-b7b8-0230e7e5da91","local_time":"20190120214334","is_ascension_mode":true,"campfire_choices":[{"data":"Whirlwind","floor":6,"key":"SMITH"},{"floor":11,"key":"DIG"},{"floor":13,"key":"DIG"},{"floor":15,"key":"DIG"}],"neow_cost":"NONE","seed_source_timestamp":925775930394213,"circlet_count":0,"master_deck":["Strike_R","Strike_R","Strike_R","Strike_R","Strike_R","Defend_R","Defend_R","Defend_R","Defend_R","Bash","Whirlwind+1","Reaper","Writhe","Shame","Regret"],"relics":["Burning Blood","NeowsBlessing","Torii","Golden Idol","Shovel","Mercury Hourglass","Meat on the Bone","The Courier","Shuriken","Calling Bell","Vajra","Letter Opener","Calipers"],"potions_floor_usage":[16,16,16,16,16],"damage_taken":[{"damage":0,"enemies":"Cultist","floor":1,"turns":1},{"damage":0,"enemies":"Jaw Worm","floor":2,"turns":1},{"damage":0,"enemies":"Small Slimes","floor":4,"turns":1},{"damage":4,"enemies":"Blue Slaver","floor":8,"turns":6},{"damage":7,"enemies":"Lots of Slimes","floor":10,"turns":2},{"damage":10,"enemies":"Red Slaver","floor":12,"turns":5},{"damage":17,"enemies":"Exordium Thugs","floor":14,"turns":5},{"damage":24,"enemies":"Hexaghost","floor":16,"turns":9},{"damage":85,"enemies":"Shell Parasite","floor":18,"turns":8}],"seed_played":"8496497058680326801","potions_obtained":[{"floor":10,"key":"EntropicBrew"},{"floor":12,"key":"AttackPotion"},{"floor":14,"key":"Poison Potion"}],"is_trial":false,"path_per_floor":["M","M","T","M","?","R","?","M","T","M","R","M","R","M","R","B",null,"M"],"character_chosen":"IRONCLAD","items_purchased":[],"campfire_rested":0,"item_purchase_floors":[],"current_hp_per_floor":[80,80,80,80,60,60,42,44,44,43,43,51,51,52,52,46,80,0],"gold":335,"neow_bonus":"THREE_ENEMY_KILL","is_prod":false,"is_daily":false,"chose_seed":false,"campfire_upgraded":1,"win_rate":0,"timestamp":1548042214,"path_taken":["M","M","?","?","?","R","?","M","T","M","R","?","R","M","R","BOSS","M"],"build_version":"2019-01-17v2","purchased_purges":0,"victory":false,"max_hp_per_floor":[80,80,80,80,80,80,80,80,80,80,80,80,80,80,80,80,80,80],"card_choices":[{"not_picked":["Havoc","Warcry","Rage"],"picked":"SKIP","floor":1},{"not_picked":["Blood for Blood","Cleave","Pommel Strike"],"picked":"SKIP","floor":2},{"not_picked":["Cleave","Perfected Strike"],"picked":"Whirlwind","floor":4},{"not_picked":["Heavy Blade","Power Through","Flex"],"picked":"SKIP","floor":8},{"not_picked":["Wild Strike","Perfected Strike","Intimidate"],"picked":"SKIP","floor":10},{"not_picked":["Evolve","Thunderclap","Seeing Red"],"picked":"SKIP","floor":12},{"not_picked":["Pummel","Body Slam","Armaments"],"picked":"SKIP","floor":14},{"not_picked":["Bludgeon","Berserk"],"picked":"Reaper","floor":16}],"player_experience":1090906,"relics_obtained":[{"floor":3,"key":"Torii"},{"floor":9,"key":"Mercury Hourglass"},{"floor":11,"key":"Meat on the Bone"},{"floor":13,"key":"The Courier"},{"floor":15,"key":"Shuriken"},{"floor":17,"key":"Vajra"},{"floor":17,"key":"Letter Opener"},{"floor":17,"key":"Calipers"}],"event_choices":[{"damage_healed":0,"gold_gain":0,"player_choice":"Take Damage","damage_taken":20,"relics_obtained":["Golden Idol"],"max_hp_gain":0,"max_hp_loss":0,"event_name":"Golden Idol","floor":5,"gold_loss":0},{"damage_healed":0,"gold_gain":0,"player_choice":"Success","damage_taken":18,"relics_obtained":["Shovel"],"max_hp_gain":0,"max_hp_loss":0,"event_name":"Scrap Ooze","floor":7,"gold_loss":0}],"is_beta":false,"boss_relics":[{"not_picked":["Velvet Choker","Snecko Eye"],"picked":"Calling Bell"}],"items_purged_floors":[],"is_endless":false,"potions_floor_spawned":[10,12,14],"killed_by":"Shell Parasite","ascension_level":4}