{"gold_per_floor":[110,35,35,50,68,68,18,18,66,66,78,78,78,98,98,199,199,210,135,153,53,53,53,153,153,207,225,241,256,271,284,284,284],"floor_reached":33,"playtime":1638,"items_purged":["Dualcast","Strike_B"],"score":382,"play_id":"97da5b7e-3dfe-49c5-9378-a345bf5c6b0d","local_time":"20190828163308","is_ascension_mode":true,"campfire_choices":[{"data":"Zap","floor":6.0,"key":"SMITH"},{"data":"Glacier","floor":8.0,"key":"SMITH"},{"data":"Gash","floor":12.0,"key":"SMITH"},{"data":"Defend_B","floor":15.0,"key":"SMITH"},{"floor":23.0,"key":"REST"},{"data":"FTL","floor":25.0,"key":"SMITH"},{"floor":32,"key":"REST"}],"neow_cost":"NONE","seed_source_timestamp":0,"circlet_count":0,"master_deck":["AscendersBane","Strike_B","Defend_B","Defend_B","Defend_B+1","Defend_B+1","Zap+1","Glacier+1","Gash+1","FTL+1","Reinforced Body","BootSequence+1","Defragment"],"special_seed":0,"relics":["Cracked Core","NeowsBlessing","Pen Nib","Bottled Lightning","Sozu","Oddly Smooth Stone"],"potions_floor_usage":[],"damage_taken":[{"damage":0.0,"enemies":"Cultist","floor":1.0,"turns":1.0},{"damage":0.0,"enemies":"2 Louse","floor":4.0,"turns":1.0},{"damage":0.0,"enemies":"Jaw Worm","floor":5.0,"turns":1.0},{"damage":0.0,"enemies":"Looter","floor":11.0,"turns":3.0},{"damage":7.0,"enemies":"3 Louse","floor":14.0,"turns":3.0},{"damage":42.0,"enemies":"The Guardian","floor":16.0,"turns":14.0},{"damage":10.0,"enemies":"Spheric Guardian","floor":18.0,"turns":6.0},{"damage":0.0,"enemies":"3 Byrds","floor":20.0,"turns":6.0},{"damage":3.0,"enemies":"3 Cultists","floor":27.0,"turns":8.0},{"damage":0.0,"enemies":"Snecko","floor":28.0,"turns":8.0},{"damage":0.0,"enemies":"Snake Plant","floor":29.0,"turns":7.0},{"damage":12.0,"enemies":"3 Cultists","floor":30.0,"turns":10.0},{"damage":13.0,"enemies":"Shelled Parasite and Fungi","floor":31.0,"turns":12.0},{"damage":78,"enemies":"Champ","floor":33,"turns":22}],"seed_played":"-5523084607758910737","potions_obtained":[{"floor":1.0,"key":"SpeedPotion"},{"floor":5.0,"key":"GamblersBrew"}],"is_trial":false,"path_per_floor":["M","$","$","M","M","R","?","R","T","?","M","R","T","M","R","B",null,"M","?","M","$","?","R","?","R","T","M","M","M","M","M","R","B"],"character_chosen":"DEFECT","items_purchased":[],"campfire_rested":2,"item_purchase_floors":[],"current_hp_per_floor":[68,68,68,68,68,68,68,68,68,68,68,68,68,61,61,19,61,51,51,51,51,51,73,73,73,73,70,70,70,58,45,67,0],"gold":284,"neow_bonus":"THREE_ENEMY_KILL","is_prod":false,"is_daily":false,"chose_seed":false,"campfire_upgraded":5,"win_rate":0,"timestamp":1567027988,"path_taken":["M","?","$","M","?","R","?","R","T","?","?","R","?","M","R","BOSS","M","?","M","$","?","R","?","R","T","M","?","M","M","M","R","BOSS"],"build_version":"2019-07-17","purchased_purges":2,"victory":false,"max_hp_per_floor":[75,75,75,75,75,75,75,75,75,75,75,75,75,75,75,75,75,75,75,75,75,75,75,75,75,75,75,75,75,75,75,75,75],"card_choices":[{"not_picked":["Genetic Algorithm","Coolheaded","Lockon"],"picked":"SKIP","floor":1.0},{"not_picked":["Sunder","Steam","Go for the Eyes"],"picked":"SKIP","floor":4.0},{"not_picked":["Streamline","Genetic Algorithm"],"picked":"Glacier","floor":5.0},{"not_picked":["Tempest","Ball Lightning"],"picked":"Gash","floor":11.0},{"not_picked":["Leap","Aggregate","Turbo"],"picked":"SKIP","floor":14.0},{"not_picked":["Aggregate","Turbo"],"picked":"FTL","floor":18.0},{"not_picked":["Leap","Stack","Streamline"],"picked":"SKIP","floor":20.0},{"not_picked":["Scrape","Redo"],"picked":"Reinforced Body","floor":27.0},{"not_picked":["Beam Cell","Hologram","Sweeping Beam"],"picked":"SKIP","floor":28.0},{"not_picked":["Stack+1","Chaos"],"picked":"BootSequence+1","floor":29.0},{"not_picked":["Streamline","Coolheaded"],"picked":"Defragment","floor":30.0},{"not_picked":["Compile Driver","White Noise","Stack"],"picked":"SKIP","floor":31}],"player_experience":2921178,"relics_obtained":[{"floor":9.0,"key":"Pen Nib"},{"floor":13.0,"key":"Bottled Lightning"},{"floor":26.0,"key":"Oddly Smooth Stone"}],"event_choices":[{"cards_removed":["Strike_B"],"damage_healed":0.0,"max_hp_gain":0.0,"max_hp_loss":0.0,"gold_gain":0.0,"event_name":"The Cleric","player_choice":"Card Removal","floor":7.0,"gold_loss":50.0,"damage_taken":0.0},{"damage_healed":0.0,"max_hp_gain":0.0,"max_hp_loss":0.0,"gold_gain":0.0,"event_name":"Upgrade Shrine","player_choice":"Upgraded","floor":10.0,"gold_loss":0.0,"damage_taken":0.0,"cards_upgraded":["Defend_B"]},{"cards_removed":["Strike_B"],"damage_healed":0.0,"max_hp_gain":0.0,"max_hp_loss":0.0,"gold_gain":0.0,"event_name":"Beggar","player_choice":"Gave Gold","floor":19.0,"gold_loss":75.0,"damage_taken":0.0},{"damage_healed":0.0,"max_hp_gain":0.0,"max_hp_loss":0.0,"gold_gain":0.0,"event_name":"Vampires","player_choice":"Ignored","floor":22.0,"gold_loss":0.0,"damage_taken":0.0},{"damage_healed":0.0,"max_hp_gain":0.0,"max_hp_loss":0.0,"gold_gain":100.0,"event_name":"Golden Shrine","player_choice":"Pray","floor":24.0,"gold_loss":0.0,"damage_taken":0.0}],"is_beta":false,"boss_relics":[{"not_picked":["Cursed Key","Eternal Feather"],"picked":"Sozu"}],"items_purged_floors":[2,21],"is_endless":false,"potions_floor_spawned":[1,5,20,30],"killed_by":"Champ","ascension_level":12}