{"gold_per_floor":[111,111,124,124,13,13,29,49,100,110,121,136,147,201,201,303,303,320,304,304,324,342,342,355,355,355,355,369,369,369,369,369,473,473,487,498,205,223,236,236],"floor_reached":40,"playtime":2139,"items_purged":["Pain","Shame"],"score":618,"play_id":"13186033-76b0-4c97-8fe1-552438c55b85","local_time":"20190816230052","is_ascension_mode":true,"campfire_choices":[{"data":"Self Repair","floor":6,"key":"SMITH"},{"data":"Core Surge","floor":15,"key":"SMITH"},{"floor":23,"key":"REST"},{"floor":25,"key":"REST"},{"data":"All For One","floor":27,"key":"SMITH"},{"floor":29,"key":"REST"},{"floor":32,"key":"REST"}],"neow_cost":"NONE","seed_source_timestamp":247824867506000,"circlet_count":0,"master_deck":["AscendersBane","Strike_B","Strike_B","Strike_B","Strike_B","Defend_B","Defend_B","Defend_B","Defend_B","Zap+1","Ball Lightning","Cold Snap","Self Repair+1","Gash","Undo","Gash","Core Surge+1","All For One+1","FTL","FTL","Glacier","Electrodynamics","Streamline+1","Body Slam","Escape Plan+1"],"relics":["Cracked Core","WarpedTongs","Pen Nib","Tiny Chest","Cursed Key","Singing Bowl","Nilry\u0027s Codex","Inserter","PrismaticShard"],"potions_floor_usage":[16,16,22,22,33,33],"damage_taken":[{"damage":8,"enemies":"2 Louse","floor":1,"turns":2},{"damage":1,"enemies":"Cultist","floor":3,"turns":3},{"damage":6,"enemies":"Jaw Worm","floor":7,"turns":4},{"damage":0,"enemies":"Exordium Thugs","floor":8,"turns":4},{"damage":0,"enemies":"Exordium Wildlife","floor":10,"turns":3},{"damage":1,"enemies":"Blue Slaver","floor":11,"turns":4},{"damage":10,"enemies":"Large Slime","floor":12,"turns":4},{"damage":0,"enemies":"2 Fungi Beasts","floor":13,"turns":3},{"damage":29,"enemies":"Slime Boss","floor":16,"turns":11},{"damage":14,"enemies":"Shell Parasite","floor":18,"turns":5},{"damage":32,"enemies":"2 Thieves","floor":19,"turns":4},{"damage":29,"enemies":"Shelled Parasite and Fungi","floor":21,"turns":4},{"damage":7,"enemies":"Chosen and Byrds","floor":22,"turns":4},{"damage":15,"enemies":"3 Cultists","floor":24,"turns":5},{"damage":32,"enemies":"Snake Plant","floor":28,"turns":4},{"damage":46,"enemies":"Collector","floor":33,"turns":13},{"damage":0,"enemies":"3 Shapes","floor":35,"turns":4},{"damage":14,"enemies":"Orb Walker","floor":36,"turns":4},{"damage":45,"enemies":"Jaw Worm Horde","floor":38,"turns":6},{"damage":32,"enemies":"Transient","floor":39,"turns":5},{"damage":20,"enemies":"4 Shapes","floor":40,"turns":1}],"seed_played":"8717923116158303107","potions_obtained":[{"floor":7,"key":"SkillPotion"},{"floor":8,"key":"AttackPotion"},{"floor":12,"key":"EssenceOfSteel"},{"floor":19,"key":"EntropicBrew"},{"floor":22,"key":"PowerPotion"},{"floor":24,"key":"FocusPotion"},{"floor":35,"key":"SpeedPotion"},{"floor":39,"key":"Poison Potion"}],"is_trial":false,"path_per_floor":["M","?","M","?","$","R","M","M","T","M","M","M","M","T","R","B",null,"M","M","?","M","M","R","M","R","T","R","M","R","?","?","R","B",null,"M","M","$","M","M","M"],"character_chosen":"DEFECT","items_purchased":["Self Repair","PrismaticShard"],"campfire_rested":4,"item_purchase_floors":[5,37],"current_hp_per_floor":[60,60,59,59,59,59,63,73,73,75,75,75,75,75,75,56,70,66,44,44,15,18,40,35,57,57,57,35,57,41,41,63,27,63,73,71,71,36,14,0],"gold":236,"neow_bonus":"UPGRADE_CARD","is_prod":false,"is_daily":false,"chose_seed":false,"campfire_upgraded":3,"win_rate":0,"timestamp":1566014452,"path_taken":["M","?","?","?","?","R","M","M","T","M","M","M","M","?","R","BOSS","M","M","?","M","M","R","M","R","T","R","M","R","?","?","R","BOSS","M","?","$","?","M","M"],"build_version":"2019-07-17","purchased_purges":2,"victory":false,"max_hp_per_floor":[75,75,75,75,75,75,75,75,75,75,75,75,75,75,75,75,75,75,75,75,75,75,75,75,75,75,75,75,75,75,75,75,75,75,75,77,77,77,77,77],"card_choices":[{"not_picked":["Hologram","Reprogram","Coolheaded"],"picked":"SKIP","floor":1},{"not_picked":["Storm","Leap"],"picked":"Cold Snap","floor":3},{"not_picked":["Static Discharge","Tempest","Steam"],"picked":"SKIP","floor":7},{"not_picked":["Cold Snap","Consume"],"picked":"Gash","floor":8},{"not_picked":["Fusion","Coolheaded"],"picked":"Undo","floor":10},{"not_picked":["Barrage","Heatsinks","Leap"],"picked":"SKIP","floor":11},{"not_picked":["Hologram","Beam Cell"],"picked":"Gash","floor":12},{"not_picked":["Streamline","Go for the Eyes"],"picked":"Core Surge","floor":13},{"not_picked":["Amplify","Seek"],"picked":"All For One","floor":16},{"not_picked":["Leap+1","Streamline"],"picked":"FTL","floor":18},{"not_picked":["Beam Cell+1","Sweeping Beam","Turbo"],"picked":"SKIP","floor":19},{"not_picked":["Double Energy","Force Field","Reprogram"],"picked":"SKIP","floor":21},{"not_picked":["Compile Driver","Heatsinks"],"picked":"FTL","floor":22},{"not_picked":["Ball Lightning","Compile Driver+1","Rebound+1"],"picked":"SKIP","floor":24},{"not_picked":["Barrage","Leap"],"picked":"Glacier","floor":28},{"not_picked":["Fission","Seek"],"picked":"Electrodynamics","floor":33},{"not_picked":["Cold Snap","Redo"],"picked":"Streamline+1","floor":35},{"not_picked":["Skim","Steam+1","Ball Lightning"],"picked":"Singing Bowl","floor":36},{"not_picked":["Sever Soul","Infernal Blade+1"],"picked":"Body Slam","floor":38},{"not_picked":["Ball Lightning","Dodge and Roll"],"picked":"Escape Plan+1","floor":39}],"player_experience":2837418,"relics_obtained":[{"floor":9,"key":"Pen Nib"},{"floor":14,"key":"Tiny Chest"},{"floor":26,"key":"Singing Bowl"},{"floor":30,"key":"Nilry\u0027s Codex"}],"event_choices":[{"damage_healed":0,"gold_gain":0,"cards_transformed":["Dualcast"],"player_choice":"Transformed","damage_taken":0,"max_hp_gain":0,"max_hp_loss":0,"event_name":"Transmorgrifier","floor":2,"gold_loss":0,"cards_obtained":["Ball Lightning"]},{"damage_healed":0,"gold_gain":0,"player_choice":"Rummage","damage_taken":0,"relics_obtained":["WarpedTongs"],"max_hp_gain":0,"max_hp_loss":0,"event_name":"Accursed Blacksmith","floor":4,"gold_loss":0,"cards_obtained":["Pain"]},{"damage_healed":0,"gold_gain":0,"player_choice":"Ignored","damage_taken":0,"max_hp_gain":0,"max_hp_loss":0,"event_name":"Ghosts","floor":20,"gold_loss":0},{"damage_healed":0,"gold_gain":0,"player_choice":"Obtained Book","damage_taken":16,"max_hp_gain":0,"max_hp_loss":0,"event_name":"Cursed Tome","floor":30,"gold_loss":0},{"damage_healed":0,"gold_gain":0,"cards_transformed":["Decay"],"player_choice":"Transformed","damage_taken":0,"max_hp_gain":0,"max_hp_loss":0,"event_name":"Transmorgrifier","floor":31,"gold_loss":0,"cards_obtained":["Shame"]}],"is_beta":false,"boss_relics":[{"not_picked":["Astrolabe","Runic Dome"],"picked":"Cursed Key"},{"not_picked":["Tiny House","Orrery"],"picked":"Inserter"}],"items_purged_floors":[5,37],"is_endless":false,"potions_floor_spawned":[7,8,10,12,13,19,22,24,35,39],"killed_by":"4 Shapes","ascension_level":12}