{"gold_per_floor":[111,0,0,0,10,10,10,24,48,48,67,100,110,130,130,230,230,242,67,67,67,67,67,48,48,48,59,69,69,69,84,84,84],"floor_reached":33,"playtime":36081,"items_purged":["Strike_G","Strike_G"],"score":358,"play_id":"370f137d-1aa6-4932-9a28-eb19c1a0353e","local_time":"20190710180910","is_ascension_mode":true,"campfire_choices":[{"floor":15,"key":"REST"},{"data":"After Image","floor":23,"key":"SMITH"},{"data":"Footwork","floor":25,"key":"SMITH"},{"floor":30,"key":"REST"},{"data":"Footwork","floor":32,"key":"SMITH"}],"neow_cost":"NONE","seed_source_timestamp":1229347920498896,"circlet_count":0,"master_deck":["Strike_G","Strike_G","Defend_G","Defend_G","Defend_G","Defend_G","Defend_G","Survivor+1","Neutralize","Well Laid Plans","Blade Dance","Deadly Poison+1","Catalyst","Deadly Poison","Footwork+1","After Image+1","Footwork+1"],"relics":["Ring of the Snake","Blood Vial","Blue Candle","Regal Pillow","Anchor","Busted Crown","Nloth\u0027s Gift","Sundial"],"potions_floor_usage":[16,28,28,33],"damage_taken":[{"damage":0,"enemies":"Small Slimes","floor":1,"turns":1},{"damage":0,"enemies":"2 Louse","floor":5,"turns":1},{"damage":0,"enemies":"Jaw Worm","floor":8,"turns":1},{"damage":3,"enemies":"Looter","floor":11,"turns":4},{"damage":23,"enemies":"Lagavulin","floor":12,"turns":6},{"damage":13,"enemies":"Exordium Wildlife","floor":13,"turns":6},{"damage":18,"enemies":"Exordium Thugs","floor":14,"turns":7},{"damage":27,"enemies":"Slime Boss","floor":16,"turns":14},{"damage":4,"enemies":"3 Byrds","floor":18,"turns":6},{"damage":0,"enemies":"2 Thieves","floor":24,"turns":4},{"damage":13,"enemies":"Snake Plant","floor":27,"turns":5},{"damage":19,"enemies":"Cultist and Chosen","floor":28,"turns":10},{"damage":0,"enemies":"Shelled Parasite and Fungi","floor":31,"turns":7},{"damage":69,"enemies":"Automaton","floor":33,"turns":12}],"seed_played":"1013842651944546003","potions_obtained":[{"floor":5,"key":"SteroidPotion"},{"floor":8,"key":"Energy Potion"},{"floor":13,"key":"Energy Potion"},{"floor":20,"key":"Explosive Potion"},{"floor":20,"key":"Poison Potion"},{"floor":24,"key":"AttackPotion"},{"floor":31,"key":"SpeedPotion"}],"is_trial":false,"path_per_floor":["M","$","?","?","M","?","T","M","T","?","M","E","M","M","R","B",null,"M","$","?","$","?","R","M","R","T","M","M","?","R","M","R","B"],"character_chosen":"THE_SILENT","items_purchased":["Well Laid Plans","Footwork"],"campfire_rested":2,"item_purchase_floors":[2,19],"current_hp_per_floor":[63,63,60,60,62,62,62,64,64,50,49,28,17,1,37,12,56,54,54,54,54,54,54,56,56,56,45,28,28,64,66,66,0],"gold":84,"neow_bonus":"THREE_ENEMY_KILL","is_prod":false,"is_daily":false,"chose_seed":false,"campfire_upgraded":3,"win_rate":0,"timestamp":1562800150,"path_taken":["M","$","?","?","M","?","?","?","T","?","M","E","M","M","R","BOSS","M","$","?","$","?","R","M","R","T","?","M","?","R","M","R","BOSS"],"build_version":"2019-07-05","purchased_purges":2,"victory":false,"max_hp_per_floor":[70,70,70,70,70,70,70,70,70,70,70,70,70,70,70,70,70,70,70,70,70,70,70,70,70,70,70,70,70,70,70,70,70],"card_choices":[{"not_picked":["Poisoned Stab","Bane","Dagger Throw"],"picked":"SKIP","floor":1},{"not_picked":["Calculated Gamble","Bane"],"picked":"Deadly Poison","floor":5},{"not_picked":["Deflect","Poisoned Stab"],"picked":"Catalyst","floor":8},{"not_picked":["Acrobatics","Deflect","Flying Knee"],"picked":"SKIP","floor":11},{"not_picked":["Phantasmal Killer","Caltrops"],"picked":"Deadly Poison","floor":12},{"not_picked":["Heel Hook","Deflect","Well Laid Plans"],"picked":"SKIP","floor":13},{"not_picked":["PiercingWail","Outmaneuver"],"picked":"Footwork","floor":14},{"not_picked":["Doppelganger","Phantasmal Killer"],"picked":"After Image","floor":16},{"not_picked":["Accuracy"],"picked":"SKIP","floor":18},{"not_picked":["Underhanded Strike+1"],"picked":"SKIP","floor":24},{"not_picked":["Poisoned Stab+1"],"picked":"SKIP","floor":27},{"not_picked":["Accuracy"],"picked":"SKIP","floor":28},{"not_picked":["Terror+1"],"picked":"SKIP","floor":31}],"player_experience":2181405,"relics_obtained":[{"floor":7,"key":"Blue Candle"},{"floor":9,"key":"Regal Pillow"},{"floor":12,"key":"Anchor"},{"floor":26,"key":"Sundial"}],"event_choices":[{"damage_healed":0,"gold_gain":0,"player_choice":"Success","damage_taken":3,"relics_obtained":["Blood Vial"],"max_hp_gain":0,"max_hp_loss":0,"event_name":"Scrap Ooze","floor":3,"gold_loss":0},{"damage_healed":0,"gold_gain":0,"cards_transformed":["Strike_G"],"player_choice":"Change","damage_taken":0,"max_hp_gain":0,"max_hp_loss":0,"event_name":"Living Wall","floor":4,"gold_loss":0,"cards_obtained":["Blade Dance"]},{"damage_healed":0,"gold_gain":0,"player_choice":"Ignored","damage_taken":0,"max_hp_gain":0,"max_hp_loss":0,"event_name":"Liars Game","floor":6,"gold_loss":0},{"damage_healed":0,"gold_gain":0,"player_choice":"Entered Light","damage_taken":14,"max_hp_gain":0,"max_hp_loss":0,"event_name":"Shining Light","floor":10,"gold_loss":0,"cards_upgraded":["Deadly Poison","Survivor"]},{"damage_healed":0,"gold_gain":0,"player_choice":"Got Potions","damage_taken":0,"max_hp_gain":0,"max_hp_loss":0,"event_name":"Lab","floor":20,"gold_loss":0},{"damage_healed":0,"gold_gain":0,"player_choice":"Traded Relic","damage_taken":0,"relics_obtained":["Nloth\u0027s Gift"],"max_hp_gain":0,"max_hp_loss":0,"event_name":"N\u0027loth","floor":22,"relics_lost":["NeowsBlessing"],"gold_loss":0},{"damage_healed":0,"gold_gain":0,"player_choice":"Ignored","damage_taken":0,"max_hp_gain":0,"max_hp_loss":0,"event_name":"Ghosts","floor":29,"gold_loss":0}],"is_beta":false,"boss_relics":[{"not_picked":["White Beast Statue","Empty Cage"],"picked":"Busted Crown"}],"items_purged_floors":[2,19],"is_endless":false,"potions_floor_spawned":[5,8,13,14,24,31],"killed_by":"Automaton","ascension_level":9}