{"gold_per_floor":[214,214,233,244,258,258,277,277,577,55,55,41,41,16,16,16],"floor_reached":16,"playtime":698,"items_purged":["Dualcast"],"score":124,"play_id":"3d768ed7-600e-4aa5-a435-98638d4117b5","local_time":"20190309133323","is_ascension_mode":true,"campfire_choices":[{"floor":6,"key":"REST"},{"floor":8,"key":"REST"},{"floor":15,"key":"REST"}],"neow_cost":"NONE","seed_source_timestamp":117407102661033,"circlet_count":0,"master_deck":["Strike_B","Strike_B","Strike_B","Defend_B","Defend_B","Defend_B","Defend_B","Zap","Conserve Battery","BootSequence","Cold Snap"],"relics":["Cracked Core","Dodecahedron","Old Coin","WingedGreaves","Bronze Scales"],"potions_floor_usage":[16,16],"damage_taken":[{"damage":5,"enemies":"2 Louse","floor":1,"turns":4},{"damage":1,"enemies":"Small Slimes","floor":3,"turns":4},{"damage":6,"enemies":"Jaw Worm","floor":4,"turns":5},{"damage":26,"enemies":"Exordium Wildlife","floor":5,"turns":6},{"damage":16,"enemies":"Red Slaver","floor":7,"turns":6},{"damage":20,"enemies":"Exordium Thugs","floor":12,"turns":5},{"damage":66,"enemies":"Hexaghost","floor":16,"turns":12}],"seed_played":"-1649079014202194737","potions_obtained":[{"floor":5,"key":"Regen Potion"},{"floor":12,"key":"SkillPotion"}],"is_trial":false,"path_per_floor":["M","?","M","M","M","R","M","R","T","$","?","M","?","$","R","B"],"character_chosen":"DEFECT","items_purchased":["WingedGreaves","Bronze Scales","Cold Snap"],"campfire_rested":3,"item_purchase_floors":[10,10,14],"current_hp_per_floor":[63,51,50,44,18,40,24,46,46,46,46,26,26,26,48,0],"gold":16,"neow_bonus":"HUNDRED_GOLD","is_prod":false,"is_daily":false,"chose_seed":false,"campfire_upgraded":0,"win_rate":0,"timestamp":1552160003,"path_taken":["M","?","M","M","M","R","M","R","T","$","?","M","?","$","R","BOSS"],"build_version":"2019-01-23","purchased_purges":1,"victory":false,"max_hp_per_floor":[75,75,75,75,75,75,75,75,75,75,75,75,75,75,75,75],"card_choices":[{"not_picked":["Ball Lightning","Turbo"],"picked":"Conserve Battery","floor":1},{"not_picked":["Steam","Skim","Double Energy"],"picked":"SKIP","floor":3},{"not_picked":["Rebound","Go for the Eyes","Melter"],"picked":"SKIP","floor":4},{"not_picked":["Beam Cell","Steam Power","Hologram"],"picked":"SKIP","floor":5},{"not_picked":["Rebound","Scrape","Compile Driver"],"picked":"SKIP","floor":7},{"not_picked":["Compile Driver","Stack"],"picked":"BootSequence","floor":12}],"player_experience":1597275,"relics_obtained":[{"floor":9,"key":"Old Coin"}],"event_choices":[{"damage_healed":0,"gold_gain":0,"player_choice":"Success","damage_taken":12,"relics_obtained":["Dodecahedron"],"max_hp_gain":0,"max_hp_loss":0,"event_name":"Scrap Ooze","floor":2,"gold_loss":0},{"damage_healed":0,"gold_gain":0,"player_choice":"Ignored","damage_taken":0,"max_hp_gain":0,"max_hp_loss":0,"event_name":"Liars Game","floor":11,"gold_loss":0},{"cards_removed":["Strike_B"],"damage_healed":0,"gold_gain":0,"player_choice":"Forget","damage_taken":0,"max_hp_gain":0,"max_hp_loss":0,"event_name":"Living Wall","floor":13,"gold_loss":0}],"is_beta":false,"boss_relics":[],"items_purged_floors":[10],"is_endless":false,"potions_floor_spawned":[5,12],"killed_by":"Hexaghost","ascension_level":7}