{"gold_per_floor":[212,87,99,99,23,23,55,71,98,98,109,184,204,220,220,324,324,342,342,257,257,257,291,291,291],"floor_reached":25,"playtime":1615,"items_purged":["Strike_G"],"score":274,"play_id":"88cda0d8-b280-4f17-aa20-3781f61f7b34","local_time":"20190212195909","is_ascension_mode":true,"campfire_choices":[{"data":"Blur","floor":6,"key":"SMITH"},{"floor":10,"key":"REST"},{"floor":15,"key":"REST"},{"floor":24,"key":"REST"}],"neow_cost":"NONE","seed_source_timestamp":2906299692607382,"circlet_count":0,"master_deck":["Defend_G","Defend_G","Defend_G","Defend_G","Defend_G","Strike_G","Strike_G","Strike_G","Survivor","Neutralize","Backflip","Pain","Blur+1","Deadly Poison","Blur","Crippling Poison","Cloak And Dagger","After Image","Writhe","Night Terror"],"relics":["Ring of the Snake","WarpedTongs","Lantern","Art of War","Fusion Hammer","Regal Pillow","Anchor","Dodecahedron"],"potions_floor_usage":[16,16,16,25],"damage_taken":[{"damage":2,"enemies":"Jaw Worm","floor":1,"turns":6},{"damage":0,"enemies":"Cultist","floor":3,"turns":5},{"damage":48,"enemies":"Lagavulin","floor":7,"turns":9},{"damage":3,"enemies":"2 Louse","floor":8,"turns":3},{"damage":11,"enemies":"Gremlin Gang","floor":11,"turns":6},{"damage":3,"enemies":"Looter","floor":13,"turns":4},{"damage":3,"enemies":"2 Fungi Beasts","floor":14,"turns":4},{"damage":17,"enemies":"Slime Boss","floor":16,"turns":17},{"damage":8,"enemies":"Shell Parasite","floor":18,"turns":7},{"damage":44,"enemies":"Slavers","floor":23,"turns":15},{"damage":42,"enemies":"Gremlin Leader","floor":25,"turns":6}],"seed_played":"-7715194941184506043","potions_obtained":[{"floor":7,"key":"EssenceOfSteel"},{"floor":11,"key":"Dexterity Potion"},{"floor":13,"key":"Fire Potion"},{"floor":14,"key":"LiquidBronze"},{"floor":18,"key":"Poison Potion"}],"is_trial":false,"path_per_floor":["M","$","M","?","$","R","E","M","T","R","M","?","M","M","R","B",null,"M","?","?","?","?","E","R","E"],"character_chosen":"THE_SILENT","items_purchased":["Backflip","Blur"],"campfire_rested":3,"item_purchase_floors":[2,5],"current_hp_per_floor":[68,68,68,68,68,68,20,17,17,38,27,20,17,14,35,18,57,49,49,49,49,49,5,41,0],"gold":291,"neow_bonus":"HUNDRED_GOLD","is_prod":false,"is_daily":false,"chose_seed":false,"campfire_upgraded":1,"win_rate":0,"timestamp":1550023149,"path_taken":["M","$","M","?","$","R","E","M","T","R","?","?","M","?","R","BOSS","M","?","?","?","?","E","R","E"],"build_version":"2019-01-23","purchased_purges":1,"victory":false,"max_hp_per_floor":[70,70,70,70,70,70,70,70,70,70,70,70,70,70,70,70,70,70,70,70,70,70,70,70,70],"card_choices":[{"not_picked":["Poisoned Stab","Dodge and Roll","Slice"],"picked":"SKIP","floor":1},{"not_picked":["Acrobatics","Underhanded Strike","Reflex"],"picked":"SKIP","floor":3},{"not_picked":["Concentrate","Outmaneuver"],"picked":"Deadly Poison","floor":7},{"not_picked":["Poisoned Stab","Riddle With Holes","Bane"],"picked":"SKIP","floor":8},{"not_picked":["Masterful Stab","Acrobatics"],"picked":"Blur","floor":11},{"not_picked":["Escape Plan","Expertise"],"picked":"Crippling Poison","floor":13},{"not_picked":["Prepared","Dagger Throw"],"picked":"Cloak And Dagger","floor":14},{"not_picked":["Burst","Venomology"],"picked":"After Image","floor":16},{"not_picked":["PiercingWail","Concentrate","Underhanded Strike"],"picked":"SKIP","floor":18},{"not_picked":["Deflect","Flying Knee","Dodge and Roll+1"],"picked":"SKIP","floor":23}],"player_experience":1345716,"relics_obtained":[{"floor":7,"key":"Lantern"},{"floor":9,"key":"Art of War"},{"floor":23,"key":"Dodecahedron"}],"event_choices":[{"damage_healed":0,"gold_gain":0,"player_choice":"Rummage","damage_taken":0,"relics_obtained":["WarpedTongs"],"max_hp_gain":0,"max_hp_loss":0,"event_name":"Accursed Blacksmith","floor":4,"gold_loss":0,"cards_obtained":["Pain"]},{"damage_healed":0,"gold_gain":75,"player_choice":"Touch","damage_taken":7,"max_hp_gain":0,"max_hp_loss":0,"event_name":"FaceTrader","floor":12,"gold_loss":0},{"damage_healed":0,"gold_gain":0,"player_choice":"Ignored","damage_taken":0,"max_hp_gain":0,"max_hp_loss":0,"event_name":"Vampires","floor":19,"gold_loss":0},{"damage_healed":0,"gold_gain":0,"player_choice":"Obtained Relic","damage_taken":0,"relics_obtained":["Regal Pillow"],"max_hp_gain":0,"max_hp_loss":0,"event_name":"Addict","floor":20,"gold_loss":85},{"damage_healed":0,"gold_gain":0,"player_choice":"Opened","damage_taken":0,"relics_obtained":["Anchor"],"max_hp_gain":0,"max_hp_loss":0,"event_name":"The Mausoleum","floor":21,"gold_loss":0,"cards_obtained":["Writhe"]},{"damage_healed":0,"gold_gain":0,"cards_transformed":["Strike_G"],"player_choice":"Transformed","damage_taken":0,"max_hp_gain":0,"max_hp_loss":0,"event_name":"Transmorgrifier","floor":22,"gold_loss":0,"cards_obtained":["Night Terror"]}],"is_beta":false,"boss_relics":[{"not_picked":["Tiny House","White Beast Statue"],"picked":"Fusion Hammer"}],"items_purged_floors":[2],"is_endless":false,"potions_floor_spawned":[7,11,13,14,18],"killed_by":"Gremlin Leader","ascension_level":5}