{"gold_per_floor":[368,368,380,41,41,41,71,71,71,96,96,96,134,152,152,271,271,285,310,7,7,7,46,46,61,61,61,61,77,100,100],"floor_reached":31,"playtime":2216,"items_purged":[],"score":379,"play_id":"c2d0ae97-a107-4dec-a14f-2c56b1685691","local_time":"20190828001828","is_ascension_mode":true,"campfire_choices":[{"data":"Bash","floor":6,"key":"SMITH"},{"data":"Carnage","floor":8,"key":"SMITH"},{"floor":12,"key":"REST"},{"data":"Entrench","floor":15,"key":"SMITH"},{"floor":24,"key":"REST"},{"floor":28,"key":"REST"}],"neow_cost":"TEN_PERCENT_HP_LOSS","seed_source_timestamp":699200575380900,"circlet_count":0,"master_deck":["Strike_R","Strike_R","Strike_R","Strike_R","Strike_R","Defend_R","Defend_R","Defend_R","Defend_R","Bash+1","Whirlwind","Carnage+1","Evolve","Entrench+1","Inflame","Wild Strike","Clothesline","Reckless Charge","Limit Break","Flex+1","Second Wind","Spot Weakness","Shrug It Off+1","Feel No Pain","Shockwave"],"relics":["Burning Blood","Happy Flower","StoneCalendar","Dream Catcher","Paper Frog","Golden Idol","Singing Bowl","Black Star","Chemical X","Anchor","Regal Pillow","Oddly Smooth Stone"],"potions_floor_usage":[23,23,23,30,30,31],"damage_taken":[{"damage":9,"enemies":"Jaw Worm","floor":1,"turns":4},{"damage":0,"enemies":"2 Louse","floor":3,"turns":3},{"damage":30,"enemies":"3 Sentries","floor":7,"turns":9},{"damage":8,"enemies":"Gremlin Nob","floor":10,"turns":3},{"damage":25,"enemies":"3 Sentries","floor":13,"turns":7},{"damage":0,"enemies":"Small Slimes","floor":14,"turns":3},{"damage":13,"enemies":"Slime Boss","floor":16,"turns":9},{"damage":25,"enemies":"3 Byrds","floor":18,"turns":7},{"damage":43,"enemies":"Shell Parasite","floor":19,"turns":7},{"damage":45,"enemies":"Book of Stabbing","floor":23,"turns":5},{"damage":41,"enemies":"Shelled Parasite and Fungi","floor":25,"turns":6},{"damage":11,"enemies":"Centurion and Healer","floor":29,"turns":6},{"damage":34,"enemies":"3 Cultists","floor":30,"turns":7},{"damage":20,"enemies":"Sentry and Sphere","floor":31,"turns":3}],"seed_played":"-2544908744394358589","potions_obtained":[{"floor":7,"key":"Regen Potion"},{"floor":10,"key":"Energy Potion"},{"floor":13,"key":"Block Potion"},{"floor":25,"key":"FearPotion"},{"floor":29,"key":"Block Potion"},{"floor":30,"key":"Block Potion"}],"is_trial":false,"path_per_floor":["M","?","M","$","?","R","E","R","T","E","?","R","E","M","R","B",null,"M","M","$","?","?","E","R","M","T","?","R","M","M","M"],"character_chosen":"IRONCLAD","items_purchased":["Happy Flower","Carnage","Evolve","Entrench","Second Wind","Chemical X","Spot Weakness"],"campfire_rested":3,"item_purchase_floors":[4,4,4,4,20,20,20],"current_hp_per_floor":[69,69,72,72,72,72,48,48,48,46,28,49,32,38,38,31,63,44,9,9,9,34,9,47,14,14,14,53,48,20,0],"gold":100,"neow_bonus":"TWO_FIFTY_GOLD","is_prod":false,"is_daily":false,"chose_seed":false,"campfire_upgraded":3,"win_rate":0,"timestamp":1566919108,"path_taken":["M","?","M","$","?","R","E","R","T","E","?","R","E","M","R","BOSS","M","M","$","?","?","E","R","M","T","?","R","M","M","M"],"build_version":"2019-07-17","purchased_purges":0,"victory":false,"max_hp_per_floor":[72,72,72,72,72,72,72,72,72,72,72,72,74,74,74,74,74,74,76,76,76,76,78,78,80,80,80,80,80,80,80],"card_choices":[{"not_picked":["Headbutt","Twin Strike"],"picked":"Whirlwind","floor":1},{"not_picked":["Infernal Blade","Clash","Body Slam"],"picked":"SKIP","floor":3},{"not_picked":["Pommel Strike","Whirlwind"],"picked":"Inflame","floor":7},{"not_picked":["Anger","Pommel Strike"],"picked":"Wild Strike","floor":10},{"not_picked":["Heavy Blade","Metallicize"],"picked":"Clothesline","floor":12},{"not_picked":["Fire Breathing","Bloodletting","Sever Soul"],"picked":"Singing Bowl","floor":13},{"not_picked":["Burning Pact","Headbutt"],"picked":"Reckless Charge","floor":14},{"not_picked":["Reaper","Exhume"],"picked":"Limit Break","floor":16},{"not_picked":["Clash","Body Slam"],"picked":"Flex+1","floor":18},{"not_picked":["Searing Blow+1","Inflame","Carnage"],"picked":"SKIP","floor":19},{"not_picked":["Searing Blow+1","Inflame","Carnage"],"picked":"Singing Bowl","floor":19},{"not_picked":["True Grit","Twin Strike+1","Clothesline"],"picked":"Singing Bowl","floor":23},{"not_picked":["True Grit","Dual Wield","Anger"],"picked":"Singing Bowl","floor":25},{"not_picked":["Reckless Charge","Disarm+1"],"picked":"Shrug It Off+1","floor":28},{"not_picked":["Wild Strike","Metallicize"],"picked":"Feel No Pain","floor":29},{"not_picked":["Iron Wave","Wild Strike+1"],"picked":"Shockwave","floor":30}],"player_experience":443420,"relics_obtained":[{"floor":7,"key":"StoneCalendar"},{"floor":9,"key":"Dream Catcher"},{"floor":10,"key":"Paper Frog"},{"floor":13,"key":"Singing Bowl"},{"floor":23,"key":"Anchor"},{"floor":23,"key":"Regal Pillow"},{"floor":26,"key":"Oddly Smooth Stone"}],"event_choices":[{"damage_healed":0,"gold_gain":0,"player_choice":"Leave","damage_taken":0,"max_hp_gain":0,"max_hp_loss":0,"event_name":"The Cleric","floor":2,"gold_loss":0},{"damage_healed":0,"gold_gain":0,"player_choice":"Ignored","damage_taken":0,"max_hp_gain":0,"max_hp_loss":0,"event_name":"Liars Game","floor":5,"gold_loss":0},{"damage_healed":0,"gold_gain":0,"player_choice":"Take Damage","damage_taken":18,"relics_obtained":["Golden Idol"],"max_hp_gain":0,"max_hp_loss":0,"event_name":"Golden Idol","floor":11,"gold_loss":0},{"damage_healed":25,"gold_gain":0,"player_choice":"Heal","damage_taken":0,"max_hp_gain":0,"max_hp_loss":0,"event_name":"The Library","floor":22,"gold_loss":0},{"damage_healed":0,"gold_gain":0,"player_choice":"Ignored","damage_taken":0,"max_hp_gain":0,"max_hp_loss":0,"event_name":"Cursed Tome","floor":27,"gold_loss":0}],"is_beta":false,"boss_relics":[{"not_picked":["Runic Pyramid","Calling Bell"],"picked":"Black Star"}],"items_purged_floors":[],"is_endless":false,"potions_floor_spawned":[7,10,13,16,19,25,29,30],"killed_by":"Sentry and Sphere","ascension_level":8}