{"gold_per_floor":[110,86,100,117,117,117,151,163,163,163],"floor_reached":10,"playtime":379,"items_purged":[],"score":68,"play_id":"7e98c367-350e-478b-b2e6-1960537e4b13","local_time":"20190829151526","is_ascension_mode":false,"campfire_choices":[{"data":"Impervious","floor":6,"key":"SMITH"}],"neow_cost":"NONE","seed_source_timestamp":620550999739181,"circlet_count":0,"master_deck":["Strike_R","Strike_R","Strike_R","Strike_R","Strike_R","Defend_R","Defend_R","Defend_R","Bash","Impervious+1","Body Slam","Shrug It Off","Headbutt"],"relics":["Burning Blood","Pear","Frozen Egg 2"],"potions_floor_usage":[7],"damage_taken":[{"damage":1,"enemies":"2 Louse","floor":1,"turns":3},{"damage":6,"enemies":"Jaw Worm","floor":3,"turns":2},{"damage":1,"enemies":"Cultist","floor":4,"turns":3},{"damage":31,"enemies":"Lagavulin","floor":7,"turns":7},{"damage":18,"enemies":"3 Louse","floor":8,"turns":4},{"damage":6,"enemies":"Exordium Thugs","floor":10,"turns":4}],"seed_played":"-1256289197602679977","potions_obtained":[{"floor":3,"key":"GamblersBrew"},{"floor":8,"key":"LiquidBronze"}],"is_trial":false,"path_per_floor":["M","$","M","M","?","R","E","M","T","M"],"character_chosen":"IRONCLAD","items_purchased":["Shrug It Off"],"campfire_rested":0,"item_purchase_floors":[2],"current_hp_per_floor":[80,80,80,80,73,73,58,46,46,40],"gold":163,"neow_bonus":"ONE_RANDOM_RARE_CARD","is_prod":false,"is_daily":false,"chose_seed":false,"campfire_upgraded":1,"win_rate":0,"timestamp":1567106126,"path_taken":["M","$","M","M","?","R","E","M","T","M"],"build_version":"2019-07-17","purchased_purges":0,"victory":false,"max_hp_per_floor":[80,80,80,80,80,80,90,90,90,90],"card_choices":[{"not_picked":["Sword Boomerang","Warcry"],"picked":"Body Slam","floor":1},{"not_picked":["Pommel Strike","Sword Boomerang"],"picked":"Headbutt","floor":3},{"not_picked":["Clothesline","Clash","Evolve"],"picked":"SKIP","floor":4},{"not_picked":["Flex","Dark Embrace","Perfected Strike"],"picked":"SKIP","floor":7},{"not_picked":["Body Slam","Uppercut","Perfected Strike"],"picked":"SKIP","floor":8}],"player_experience":173184,"relics_obtained":[{"floor":7,"key":"Pear"},{"floor":9,"key":"Frozen Egg 2"}],"event_choices":[{"cards_removed":["Defend_R"],"damage_healed":0,"gold_gain":0,"player_choice":"Card Removal","damage_taken":7,"max_hp_gain":0,"max_hp_loss":0,"event_name":"Golden Wing","floor":5,"gold_loss":0}],"is_beta":false,"boss_relics":[],"items_purged_floors":[],"is_endless":false,"potions_floor_spawned":[3,8],"killed_by":"Exordium Thugs","ascension_level":0}