{"gold_per_floor":[115,115,40,60,71,71,84,95,118,118,133,145,145,162,162,258,308,296,308,308,308],"floor_reached":21,"playtime":1275,"items_purged":["Fusion"],"score":271,"play_id":"8a2379ec-f42f-4c13-a89d-334e54f2f28a","local_time":"20190804162130","is_ascension_mode":true,"campfire_choices":[{"data":"Zap","floor":6,"key":"SMITH"},{"data":"Zap","floor":10,"key":"SMITH"},{"data":"Buffer","floor":13,"key":"SMITH"},{"data":"Reinforced Body","floor":15,"key":"SMITH"}],"neow_cost":"TEN_PERCENT_HP_LOSS","seed_source_timestamp":142600733713400,"circlet_count":0,"master_deck":["AscendersBane","Strike_B","Strike_B","Strike_B","Defend_B","Defend_B","Defend_B","Defend_B","Zap+1","Coolheaded","BootSequence","Zap+1","Streamline","Reinforced Body","Cold Snap","Buffer+1","Reinforced Body+1","Gash","Machine Learning+1","Capacitor","Doom and Gloom"],"relics":["Cracked Core","Happy Flower","Tiny House"],"potions_floor_usage":[16,16,21],"damage_taken":[{"damage":3,"enemies":"2 Louse","floor":1,"turns":4},{"damage":0,"enemies":"Cultist","floor":4,"turns":5},{"damage":5,"enemies":"Small Slimes","floor":5,"turns":4},{"damage":0,"enemies":"Blue Slaver","floor":7,"turns":4},{"damage":0,"enemies":"Red Slaver","floor":8,"turns":4},{"damage":0,"enemies":"Exordium Thugs","floor":11,"turns":4},{"damage":0,"enemies":"3 Louse","floor":12,"turns":3},{"damage":0,"enemies":"Red Slaver","floor":14,"turns":5},{"damage":16,"enemies":"Hexaghost","floor":16,"turns":10},{"damage":0,"enemies":"2 Thieves","floor":18,"turns":4},{"damage":42,"enemies":"3 Byrds","floor":19,"turns":6},{"damage":34,"enemies":"Masked Bandits","floor":21,"turns":3}],"seed_played":"-4069194268100365596","potions_obtained":[{"floor":5,"key":"Strength Potion"},{"floor":8,"key":"PowerPotion"},{"floor":17,"key":"Energy Potion"}],"is_trial":false,"path_per_floor":["M","?","$","M","M","R","M","M","T","R","M","M","R","M","R","B",null,"M","M","?","?"],"character_chosen":"DEFECT","items_purchased":[],"campfire_rested":0,"item_purchase_floors":[],"current_hp_per_floor":[65,65,65,65,60,60,60,60,60,60,60,60,60,60,60,44,67,67,25,25,0],"gold":308,"neow_bonus":"TRANSFORM_TWO_CARDS","is_prod":false,"is_daily":false,"chose_seed":false,"campfire_upgraded":4,"win_rate":0,"timestamp":1564953690,"path_taken":["M","?","$","M","M","R","M","?","T","R","M","M","R","M","R","BOSS","M","M","?","?"],"build_version":"2019-07-17","purchased_purges":1,"victory":false,"max_hp_per_floor":[68,68,68,68,68,68,68,68,68,68,68,68,68,68,68,68,73,73,73,73,73],"card_choices":[{"not_picked":["Hologram","Barrage"],"picked":"BootSequence","floor":1},{"not_picked":["Rebound","Ball Lightning"],"picked":"Streamline","floor":4},{"not_picked":["Leap","Consume"],"picked":"Reinforced Body","floor":5},{"not_picked":["Go for the Eyes","Rebound"],"picked":"Cold Snap","floor":7},{"not_picked":["Self Repair","Leap"],"picked":"Buffer","floor":8},{"not_picked":["Go for the Eyes","Turbo","Ball Lightning"],"picked":"SKIP","floor":11},{"not_picked":["Double Energy","Coolheaded"],"picked":"Reinforced Body","floor":12},{"not_picked":["Double Energy","Skim"],"picked":"Gash","floor":14},{"not_picked":["Buffer","Core Surge"],"picked":"Machine Learning","floor":16},{"not_picked":["Gash","Steam Power"],"picked":"Capacitor","floor":17},{"not_picked":["Redo+1","Leap+1"],"picked":"Doom and Gloom","floor":18},{"not_picked":["Chaos","Recycle","Steam"],"picked":"SKIP","floor":19}],"player_experience":2675947,"relics_obtained":[{"floor":9,"key":"Happy Flower"}],"event_choices":[{"damage_healed":0,"gold_gain":0,"player_choice":"1 cards matched","damage_taken":0,"max_hp_gain":0,"max_hp_loss":0,"event_name":"Match and Keep!","floor":2,"gold_loss":0,"cards_obtained":["Zap"]},{"damage_healed":0,"gold_gain":0,"player_choice":"Ignored","damage_taken":0,"max_hp_gain":0,"max_hp_loss":0,"event_name":"Vampires","floor":20,"gold_loss":0},{"damage_healed":0,"gold_gain":0,"player_choice":"Fought Bandits","damage_taken":0,"max_hp_gain":0,"max_hp_loss":0,"event_name":"Masked Bandits","floor":21,"gold_loss":0}],"is_beta":false,"boss_relics":[{"not_picked":["Black Star","Ectoplasm"],"picked":"Tiny House"}],"items_purged_floors":[3],"is_endless":false,"potions_floor_spawned":[5,8,12],"killed_by":"Masked Bandits","ascension_level":11}