{"gold_per_floor":[118,118,118,193,193,193,118,151,151,151,171,171,95,107,107,205,205,194,208,208,222,222,253,253,266,266,280,299,152,165,185,185,280,280,291,341,341,441,209,241,254,270,296,296,20,45,57,72,72,72],"floor_reached":51,"playtime":3594,"items_purged":["Strike_R","Strike_R"],"score":777,"play_id":"82c830d7-f44f-4109-9f9e-3463e7ec185e","local_time":"20190815001118","is_ascension_mode":false,"campfire_choices":[{"data":"Armaments","floor":6,"key":"SMITH"},{"data":"Spot Weakness","floor":10,"key":"SMITH"},{"floor":15,"key":"REST"},{"data":"Rage","floor":32,"key":"SMITH"},{"data":"Limit Break","floor":44,"key":"SMITH"},{"floor":49,"key":"REST"}],"neow_cost":"NONE","seed_source_timestamp":458448659852742,"circlet_count":0,"master_deck":["Strike_R","Strike_R","Strike_R","Defend_R+1","Defend_R+1","Defend_R","Defend_R","Bash","Armaments+1","Spot Weakness+1","Flex","Inflame","Rage+1","Reaper","Anger+1","Flex+1","Reaper","Iron Wave+1","Thunderclap","Limit Break+1","Cleave+1","Heavy Blade","Whirlwind","Spot Weakness","Doubt","Pummel","Flex+1","Spot Weakness"],"relics":["Black Blood","Vajra","Dodecahedron","Omamori","Cursed Key","War Paint","Gremlin Horn","Sundial","Orichalcum","Ice Cream","Magic Flower","Oddly Smooth Stone","Pear","Anchor","Nunchaku"],"potions_floor_usage":[23,23,23,33,33,46,46,48,50,50],"damage_taken":[{"damage":5,"enemies":"2 Louse","floor":1,"turns":4},{"damage":32,"enemies":"Gremlin Nob","floor":8,"turns":4},{"damage":8,"enemies":"Jaw Worm","floor":11,"turns":3},{"damage":0,"enemies":"Small Slimes","floor":14,"turns":3},{"damage":40,"enemies":"Slime Boss","floor":16,"turns":10},{"damage":15,"enemies":"2 Thieves","floor":18,"turns":4},{"damage":10,"enemies":"Shell Parasite","floor":19,"turns":5},{"damage":15,"enemies":"Cultist and Chosen","floor":21,"turns":6},{"damage":23,"enemies":"Book of Stabbing","floor":23,"turns":5},{"damage":13,"enemies":"Centurion and Healer","floor":25,"turns":7},{"damage":33,"enemies":"Shelled Parasite and Fungi","floor":27,"turns":6},{"damage":25,"enemies":"Snecko","floor":28,"turns":4},{"damage":27,"enemies":"Snake Plant","floor":30,"turns":5},{"damage":20,"enemies":"3 Cultists","floor":31,"turns":5},{"damage":113,"enemies":"Automaton","floor":33,"turns":11},{"damage":28,"enemies":"3 Darklings","floor":35,"turns":5},{"damage":85,"enemies":"2 Orb Walkers","floor":36,"turns":6},{"damage":0,"enemies":"Mind Bloom Boss Battle","floor":38,"turns":5},{"damage":81,"enemies":"Giant Head","floor":40,"turns":8},{"damage":12,"enemies":"3 Shapes","floor":41,"turns":3},{"damage":16,"enemies":"Transient","floor":42,"turns":5},{"damage":104,"enemies":"Reptomancer","floor":46,"turns":5},{"damage":54,"enemies":"Writhing Mass","floor":47,"turns":7},{"damage":38,"enemies":"Jaw Worm Horde","floor":48,"turns":5},{"damage":117,"enemies":"Donu and Deca","floor":50,"turns":8}],"seed_played":"6519583691688743556","potions_obtained":[{"floor":14,"key":"SpeedPotion"},{"floor":16,"key":"Regen Potion"},{"floor":19,"key":"GamblersBrew"},{"floor":21,"key":"Poison Potion"},{"floor":25,"key":"PowerPotion"},{"floor":27,"key":"SkillPotion"},{"floor":40,"key":"LiquidBronze"},{"floor":42,"key":"LiquidBronze"},{"floor":47,"key":"SteroidPotion"},{"floor":48,"key":"Poison Potion"}],"is_trial":false,"path_per_floor":["M","?","?","?","T","R","$","E","T","R","M","?","$","M","R","B",null,"M","M","?","M","?","E","?","M","T","M","M","$","M","M","R","B",null,"M","?","?","?","$","E","M","M","T","R","$","E","M","M","R","B",null],"character_chosen":"IRONCLAD","items_purchased":["Spot Weakness","Inflame","Orichalcum","Oddly Smooth Stone","Pummel","Block Potion","Weak Potion"],"campfire_rested":2,"item_purchase_floors":[7,13,29,39,45,45,45],"current_hp_per_floor":[88,88,88,77,77,77,77,51,51,51,49,49,49,55,81,47,88,79,88,88,88,71,71,71,81,81,63,60,60,53,83,83,7,93,85,38,38,93,93,97,100,102,102,102,102,40,25,47,77,86],"gold":72,"neow_bonus":"TEN_PERCENT_HP_BONUS","is_prod":false,"is_daily":false,"chose_seed":false,"campfire_upgraded":4,"win_rate":0,"timestamp":1565842278,"path_taken":["M","?","?","?","?","R","$","E","T","R","M","?","?","?","R","BOSS","M","M","?","M","?","E","?","M","T","M","M","$","M","M","R","BOSS","M","?","?","?","$","E","M","M","T","R","?","E","?","M","R","BOSS"],"build_version":"2019-07-17","purchased_purges":2,"victory":true,"max_hp_per_floor":[88,88,88,88,88,88,88,88,88,88,88,88,88,88,88,88,88,88,88,88,88,93,93,93,93,93,93,93,93,93,93,93,93,93,93,93,93,93,93,103,103,103,103,103,103,103,103,103,103,103],"card_choices":[{"not_picked":["Shrug It Off","Burning Pact"],"picked":"Armaments","floor":1},{"not_picked":["Flame Barrier","Iron Wave"],"picked":"Flex","floor":8},{"not_picked":["Body Slam","Perfected Strike","Cleave"],"picked":"SKIP","floor":11},{"not_picked":["Cleave","Shrug It Off"],"picked":"Rage","floor":14},{"not_picked":["Double Tap","Juggernaut"],"picked":"Reaper","floor":16},{"not_picked":["Sword Boomerang","Armaments","Twin Strike+1"],"picked":"SKIP","floor":18},{"not_picked":["Headbutt+1","Havoc"],"picked":"Anger+1","floor":19},{"not_picked":["Anger+1","Headbutt"],"picked":"Flex+1","floor":21},{"not_picked":["Anger","Evolve","Brutality"],"picked":"SKIP","floor":23},{"not_picked":["Perfected Strike","Sword Boomerang","Blood for Blood"],"picked":"SKIP","floor":25},{"not_picked":["Hemokinesis+1","Clothesline+1","Anger"],"picked":"SKIP","floor":27},{"not_picked":["Ghostly Armor","Shrug It Off"],"picked":"Reaper","floor":28},{"not_picked":["Intimidate","Sever Soul"],"picked":"Iron Wave+1","floor":30},{"not_picked":["Armaments+1","Clash"],"picked":"Thunderclap","floor":31},{"not_picked":["Barricade","Bludgeon"],"picked":"Limit Break","floor":33},{"not_picked":["Armaments","Flame Barrier"],"picked":"Cleave+1","floor":35},{"not_picked":["Shrug It Off+1","Warcry+1"],"picked":"Heavy Blade","floor":36},{"not_picked":["Sever Soul","Warcry"],"picked":"Whirlwind","floor":40},{"not_picked":["Wild Strike+1","Clothesline+1","Anger"],"picked":"SKIP","floor":41},{"not_picked":["Warcry+1","Armaments+1"],"picked":"Spot Weakness","floor":42},{"not_picked":["Fiend Fire","Power Through+1","Shockwave"],"picked":"SKIP","floor":46},{"not_picked":["Thunderclap+1","Havoc"],"picked":"Flex+1","floor":47},{"not_picked":["Reckless Charge+1","True Grit"],"picked":"Spot Weakness","floor":48}],"player_experience":89572,"relics_obtained":[{"floor":5,"key":"Vajra"},{"floor":8,"key":"Dodecahedron"},{"floor":9,"key":"Omamori"},{"floor":23,"key":"War Paint"},{"floor":26,"key":"Sundial"},{"floor":36,"key":"Ice Cream"},{"floor":38,"key":"Magic Flower"},{"floor":40,"key":"Pear"},{"floor":43,"key":"Anchor"},{"floor":46,"key":"Nunchaku"}],"event_choices":[{"damage_healed":0,"gold_gain":0,"player_choice":"Ignored","damage_taken":0,"max_hp_gain":0,"max_hp_loss":0,"event_name":"Liars Game","floor":2,"gold_loss":0},{"damage_healed":0,"gold_gain":0,"player_choice":"Leave","damage_taken":0,"max_hp_gain":0,"max_hp_loss":0,"event_name":"The Cleric","floor":3,"gold_loss":0},{"damage_healed":0,"gold_gain":75,"player_choice":"Gather Gold","damage_taken":11,"max_hp_gain":0,"max_hp_loss":0,"event_name":"World of Goop","floor":4,"gold_loss":0},{"damage_healed":0,"gold_gain":0,"player_choice":"Ignored","damage_taken":0,"max_hp_gain":0,"max_hp_loss":0,"event_name":"Shining Light","floor":12,"gold_loss":0},{"damage_healed":0,"gold_gain":0,"player_choice":"Ignored","damage_taken":0,"max_hp_gain":0,"max_hp_loss":0,"event_name":"Beggar","floor":20,"gold_loss":0},{"damage_healed":0,"gold_gain":0,"player_choice":"Shed Blood","damage_taken":22,"max_hp_gain":5,"max_hp_loss":0,"event_name":"Forgotten Altar","floor":22,"gold_loss":0},{"damage_healed":0,"gold_gain":0,"player_choice":"Opened","damage_taken":0,"relics_obtained":["Gremlin Horn"],"max_hp_gain":0,"max_hp_loss":0,"event_name":"The Mausoleum","floor":24,"gold_loss":0,"cards_obtained":["Writhe"]},{"damage_healed":0,"gold_gain":0,"player_choice":"Fight","damage_taken":0,"max_hp_gain":0,"max_hp_loss":0,"event_name":"Mysterious Sphere","floor":36,"gold_loss":0},{"damage_healed":0,"gold_gain":0,"player_choice":"Ignored","damage_taken":0,"max_hp_gain":0,"max_hp_loss":0,"event_name":"Tomb of Lord Red Mask","floor":37,"gold_loss":0},{"damage_healed":0,"gold_gain":0,"player_choice":"Fight","damage_taken":0,"max_hp_gain":0,"max_hp_loss":0,"event_name":"MindBloom","floor":38,"gold_loss":0}],"is_beta":false,"boss_relics":[{"not_picked":["Runic Pyramid","Coffee Dripper"],"picked":"Cursed Key"},{"not_picked":["Velvet Choker","Eternal Feather"],"picked":"Black Blood"}],"items_purged_floors":[39,45],"is_endless":false,"potions_floor_spawned":[14,16,19,21,25,27,40,42,47,48],"ascension_level":0}