{"gold_per_floor":[119,44,60,60,60,60,103,119,173,173,173,194,219,234,234,234],"floor_reached":16,"playtime":524,"items_purged":["Dualcast"],"score":197,"play_id":"03d75fa8-a488-4128-ba1c-c436cf6150a2","local_time":"20190804152106","is_ascension_mode":true,"campfire_choices":[{"floor":6,"key":"REST"},{"data":"Zap","floor":11,"key":"SMITH"},{"data":"Reinforced Body","floor":15,"key":"SMITH"}],"neow_cost":"NONE","seed_source_timestamp":139728277089200,"circlet_count":0,"master_deck":["AscendersBane","Strike_B","Strike_B","Strike_B","Defend_B","Defend_B","Defend_B","Defend_B","Zap+1","Cold Snap","Cold Snap","Reinforced Body+1"],"relics":["Cracked Core","NeowsBlessing","Golden Idol","Dream Catcher","Tiny Chest"],"potions_floor_usage":[16,16],"damage_taken":[{"damage":0,"enemies":"Jaw Worm","floor":1,"turns":1},{"damage":0,"enemies":"Small Slimes","floor":3,"turns":1},{"damage":0,"enemies":"Gremlin Nob","floor":7,"turns":1},{"damage":8,"enemies":"Cultist","floor":8,"turns":5},{"damage":1,"enemies":"Blue Slaver","floor":12,"turns":4},{"damage":0,"enemies":"Exordium Thugs","floor":13,"turns":5},{"damage":1,"enemies":"Exordium Wildlife","floor":14,"turns":5},{"damage":60,"enemies":"Hexaghost","floor":16,"turns":16}],"seed_played":"-3690789290392907176","potions_obtained":[{"floor":3,"key":"Dexterity Potion"},{"floor":13,"key":"SpeedPotion"}],"is_trial":false,"path_per_floor":["M","$","M","?","$","R","E","M","T","?","R","M","M","M","R","B"],"character_chosen":"DEFECT","items_purchased":[],"campfire_rested":1,"item_purchase_floors":[],"current_hp_per_floor":[68,68,68,50,50,72,72,64,64,57,57,56,56,55,55,0],"gold":234,"neow_bonus":"THREE_ENEMY_KILL","is_prod":false,"is_daily":false,"chose_seed":false,"campfire_upgraded":2,"win_rate":0,"timestamp":1564950066,"path_taken":["M","$","M","?","$","R","E","M","T","?","R","M","M","M","R","BOSS"],"build_version":"2019-07-17","purchased_purges":1,"victory":false,"max_hp_per_floor":[75,75,75,75,75,75,75,75,75,75,75,75,75,75,75,75],"card_choices":[{"not_picked":["Fusion","Barrage"],"picked":"Cold Snap","floor":1},{"not_picked":["Ball Lightning","Streamline","Coolheaded"],"picked":"SKIP","floor":3},{"not_picked":["Sweeping Beam","Melter","Genetic Algorithm"],"picked":"SKIP","floor":7},{"not_picked":["Streamline","Tempest"],"picked":"Cold Snap","floor":8},{"not_picked":["Barrage","Self Repair"],"picked":"Reinforced Body","floor":12},{"not_picked":["Go for the Eyes","Barrage","Ball Lightning"],"picked":"SKIP","floor":13},{"not_picked":["Leap","Redo","Stack"],"picked":"SKIP","floor":14}],"player_experience":2675423,"relics_obtained":[{"floor":7,"key":"Dream Catcher"},{"floor":9,"key":"Tiny Chest"}],"event_choices":[{"damage_healed":0,"gold_gain":0,"player_choice":"Take Damage","damage_taken":18,"relics_obtained":["Golden Idol"],"max_hp_gain":0,"max_hp_loss":0,"event_name":"Golden Idol","floor":4,"gold_loss":0},{"cards_removed":["Strike_B"],"damage_healed":0,"gold_gain":0,"player_choice":"Card Removal","damage_taken":7,"max_hp_gain":0,"max_hp_loss":0,"event_name":"Golden Wing","floor":10,"gold_loss":0}],"is_beta":false,"boss_relics":[],"items_purged_floors":[2],"is_endless":false,"potions_floor_spawned":[3,13,14],"killed_by":"Hexaghost","ascension_level":11}