{"gold_per_floor":[112,126,139,139,139,174,194,194,248,262,262],"floor_reached":11,"playtime":232,"items_purged":[],"score":101,"play_id":"e843c066-c2bc-443d-889a-e40117d2e877","local_time":"20190309225414","is_ascension_mode":true,"campfire_choices":[{"floor":8,"key":"REST"}],"neow_cost":"NONE","seed_source_timestamp":151524926123096,"circlet_count":0,"master_deck":["Strike_B","Strike_B","Strike_B","Strike_B","Defend_B","Defend_B","Defend_B","Defend_B","Zap","Dualcast","Streamline","Cold Snap","Chill","Decay","Loop"],"relics":["Cracked Core","NeowsBlessing","Golden Idol","Pantograph","Happy Flower"],"potions_floor_usage":[],"damage_taken":[{"damage":0,"enemies":"Cultist","floor":1,"turns":1},{"damage":0,"enemies":"Jaw Worm","floor":2,"turns":1},{"damage":0,"enemies":"Small Slimes","floor":3,"turns":1},{"damage":30,"enemies":"Gremlin Nob","floor":6,"turns":5},{"damage":4,"enemies":"2 Fungi Beasts","floor":7,"turns":3},{"damage":9,"enemies":"Looter","floor":10,"turns":4},{"damage":31,"enemies":"The Mushroom Lair","floor":11,"turns":3}],"seed_played":"1876722099006445984","potions_obtained":[{"floor":1,"key":"Ancient Potion"},{"floor":3,"key":"Dexterity Potion"},{"floor":7,"key":"SmokeBomb"},{"floor":10,"key":"GamblersBrew"}],"is_trial":false,"path_per_floor":["M","M","M","?","?","E","M","R","T","M","?"],"character_chosen":"DEFECT","items_purchased":[],"campfire_rested":1,"item_purchase_floors":[],"current_hp_per_floor":[68,68,68,50,50,20,16,38,38,29,0],"gold":262,"neow_bonus":"THREE_ENEMY_KILL","is_prod":false,"is_daily":false,"chose_seed":false,"campfire_upgraded":0,"win_rate":0,"timestamp":1552193654,"path_taken":["M","M","?","?","?","E","M","R","T","?","?"],"build_version":"2019-01-23","purchased_purges":0,"victory":false,"max_hp_per_floor":[75,75,75,75,75,75,75,75,75,75,75],"card_choices":[{"not_picked":["Steam Power","Melter"],"picked":"Streamline","floor":1},{"not_picked":["Redo","Leap"],"picked":"Cold Snap","floor":2},{"not_picked":["Sunder","Darkness"],"picked":"Chill","floor":3},{"not_picked":["Aggregate","Rebound","Coolheaded"],"picked":"SKIP","floor":6},{"not_picked":["Tempest","Turbo","Rebound"],"picked":"SKIP","floor":7},{"not_picked":["Streamline","Stack"],"picked":"Loop","floor":10}],"player_experience":1621355,"relics_obtained":[{"floor":6,"key":"Pantograph"},{"floor":9,"key":"Happy Flower"}],"event_choices":[{"damage_healed":0,"gold_gain":0,"player_choice":"Take Damage","damage_taken":18,"relics_obtained":["Golden Idol"],"max_hp_gain":0,"max_hp_loss":0,"event_name":"Golden Idol","floor":4,"gold_loss":0},{"damage_healed":0,"gold_gain":0,"player_choice":"Cursed","damage_taken":0,"max_hp_gain":0,"max_hp_loss":0,"event_name":"Wheel of Change","floor":5,"gold_loss":0,"cards_obtained":["Decay"]},{"damage_healed":0,"gold_gain":0,"player_choice":"Fought Mushrooms","damage_taken":0,"max_hp_gain":0,"max_hp_loss":0,"event_name":"Mushrooms","floor":11,"gold_loss":0}],"is_beta":false,"boss_relics":[],"items_purged_floors":[],"is_endless":false,"potions_floor_spawned":[1,3,7,10],"killed_by":"The Mushroom Lair","ascension_level":7}