{"gold_per_floor":[114,114,214,238,258,258,302,327,381,47,120,141,141,202,202,322,322,341,4,19,19,34,34,72,72,72,72,88,88,112,112,112,237,237,251,251,2,22,22,66,66,66,66,66,66,82,101,126,126,126],"floor_reached":51,"playtime":4556,"items_purged":[],"score":1055,"play_id":"405a754c-a40a-4cd9-bc8a-0f0a0cc34a87","local_time":"20190829214454","is_ascension_mode":true,"campfire_choices":[{"data":"Neutralize","floor":6,"key":"SMITH"},{"data":"Glass Knife","floor":13,"key":"SMITH"},{"data":"Sucker Punch","floor":15,"key":"SMITH"},{"data":"Apotheosis","floor":23,"key":"SMITH"},{"data":"After Image","floor":25,"key":"SMITH"},{"data":"Footwork","floor":29,"key":"SMITH"},{"data":"Infinite Blades","floor":32,"key":"SMITH"},{"data":"After Image","floor":41,"key":"SMITH"},{"data":"Expertise","floor":44,"key":"SMITH"},{"data":"Footwork","floor":49,"key":"SMITH"}],"neow_cost":"NONE","seed_source_timestamp":21398171456800,"circlet_count":0,"master_deck":["Strike_G+1","Strike_G+1","Strike_G+1","Strike_G+1","Strike_G+1","Defend_G+1","Defend_G+1","Defend_G+1","Defend_G+1","Defend_G+1","Survivor","Neutralize+1","Dagger Spray","Bouncing Flask","Expertise+1","Dodge and Roll","Dash","Infinite Blades+1","Backflip","Glass Knife+1","Sucker Punch+1","After Image+1","Apotheosis+1","Footwork+1","Blade Dance","Slice","Crippling Poison","Leg Sweep+1","Blur","Finisher","Footwork+1","After Image+1","Endless Agony+1","Secret Technique","Blade Dance","Caltrops+1","Acrobatics","Cloak And Dagger"],"relics":["Coffee Dripper","Golden Idol","Ornamental Fan","Whetstone","MealTicket","Tiny Chest","WristBlade","Dream Catcher","Blue Candle","Cursed Key","Bottled Lightning","Happy Flower"],"potions_floor_usage":[14,14,30,45,48,50],"damage_taken":[{"damage":8,"enemies":"Small Slimes","floor":1,"turns":5},{"damage":5,"enemies":"Jaw Worm","floor":4,"turns":5},{"damage":0,"enemies":"Cultist","floor":5,"turns":4},{"damage":17,"enemies":"3 Sentries","floor":7,"turns":10},{"damage":9,"enemies":"3 Louse","floor":8,"turns":3},{"damage":0,"enemies":"2 Fungi Beasts","floor":12,"turns":3},{"damage":3,"enemies":"Lagavulin","floor":14,"turns":5},{"damage":15,"enemies":"The Guardian","floor":16,"turns":12},{"damage":8,"enemies":"Shell Parasite","floor":18,"turns":5},{"damage":2,"enemies":"Spheric Guardian","floor":20,"turns":5},{"damage":5,"enemies":"Shelled Parasite and Fungi","floor":22,"turns":7},{"damage":2,"enemies":"Book of Stabbing","floor":24,"turns":7},{"damage":0,"enemies":"Snecko","floor":28,"turns":5},{"damage":11,"enemies":"Cultist and Chosen","floor":30,"turns":7},{"damage":2,"enemies":"Automaton","floor":33,"turns":13},{"damage":12,"enemies":"3 Shapes","floor":35,"turns":6},{"damage":0,"enemies":"Orb Walker","floor":38,"turns":3},{"damage":0,"enemies":"Reptomancer","floor":40,"turns":6},{"damage":0,"enemies":"Nemesis","floor":45,"turns":1},{"damage":0,"enemies":"Maw","floor":46,"turns":7},{"damage":7,"enemies":"Jaw Worm Horde","floor":47,"turns":4},{"damage":1,"enemies":"Transient","floor":48,"turns":5},{"damage":20,"enemies":"Time Eater","floor":50,"turns":18}],"seed_played":"371844910758812755","potions_obtained":[{"floor":8,"key":"SteroidPotion"},{"floor":12,"key":"AttackPotion"},{"floor":14,"key":"GhostInAJar"},{"floor":18,"key":"EssenceOfSteel"},{"floor":28,"key":"Poison Potion"},{"floor":33,"key":"SmokeBomb"},{"floor":38,"key":"SpeedPotion"},{"floor":47,"key":"SkillPotion"}],"is_trial":false,"path_per_floor":["M","?","?","M","M","R","E","M","T","$","?","M","R","E","R","B",null,"M","$","M","?","M","R","E","R","T","?","M","R","M","$","R","B",null,"M","?","$","M","$","E","R","?","T","R","E","M","M","M","R","B",null],"character_chosen":"THE_SILENT","items_purchased":["MealTicket","Infinite Blades","Backflip","Apotheosis","Footwork","Blade Dance","Slice","Bottled Lightning"],"campfire_rested":0,"item_purchase_floors":[10,10,10,19,19,19,19,37],"current_hp_per_floor":[55,55,55,50,50,50,33,24,24,24,24,24,24,21,21,6,50,42,57,55,55,50,50,48,48,48,48,48,48,37,52,52,50,61,49,49,64,64,65,65,65,65,65,65,65,65,58,57,57,37],"gold":126,"neow_bonus":"BOSS_RELIC","is_prod":false,"is_daily":false,"chose_seed":false,"campfire_upgraded":10,"win_rate":0,"timestamp":1567082694,"path_taken":["M","?","?","M","M","R","E","?","T","$","?","M","R","E","R","BOSS","M","$","M","?","M","R","E","R","T","?","M","R","M","$","R","BOSS","M","?","$","M","$","E","R","?","T","R","E","M","?","M","R","BOSS"],"build_version":"2019-07-17","purchased_purges":0,"victory":true,"max_hp_per_floor":[70,65,65,65,65,65,65,65,65,65,65,65,65,65,65,65,65,65,65,65,65,65,65,65,65,65,65,65,65,65,65,65,65,65,65,65,65,65,65,65,65,65,65,65,65,65,65,65,65,65],"card_choices":[{"not_picked":["Acrobatics","Poisoned Stab"],"picked":"Dagger Spray","floor":1},{"not_picked":["Acrobatics","Dodge and Roll"],"picked":"Bouncing Flask","floor":4},{"not_picked":["Outmaneuver","Concentrate"],"picked":"Expertise","floor":5},{"not_picked":["Outmaneuver","Bouncing Flask"],"picked":"Dodge and Roll","floor":7},{"not_picked":["Skewer","Poisoned Stab"],"picked":"Dash","floor":8},{"not_picked":["Underhanded Strike","Outmaneuver"],"picked":"Glass Knife","floor":12},{"not_picked":["Noxious Fumes","All Out Attack"],"picked":"Sucker Punch","floor":14},{"not_picked":["Corpse Explosion","Glass Knife"],"picked":"After Image","floor":16},{"not_picked":["Noxious Fumes","Outmaneuver","Sucker Punch"],"picked":"SKIP","floor":18},{"not_picked":["Dagger Throw","Prepared"],"picked":"Crippling Poison","floor":20},{"not_picked":["Flying Knee","Dodge and Roll"],"picked":"Leg Sweep+1","floor":22},{"not_picked":["Slice","Acrobatics"],"picked":"Blur","floor":24},{"not_picked":["PiercingWail","Poisoned Stab"],"picked":"Finisher","floor":28},{"not_picked":["Dodge and Roll","Crippling Poison"],"picked":"Footwork","floor":30},{"not_picked":["Malaise","Doppelganger"],"picked":"After Image","floor":33},{"not_picked":["Backflip","Deadly Poison"],"picked":"Endless Agony+1","floor":35},{"not_picked":["HandOfGreed","Dark Shackles"],"picked":"Secret Technique","floor":36},{"not_picked":["Quick Slash","Flying Knee"],"picked":"Blade Dance","floor":38},{"not_picked":["Sucker Punch","Heel Hook+1"],"picked":"Caltrops+1","floor":40},{"not_picked":["Blade Dance+1","Underhanded Strike+1"],"picked":"Acrobatics","floor":46},{"not_picked":["Deadly Poison","Backstab+1","Crippling Poison"],"picked":"SKIP","floor":47},{"not_picked":["Prepared","Envenom"],"picked":"Cloak And Dagger","floor":48}],"player_experience":476519,"relics_obtained":[{"floor":7,"key":"Ornamental Fan"},{"floor":9,"key":"Whetstone"},{"floor":14,"key":"Tiny Chest"},{"floor":24,"key":"Dream Catcher"},{"floor":26,"key":"Blue Candle"},{"floor":40,"key":"Happy Flower"}],"event_choices":[{"damage_healed":0,"gold_gain":0,"player_choice":"Lose Max HP","damage_taken":0,"relics_obtained":["Golden Idol"],"max_hp_gain":0,"max_hp_loss":5,"event_name":"Golden Idol","floor":2,"gold_loss":0},{"damage_healed":0,"gold_gain":100,"player_choice":"Pray","damage_taken":0,"max_hp_gain":0,"max_hp_loss":0,"event_name":"Golden Shrine","floor":3,"gold_loss":0},{"damage_healed":0,"gold_gain":73,"player_choice":"Gained Gold","damage_taken":0,"max_hp_gain":0,"max_hp_loss":0,"event_name":"Golden Wing","floor":11,"gold_loss":0},{"damage_healed":0,"gold_gain":0,"player_choice":"Ignored","damage_taken":0,"max_hp_gain":0,"max_hp_loss":0,"event_name":"Cursed Tome","floor":21,"gold_loss":0},{"damage_healed":0,"gold_gain":0,"player_choice":"Simplicity","damage_taken":0,"max_hp_gain":0,"max_hp_loss":0,"event_name":"Back to Basics","floor":27,"gold_loss":0,"cards_upgraded":["Strike_G","Strike_G","Strike_G","Defend_G","Defend_G","Defend_G","Defend_G","Defend_G"]},{"damage_healed":0,"gold_gain":0,"player_choice":"Memory 1","damage_taken":0,"max_hp_gain":0,"max_hp_loss":0,"event_name":"SensoryStone","floor":36,"gold_loss":0},{"damage_healed":0,"gold_gain":0,"player_choice":"Bought 0 Potions","damage_taken":0,"max_hp_gain":0,"max_hp_loss":0,"event_name":"The Woman in Blue","floor":42,"gold_loss":0}],"is_beta":false,"boss_relics":[{"not_picked":["HoveringKite","Empty Cage"],"picked":"WristBlade"},{"not_picked":["Fusion Hammer","Busted Crown"],"picked":"Cursed Key"}],"items_purged_floors":[],"is_endless":false,"potions_floor_spawned":[8,12,14,18,28,33,35,38,40,47],"ascension_level":9}