{"gold_per_floor":[365,365,382,307,324,324,340,340,364,392,392,418,429,444,444,545,545,565,664,664,664,678,678,689,689,760,760,774,530,540,258,258,354,354,369,469,488,66,66],"floor_reached":39,"playtime":10402,"items_purged":["Dualcast","Strike_B","Strike_B","Strike_B"],"score":539,"play_id":"03924f62-92a5-423b-b375-5aad96e58563","local_time":"20190301224141","is_ascension_mode":true,"campfire_choices":[{"data":"Streamline","floor":6.0,"key":"SMITH"},{"data":"Defend_B","floor":8.0,"key":"SMITH"},{"floor":11.0,"key":"REST"},{"floor":15.0,"key":"REST"},{"floor":23,"key":"REST"},{"floor":25,"key":"RECALL"},{"floor":27,"key":"REST"},{"floor":32,"key":"REST"}],"neow_cost":"TEN_PERCENT_HP_LOSS","seed_source_timestamp":0,"circlet_count":0,"master_deck":["Defend_B+1","Defend_B","Defend_B+1","Defend_B+1","Zap+1","Streamline+1","Machine Learning","Self Repair","Capacitor","Seek","FTL","Seek","Master of Strategy","Defragment"],"special_seed":0,"relics":["Cracked Core","War Paint","Odd Mushroom","Bronze Scales","Fusion Hammer","Nilry\u0027s Codex","Pantograph","Regal Pillow","Sozu","Peace Pipe"],"potions_floor_usage":[33,33,35],"damage_taken":[{"damage":0.0,"enemies":"2 Louse","floor":1.0,"turns":4.0},{"damage":0.0,"enemies":"Cultist","floor":3.0,"turns":2.0},{"damage":7.0,"enemies":"Small Slimes","floor":5.0,"turns":3.0},{"damage":6.0,"enemies":"Looter","floor":7.0,"turns":3.0},{"damage":17.0,"enemies":"The Mushroom Lair","floor":10.0,"turns":4.0},{"damage":18.0,"enemies":"Lagavulin","floor":12.0,"turns":6.0},{"damage":11.0,"enemies":"Large Slime","floor":13.0,"turns":5.0},{"damage":0.0,"enemies":"Exordium Wildlife","floor":14.0,"turns":3.0},{"damage":2.0,"enemies":"Slime Boss","floor":16.0,"turns":7.0},{"damage":16,"enemies":"Spheric Guardian","floor":18,"turns":3},{"damage":3,"enemies":"3 Byrds","floor":22,"turns":2},{"damage":14,"enemies":"Centurion and Healer","floor":24,"turns":7},{"damage":24,"enemies":"Snecko","floor":28,"turns":6},{"damage":20,"enemies":"Cultist and Chosen","floor":30,"turns":9},{"damage":17,"enemies":"Collector","floor":33,"turns":11},{"damage":30,"enemies":"3 Darklings","floor":35,"turns":4},{"damage":3,"enemies":"Mind Bloom Boss Battle","floor":36,"turns":7},{"damage":8,"enemies":"Orb Walker","floor":37,"turns":4},{"damage":68,"enemies":"2 Orb Walkers","floor":39,"turns":3}],"seed_played":"1398220357836213107","potions_obtained":[{"floor":12.0,"key":"Block Potion"},{"floor":14.0,"key":"Fire Potion"},{"floor":16.0,"key":"Fire Potion"},{"floor":18,"key":"Swift Potion"},{"floor":28,"key":"PowerPotion"},{"floor":33,"key":"Ancient Potion"}],"is_trial":false,"path_per_floor":["M","?","M","$","M","R","M","R","T","?","R","E","M","M","R","B",null,"M","?","?","?","M","R","M","R","T","R","M","$","M","$","R","B",null,"M","?","M","$","?"],"character_chosen":"DEFECT","items_purchased":["Seek","Regal Pillow","Master of Strategy","Defragment"],"campfire_rested":5,"item_purchase_floors":[29,31,38,38],"current_hp_per_floor":[68,68,68,68,61,61,55,55,55,38,58,40,29,29,49,54,65,56,56,40,40,44,64,57,57,57,68,51,51,38,38,68,58,66,43,68,67,67,0],"gold":66,"neow_bonus":"TWO_FIFTY_GOLD","is_prod":false,"is_daily":false,"chose_seed":false,"campfire_upgraded":2,"win_rate":0,"timestamp":1551501701,"path_taken":["M","?","?","$","M","R","M","R","T","?","R","E","M","M","R","BOSS","M","?","?","?","M","R","?","R","T","R","?","?","M","$","R","BOSS","M","?","M","$","?"],"build_version":"2019-01-23","purchased_purges":4,"victory":false,"max_hp_per_floor":[68,68,68,68,68,68,68,68,68,68,68,68,68,68,68,68,68,68,68,68,68,68,68,68,68,68,68,68,68,68,68,68,68,68,68,68,68,68,68],"card_choices":[{"not_picked":["Compile Driver","Coolheaded"],"picked":"Streamline","floor":1.0},{"not_picked":["Static Discharge","Hologram","Streamline"],"picked":"SKIP","floor":3.0},{"not_picked":["Skim","Chaos","Leap"],"picked":"SKIP","floor":5.0},{"not_picked":["Redo","Streamline","Amplify"],"picked":"SKIP","floor":7.0},{"not_picked":["Compile Driver","Melter"],"picked":"Machine Learning","floor":12.0},{"not_picked":["Heatsinks","Redo"],"picked":"Self Repair","floor":13.0},{"not_picked":["Beam Cell","Blizzard","Hologram"],"picked":"SKIP","floor":14.0},{"not_picked":["Reprogram+1","Hologram","Coolheaded"],"picked":"SKIP","floor":18},{"not_picked":["Reprogram","Streamline","Auto Shields+1"],"picked":"SKIP","floor":22},{"not_picked":["Amplify","Redo","Cold Snap"],"picked":"SKIP","floor":24},{"not_picked":["Steam","Hologram"],"picked":"Capacitor","floor":28},{"not_picked":["Gash","Coolheaded"],"picked":"FTL","floor":30},{"not_picked":["Biased Cognition","Multi-Cast"],"picked":"Seek","floor":33},{"not_picked":["Hologram+1","Sweeping Beam+1","Beam Cell+1"],"picked":"SKIP","floor":35},{"not_picked":["Auto Shields+1","Hologram","Compile Driver+1"],"picked":"SKIP","floor":37}],"player_experience":1531001,"relics_obtained":[{"floor":9.0,"key":"War Paint"},{"floor":10.0,"key":"Odd Mushroom"},{"floor":12.0,"key":"Bronze Scales"},{"floor":20,"key":"Nilry\u0027s Codex"},{"floor":26,"key":"Pantograph"},{"floor":36,"key":"Peace Pipe"}],"event_choices":[{"damage_healed":0.0,"max_hp_gain":0.0,"max_hp_loss":0.0,"gold_gain":0.0,"event_name":"Upgrade Shrine","player_choice":"Upgraded","floor":2.0,"gold_loss":0.0,"damage_taken":0.0,"cards_upgraded":["Zap"]},{"damage_healed":0.0,"max_hp_gain":0.0,"max_hp_loss":0.0,"gold_gain":0.0,"event_name":"Mushrooms","player_choice":"Fought Mushrooms","floor":10.0,"gold_loss":0.0,"damage_taken":0.0},{"damage_healed":0,"gold_gain":99,"player_choice":"Stole From Cult","damage_taken":0,"max_hp_gain":0,"max_hp_loss":0,"event_name":"Nest","floor":19,"gold_loss":0},{"damage_healed":0,"gold_gain":0,"player_choice":"Obtained Book","damage_taken":16,"max_hp_gain":0,"max_hp_loss":0,"event_name":"Cursed Tome","floor":20,"gold_loss":0},{"cards_removed":["Strike_B"],"damage_healed":0,"gold_gain":0,"player_choice":"Elegance","damage_taken":0,"max_hp_gain":0,"max_hp_loss":0,"event_name":"Back to Basics","floor":21,"gold_loss":0},{"damage_healed":0,"gold_gain":0,"player_choice":"Fight","damage_taken":0,"max_hp_gain":0,"max_hp_loss":0,"event_name":"MindBloom","floor":36,"gold_loss":0},{"damage_healed":0,"gold_gain":0,"player_choice":"Fight","damage_taken":0,"max_hp_gain":0,"max_hp_loss":0,"event_name":"Mysterious Sphere","floor":39,"gold_loss":0}],"is_beta":false,"boss_relics":[{"not_picked":["FrozenCore","Eternal Feather"],"picked":"Fusion Hammer"},{"not_picked":["Tiny House","Runic Dome"],"picked":"Sozu"}],"items_purged_floors":[4,29,31,38],"is_endless":false,"potions_floor_spawned":[12,14,16,18,28,33,36,37],"killed_by":"2 Orb Walkers","ascension_level":7}