{"gold_per_floor":[19,29,45,45,64,64,99,99,99,114,21,21,35,78,78,206,206,227,227,240,253,278,278,293,293],"floor_reached":25,"playtime":2265,"items_purged":[],"score":303,"play_id":"c3549761-2b9c-48b3-8c4b-4e6cf634abf5","local_time":"20190819212657","is_ascension_mode":true,"campfire_choices":[{"data":"Bash","floor":6,"key":"SMITH"},{"data":"Clothesline","floor":8,"key":"SMITH"},{"data":"Inflame","floor":12,"key":"SMITH"},{"data":"Demon Form","floor":15,"key":"SMITH"},{"data":"Flex","floor":23,"key":"SMITH"}],"neow_cost":"NO_GOLD","seed_source_timestamp":191115122635000,"circlet_count":0,"master_deck":["Strike_R","Strike_R","Strike_R","Strike_R","Defend_R","Defend_R","Defend_R","Bash+1","Sentinel","Pummel","Clothesline+1","Twin Strike","Shrug It Off","Shrug It Off","Demon Form+1","Flex+1","Inflame+1","Shrug It Off","Cleave","Reaper","Heavy Blade","Twin Strike","Armaments"],"relics":["Burning Blood","Golden Idol","Pocketwatch","Peace Pipe","Bottled Lightning","White Beast Statue"],"potions_floor_usage":[7,16,20,20,25],"damage_taken":[{"damage":7,"enemies":"2 Louse","floor":1,"turns":3},{"damage":15,"enemies":"Jaw Worm","floor":2,"turns":4},{"damage":0,"enemies":"Cultist","floor":3,"turns":2},{"damage":12,"enemies":"Looter","floor":5,"turns":3},{"damage":6,"enemies":"Gremlin Nob","floor":7,"turns":3},{"damage":16,"enemies":"Exordium Thugs","floor":10,"turns":4},{"damage":0,"enemies":"2 Fungi Beasts","floor":13,"turns":3},{"damage":0,"enemies":"Lagavulin","floor":14,"turns":4},{"damage":12,"enemies":"Hexaghost","floor":16,"turns":8},{"damage":25,"enemies":"2 Thieves","floor":18,"turns":4},{"damage":22,"enemies":"Spheric Guardian","floor":20,"turns":4},{"damage":36,"enemies":"Snake Plant","floor":21,"turns":5},{"damage":12,"enemies":"Centurion and Healer","floor":22,"turns":9},{"damage":20,"enemies":"Cultist and Chosen","floor":24,"turns":6},{"damage":64,"enemies":"Shelled Parasite and Fungi","floor":25,"turns":4}],"seed_played":"210490946055175713","potions_obtained":[{"floor":2,"key":"FearPotion"},{"floor":3,"key":"BloodPotion"},{"floor":10,"key":"SteroidPotion"},{"floor":14,"key":"Weak Potion"},{"floor":18,"key":"BloodPotion"},{"floor":20,"key":"Ancient Potion"},{"floor":21,"key":"GamblersBrew"},{"floor":24,"key":"Strength Potion"}],"is_trial":false,"path_per_floor":["M","M","M","?","M","R","E","R","T","M","$","R","M","E","R","B",null,"M","$","M","M","M","R","M","M"],"character_chosen":"IRONCLAD","items_purchased":["Inflame","Shrug It Off"],"campfire_rested":0,"item_purchase_floors":[11,11],"current_hp_per_floor":[79,70,76,56,50,50,50,50,50,40,40,40,46,52,52,46,72,53,53,57,27,21,21,29,0],"gold":293,"neow_bonus":"TRANSFORM_TWO_CARDS","is_prod":false,"is_daily":false,"chose_seed":false,"campfire_upgraded":5,"win_rate":0,"timestamp":1566217617,"path_taken":["M","M","M","?","M","R","E","R","T","M","?","R","M","E","R","BOSS","M","$","M","M","M","R","M","?"],"build_version":"2019-07-17","purchased_purges":0,"victory":false,"max_hp_per_floor":[80,80,80,80,80,80,80,80,80,80,80,80,80,80,80,80,80,80,80,80,80,80,80,80,80],"card_choices":[{"not_picked":["Havoc","Dropkick"],"picked":"Clothesline","floor":1},{"not_picked":["Wild Strike","Infernal Blade"],"picked":"Twin Strike","floor":2},{"not_picked":["Warcry","Twin Strike"],"picked":"Shrug It Off","floor":3},{"not_picked":["Thunderclap","Wild Strike"],"picked":"Shrug It Off","floor":5},{"not_picked":["Body Slam","Headbutt"],"picked":"Demon Form","floor":7},{"not_picked":["Uppercut","Blood for Blood"],"picked":"Flex","floor":10},{"not_picked":["Sever Soul","True Grit"],"picked":"Cleave","floor":13},{"not_picked":["Havoc","Thunderclap","Cleave"],"picked":"SKIP","floor":14},{"not_picked":["Impervious","Offering"],"picked":"Reaper","floor":16},{"not_picked":["Shrug It Off","Havoc","Hemokinesis+1"],"picked":"SKIP","floor":18},{"not_picked":["Metallicize","True Grit","Pommel Strike"],"picked":"SKIP","floor":20},{"not_picked":["Wild Strike+1","Thunderclap"],"picked":"Heavy Blade","floor":21},{"not_picked":["Armaments","True Grit"],"picked":"Twin Strike","floor":22},{"not_picked":["True Grit","Heavy Blade"],"picked":"Armaments","floor":24}],"player_experience":375080,"relics_obtained":[{"floor":7,"key":"Pocketwatch"},{"floor":9,"key":"Peace Pipe"},{"floor":14,"key":"Bottled Lightning"}],"event_choices":[{"damage_healed":0,"gold_gain":0,"player_choice":"Take Damage","damage_taken":20,"relics_obtained":["Golden Idol"],"max_hp_gain":0,"max_hp_loss":0,"event_name":"Golden Idol","floor":4,"gold_loss":0}],"is_beta":false,"boss_relics":[{"not_picked":["Busted Crown","Runic Cube"],"picked":"White Beast Statue"}],"items_purged_floors":[],"is_endless":false,"potions_floor_spawned":[2,3,10,14,18,20,21,22,24],"killed_by":"Shelled Parasite and Fungi","ascension_level":5}