{"gold_per_floor":[118,43,43,62,62,62,89,108,132,149,49,68,143,18,18,121,121,133,133,116,116],"floor_reached":21,"playtime":1309,"items_purged":["Strike_B","Strike_B","Defend_B"],"score":204,"play_id":"4281e097-a4a5-4b6c-bd85-eb052b947037","local_time":"20181111220112","is_ascension_mode":false,"campfire_choices":[{"floor":15,"key":"REST"}],"neow_cost":"NONE","seed_source_timestamp":2845516023296960,"circlet_count":0,"master_deck":["Strike_B","Strike_B","Defend_B+1","Defend_B","Zap","Dualcast+1","Hello World","Redo","Heatsinks","Go for the Eyes","Leap","Steam","Creative AI","Compile Driver","Barrage"],"relics":["Cracked Core","NeowsBlessing","Oddly Smooth Stone","Blood Vial","Sozu"],"potions_floor_usage":[16,16,16],"damage_taken":[{"damage":0,"enemies":"Cultist","floor":1,"turns":1},{"damage":0,"enemies":"2 Louse","floor":4,"turns":1},{"damage":0,"enemies":"3 Sentries","floor":7,"turns":2},{"damage":6,"enemies":"Small Slimes","floor":8,"turns":2},{"damage":4,"enemies":"2 Fungi Beasts","floor":10,"turns":4},{"damage":4,"enemies":"Blue Slaver","floor":12,"turns":4},{"damage":21,"enemies":"Hexaghost","floor":16,"turns":12},{"damage":13,"enemies":"Shell Parasite","floor":18,"turns":6},{"damage":26,"enemies":"2 Thieves","floor":20,"turns":4},{"damage":47,"enemies":"Centurion and Healer","floor":21,"turns":6}],"seed_played":"-6740741226487421913","potions_obtained":[{"floor":1,"key":"LiquidBronze"},{"floor":7,"key":"FocusPotion"},{"floor":12,"key":"Weak Potion"}],"is_trial":false,"path_per_floor":["M","$","?","M","?","?","E","M","T","M","$","M","?","$","R","B",null,"M","$","M","M"],"character_chosen":"DEFECT","items_purchased":[],"campfire_rested":1,"item_purchase_floors":[],"current_hp_per_floor":[75,75,80,80,64,57,57,51,51,49,49,47,39,39,63,44,80,67,67,43,0],"gold":116,"neow_bonus":"THREE_ENEMY_KILL","is_prod":false,"is_daily":false,"chose_seed":false,"campfire_upgraded":0,"win_rate":0.0,"timestamp":1541995272,"path_taken":["M","?","?","M","?","?","E","M","T","?","$","M","?","$","R","BOSS","M","$","M","M"],"build_version":"2018-11-08","purchased_purges":3,"victory":false,"max_hp_per_floor":[75,75,80,80,80,80,80,80,80,80,80,80,80,80,80,80,80,80,80,80,80],"card_choices":[{"not_picked":["Coolheaded","Stack"],"picked":"Hello World","floor":1},{"not_picked":["Stack","Compile Driver"],"picked":"Redo","floor":4},{"not_picked":["Double Energy","Skim"],"picked":"Heatsinks","floor":7},{"not_picked":["Steam Power","Steam"],"picked":"Go for the Eyes","floor":8},{"not_picked":["Beam Cell","Gash"],"picked":"Leap","floor":10},{"not_picked":["Hologram","Leap"],"picked":"Steam","floor":12},{"not_picked":["Machine Learning","Biased Cognition"],"picked":"Creative AI","floor":16},{"not_picked":["Steam+1","Force Field"],"picked":"Compile Driver","floor":18},{"not_picked":["Hologram","Ball Lightning"],"picked":"Barrage","floor":20}],"player_experience":155344,"relics_obtained":[{"floor":7,"key":"Oddly Smooth Stone"},{"floor":9,"key":"Blood Vial"}],"event_choices":[{"damage_healed":0,"gold_gain":0,"player_choice":"Donut","damage_taken":0,"max_hp_gain":5,"max_hp_loss":0,"event_name":"Big Fish","floor":3,"gold_loss":0},{"damage_healed":0,"gold_gain":0,"player_choice":"Entered Light","damage_taken":16,"max_hp_gain":0,"max_hp_loss":0,"event_name":"Shining Light","floor":5,"gold_loss":0,"cards_upgraded":["Dualcast","Defend_B"]},{"cards_removed":["Defend_B"],"damage_healed":0,"gold_gain":0,"player_choice":"Card Removal","damage_taken":7,"max_hp_gain":0,"max_hp_loss":0,"event_name":"Golden Wing","floor":6,"gold_loss":0},{"damage_healed":0,"gold_gain":75,"player_choice":"Touch","damage_taken":8,"max_hp_gain":0,"max_hp_loss":0,"event_name":"FaceTrader","floor":13,"gold_loss":0}],"is_beta":false,"boss_relics":[{"not_picked":["Cursed Key","Fusion Hammer"],"picked":"Sozu"}],"items_purged_floors":[2,11,14],"is_endless":false,"potions_floor_spawned":[1,7,12],"killed_by":"Centurion and Healer","ascension_level":0}