{"path_per_floor":["M","?","M","M","M","R","$","R","T","?","R","?","M","?","R","B",null,"M","?","?","?","M","M","E","R","T","$","M","?","$","M","R"],"character_chosen":"THE_SILENT","items_purchased":["Dagger Spray","Mind Blast"],"gold_per_floor":[112,112,124,140,152,152,98,98,98,98,98,98,115,115,115,212,212,224,139,139,139,150,165,198,198,198,105,116,86,86,100,100],"floor_reached":33,"campfire_rested":3,"playtime":2783,"current_hp_per_floor":[70,70,70,68,54,70,70,70,84,84,84,84,84,84,84,35,84,84,84,84,84,76,60,27,52,59,59,32,32,32,11,38],"items_purged":[],"gold":100,"play_id":"f4630cb4-8351-406f-b546-7a400d7488e9","is_prod":false,"is_daily":false,"campfire_rituals":0,"campfire_upgraded":3,"is_hardmode":false,"path_taken":["M","?","?","M","M","R","$","R","T","?","R","?","M","?","R","BOSS","M","?","?","?","M","M","E","R","T","$","?","?","?","M","R","BOSS"],"build_version":"2018-01-04-PROD1","purchased_purges":1,"victory":false,"master_deck":["Defend_G","Defend_G","Defend_G","Defend_G","Defend_G","Strike_G","Strike_G","Strike_G","Strike_G","Strike_G","Survivor","Neutralize","Backflip","Deflect","Noxious Fumes","Infinite Blades","Dagger Spray","Quick Slash","Envenom","Deflect","Flying Knee","Slice","Dodge and Roll","Prepared","Bane","After Image","Choke","PiercingWail","Dagger Spray","Mind Blast","Outmaneuver","Escape Plan"],"max_hp_per_floor":[70,70,70,70,70,70,70,70,84,84,84,84,84,84,84,84,84,84,84,84,84,84,84,84,84,91,91,91,91,91,91,91],"relics":["Ring of the Snake","Anchor","Mango","Orrery","Lantern","Matryoshka","Strawberry","Calipers"],"campfire_meditates":0,"card_choices":[{"not_picked":["Leg Sweep","PiercingWail"],"picked":"Backflip"},{"not_picked":["Underhanded Strike","Masterful Stab"],"picked":"Deflect"},{"not_picked":["Well Laid Plans","Dagger Throw"],"picked":"Noxious Fumes"},{"not_picked":["Poisoned Stab","Blur"],"picked":"Infinite Blades"},{"not_picked":["Infinite Blades","Skewer"],"picked":"Quick Slash"},{"not_picked":["Doppelganger","Unload"],"picked":"Envenom"},{"not_picked":["Acrobatics","Endless Agony"],"picked":"Deflect"},{"not_picked":["Dagger Throw","Slice"],"picked":"Flying Knee"},{"not_picked":["A Thousand Cuts","Malaise"],"picked":"Slice"},{"not_picked":["Riddle With Holes","Flying Knee"],"picked":"Dodge and Roll"},{"not_picked":["Quick Slash","Bane"],"picked":"Prepared"},{"not_picked":["Deflect","Underhanded Strike"],"picked":"Bane"},{"not_picked":["Dagger Spray","Bane"],"picked":"Choke"},{"not_picked":["Noxious Fumes","Deadly Poison"],"picked":"PiercingWail"},{"not_picked":["Dagger Throw","Quick Slash"],"picked":"Dagger Spray"},{"not_picked":["Dagger Spray","Deadly Poison"],"picked":"Outmaneuver"},{"not_picked":["After Image","Poisoned Stab"],"picked":"Escape Plan"}],"player_experience":48855,"potions_floor_usage":[22,22,28,31,33,33],"damage_taken":[{"damage":0.0,"enemies":"Small Slimes","floor":1.0,"turns":5.0},{"damage":0.0,"enemies":"2 Louse","floor":3.0,"turns":3.0},{"damage":2.0,"enemies":"Blue Slaver","floor":4.0,"turns":5.0},{"damage":14,"enemies":"Gremlin Gang","floor":5,"turns":6},{"damage":0,"enemies":"Exordium Wildlife","floor":13,"turns":5},{"damage":49,"enemies":"Hexaghost","floor":16,"turns":12},{"damage":0,"enemies":"3 Byrds","floor":18,"turns":7},{"damage":8,"enemies":"Spheric Guardian","floor":22,"turns":6},{"damage":16,"enemies":"Centurion and Healer","floor":23,"turns":8},{"damage":33,"enemies":"Gremlin Leader","floor":24,"turns":12},{"damage":27,"enemies":"3 Cultists","floor":28,"turns":6},{"damage":21,"enemies":"Snake Plant","floor":31,"turns":6},{"damage":47,"enemies":"Champ","floor":33,"turns":14}],"event_choices":[{"event_name":"Liars Game","player_choice":"disagreed","floor":2.0,"damage_taken":0.0},{"event_name":"Golden Idol","player_choice":"Ignored","floor":10,"damage_taken":0},{"event_name":"The Lab","player_choice":"Got Potions","floor":12,"damage_taken":0},{"event_name":"Living Wall","player_choice":"Grow","floor":14,"damage_taken":0},{"event_name":"Addict","player_choice":"Obtained Relic","floor":19,"damage_taken":0},{"event_name":"Vampires","player_choice":"Ignored","floor":20,"damage_taken":0},{"event_name":"Match and Keep!","player_choice":"1 cards matched","floor":21,"damage_taken":0},{"event_name":"The Woman in Blue","player_choice":"Bought 2 Potions","floor":29,"damage_taken":0}],"boss_relics":[{"not_picked":["Tiny House","Sozu"],"picked":"Orrery"}],"potions_floor_spawned":[1,13,16,18,23,31],"seed_played":"3909514434724460516","killed_by":"Champ","is_trial":false}