{"gold_per_floor":[114,114,189,189,203,203,218,218,272,272,292,309,326,338,338,338,388,377,0,19,19,38,38],"floor_reached":23,"playtime":6943,"items_purged":["Strike_B"],"score":376,"play_id":"983ed641-fc84-4b04-aa60-82950f773148","local_time":"20190830190321","is_ascension_mode":true,"campfire_choices":[{"floor":6,"key":"REST"},{"data":"Reboot","floor":8,"key":"SMITH"},{"data":"Cold Snap","floor":10,"key":"SMITH"},{"floor":15,"key":"REST"}],"neow_cost":"NONE","seed_source_timestamp":1438329777896200,"circlet_count":0,"master_deck":["AscendersBane","Strike_B","Strike_B","Strike_B","Defend_B","Defend_B+1","Defend_B","Defend_B","Zap+1","Reboot+1","Cold Snap+1","Machine Learning","Machine Learning","Gash"],"relics":["Cracked Core","Oddly Smooth Stone","Tiny House","ClockworkSouvenir"],"potions_floor_usage":[4,16,16,23],"damage_taken":[{"damage":8,"enemies":"Small Slimes","floor":1,"turns":5},{"damage":1,"enemies":"2 Louse","floor":5,"turns":3},{"damage":0,"enemies":"Cultist","floor":7,"turns":4},{"damage":4,"enemies":"Large Slime","floor":11,"turns":6},{"damage":0,"enemies":"2 Fungi Beasts","floor":12,"turns":3},{"damage":8,"enemies":"Lots of Slimes","floor":13,"turns":5},{"damage":17,"enemies":"3 Louse","floor":14,"turns":2},{"damage":3,"enemies":"The Guardian","floor":16,"turns":12},{"damage":15,"enemies":"2 Thieves","floor":18,"turns":4},{"damage":9,"enemies":"Spheric Guardian","floor":20,"turns":4},{"damage":27,"enemies":"Cultist and Chosen","floor":22,"turns":9},{"damage":43,"enemies":"Book of Stabbing","floor":23,"turns":8}],"seed_played":"1301739966368952561","potions_obtained":[{"floor":1,"key":"Energy Potion"},{"floor":4,"key":"Fruit Juice"},{"floor":4,"key":"LiquidBronze"},{"floor":4,"key":"SkillPotion"},{"floor":7,"key":"Strength Potion"},{"floor":17,"key":"Explosive Potion"},{"floor":18,"key":"Energy Potion"}],"is_trial":false,"path_per_floor":["M","?","?","?","M","R","M","R","T","R","M","M","M","M","R","B",null,"M","$","M","?","M","E"],"character_chosen":"DEFECT","items_purchased":["ClockworkSouvenir","FairyPotion"],"campfire_rested":2,"item_purchase_floors":[19,19],"current_hp_per_floor":[60,60,49,54,53,77,77,77,77,77,73,73,65,48,72,69,82,67,67,58,58,31,0],"gold":38,"neow_bonus":"TRANSFORM_CARD","is_prod":false,"is_daily":false,"chose_seed":false,"campfire_upgraded":2,"win_rate":0,"timestamp":1567209801,"path_taken":["M","?","?","?","M","R","M","R","T","R","M","M","M","M","R","BOSS","M","$","?","?","M","E"],"build_version":"2019-07-17","purchased_purges":1,"victory":false,"max_hp_per_floor":[75,75,75,80,80,80,80,80,80,80,80,80,80,80,80,80,85,85,85,85,85,85,85],"card_choices":[{"not_picked":["Undo","Lockon","Reprogram"],"picked":"SKIP","floor":1},{"not_picked":["Rebound","Barrage","Doom and Gloom"],"picked":"SKIP","floor":5},{"not_picked":["Redo","Beam Cell"],"picked":"Cold Snap","floor":7},{"not_picked":["Hologram","Redo","Go for the Eyes"],"picked":"SKIP","floor":11},{"not_picked":["Turbo","Stack","Rip and Tear"],"picked":"SKIP","floor":12},{"not_picked":["Beam Cell","Leap","Compile Driver"],"picked":"SKIP","floor":13},{"not_picked":["Blizzard","Rebound"],"picked":"Machine Learning","floor":14},{"not_picked":["Buffer","Reboot"],"picked":"Machine Learning","floor":16},{"not_picked":["Chill","Turbo"],"picked":"Gash","floor":17},{"not_picked":["Hello World+1","Compile Driver","Stack"],"picked":"SKIP","floor":18},{"not_picked":["Melter","Lockon","Steam+1"],"picked":"SKIP","floor":20},{"not_picked":["Force Field","Melter","Go for the Eyes"],"picked":"SKIP","floor":22}],"player_experience":2927937,"relics_obtained":[{"floor":9,"key":"Oddly Smooth Stone"}],"event_choices":[{"damage_healed":0,"gold_gain":0,"player_choice":"Grow","damage_taken":0,"max_hp_gain":0,"max_hp_loss":0,"event_name":"Living Wall","floor":2,"gold_loss":0,"cards_upgraded":["Zap"]},{"damage_healed":0,"gold_gain":75,"player_choice":"Gather Gold","damage_taken":11,"max_hp_gain":0,"max_hp_loss":0,"event_name":"World of Goop","floor":3,"gold_loss":0},{"damage_healed":0,"gold_gain":0,"player_choice":"Got Potions","damage_taken":0,"max_hp_gain":0,"max_hp_loss":0,"event_name":"Lab","floor":4,"gold_loss":0},{"damage_healed":0,"gold_gain":0,"player_choice":"Ignored","damage_taken":0,"max_hp_gain":0,"max_hp_loss":0,"event_name":"Vampires","floor":21,"gold_loss":0}],"is_beta":false,"boss_relics":[{"not_picked":["Snecko Eye","FrozenCore"],"picked":"Tiny House"}],"items_purged_floors":[19],"is_endless":false,"potions_floor_spawned":[1,7,11,18],"killed_by":"Book of Stabbing","ascension_level":12}