{"gold_per_floor":[118,118,136,211,211,211,234,250,250,270,270,288,301,311,311,311],"floor_reached":16,"playtime":453,"items_purged":[],"score":150,"play_id":"12d3a002-0784-43ca-aff0-17ae161916ae","local_time":"20190827175507","is_ascension_mode":true,"campfire_choices":[{"floor":6,"key":"REST"},{"floor":11,"key":"REST"},{"floor":15,"key":"REST"}],"neow_cost":"PERCENT_DAMAGE","seed_source_timestamp":1181578733090000,"circlet_count":0,"master_deck":["AscendersBane","Strike_B+1","Strike_B","Strike_B","Strike_B+1","Defend_B","Defend_B","Defend_B","Defend_B","Zap","Dualcast","Core Surge"],"relics":["Cracked Core","Emotion Chip","Vajra","Matryoshka"],"potions_floor_usage":[16],"damage_taken":[{"damage":0,"enemies":"Small Slimes","floor":1,"turns":3},{"damage":0,"enemies":"2 Louse","floor":3,"turns":2},{"damage":0,"enemies":"Cultist","floor":8,"turns":3},{"damage":9,"enemies":"Red Slaver","floor":10,"turns":4},{"damage":20,"enemies":"Large Slime","floor":12,"turns":5},{"damage":7,"enemies":"Looter","floor":13,"turns":3},{"damage":9,"enemies":"Red Slaver","floor":14,"turns":3},{"damage":34,"enemies":"The Guardian","floor":16,"turns":9}],"seed_played":"7994083287844964543","potions_obtained":[{"floor":3,"key":"AttackPotion"},{"floor":12,"key":"FearPotion"}],"is_trial":false,"path_per_floor":["M","?","M","?","?","R","T","M","T","M","R","M","M","M","R","B"],"character_chosen":"DEFECT","items_purchased":[],"campfire_rested":3,"item_purchase_floors":[],"current_hp_per_floor":[50,38,38,27,12,34,34,34,34,25,47,27,20,11,33,0],"gold":311,"neow_bonus":"THREE_RARE_CARDS","is_prod":false,"is_daily":false,"chose_seed":false,"campfire_upgraded":0,"win_rate":0,"timestamp":1566946507,"path_taken":["M","?","M","?","?","R","?","M","T","M","R","?","M","M","R","BOSS"],"build_version":"2019-07-17","purchased_purges":0,"victory":false,"max_hp_per_floor":[75,75,75,75,75,75,75,75,75,75,75,75,75,75,75,75],"card_choices":[{"not_picked":["Thunder Strike","Rainbow"],"picked":"Core Surge","floor":0},{"not_picked":["Turbo","Force Field","Go for the Eyes"],"picked":"SKIP","floor":1},{"not_picked":["Steam Power","Consume","Turbo"],"picked":"SKIP","floor":3},{"not_picked":["Rebound","Coolheaded","Sweeping Beam"],"picked":"SKIP","floor":8},{"not_picked":["Stack","Go for the Eyes","Lockon"],"picked":"SKIP","floor":10},{"not_picked":["Beam Cell","Barrage","Turbo"],"picked":"SKIP","floor":12},{"not_picked":["Doom and Gloom","Leap","Aggregate"],"picked":"SKIP","floor":13},{"not_picked":["Hello World","Rebound","Chaos"],"picked":"SKIP","floor":14}],"player_experience":2920265,"relics_obtained":[{"floor":7,"key":"Vajra"},{"floor":9,"key":"Matryoshka"}],"event_choices":[{"damage_healed":0,"gold_gain":0,"player_choice":"Success","damage_taken":12,"relics_obtained":["Emotion Chip"],"max_hp_gain":0,"max_hp_loss":0,"event_name":"Scrap Ooze","floor":2,"gold_loss":0},{"damage_healed":0,"gold_gain":75,"player_choice":"Gather Gold","damage_taken":11,"max_hp_gain":0,"max_hp_loss":0,"event_name":"World of Goop","floor":4,"gold_loss":0},{"damage_healed":0,"gold_gain":0,"player_choice":"Entered Light","damage_taken":15,"max_hp_gain":0,"max_hp_loss":0,"event_name":"Shining Light","floor":5,"gold_loss":0,"cards_upgraded":["Strike_B","Strike_B"]}],"is_beta":false,"boss_relics":[],"items_purged_floors":[],"is_endless":false,"potions_floor_spawned":[3,12,14],"killed_by":"The Guardian","ascension_level":12}