{"gold_per_floor":[109,127,127,127,142,142,162,181,181,198,168,187,187,206,206,206],"floor_reached":16,"playtime":773,"items_purged":[],"score":144,"play_id":"d1a35414-36b8-4678-80c6-6f59f2ff27e1","local_time":"20190714094146","is_ascension_mode":true,"campfire_choices":[{"data":"Defend_R","floor":6,"key":"SMITH"},{"data":"Impervious","floor":13,"key":"SMITH"},{"data":"Ghostly Armor","floor":15,"key":"SMITH"}],"neow_cost":"PERCENT_DAMAGE","seed_source_timestamp":206076746593172,"circlet_count":0,"master_deck":["AscendersBane","Strike_R","Strike_R","Strike_R","Strike_R","Strike_R","Defend_R","Defend_R","Defend_R","Defend_R+1","Bash","Immolate","Whirlwind","Metallicize","Impervious+1","Ghostly Armor+1"],"relics":["Burning Blood","Bottled Flame"],"potions_floor_usage":[4,11,11,11,11,16,16],"damage_taken":[{"damage":0,"enemies":"Cultist","floor":1,"turns":4},{"damage":0,"enemies":"Small Slimes","floor":2,"turns":3},{"damage":0,"enemies":"2 Louse","floor":5,"turns":1},{"damage":9,"enemies":"Red Slaver","floor":7,"turns":5},{"damage":1,"enemies":"2 Fungi Beasts","floor":8,"turns":3},{"damage":8,"enemies":"Blue Slaver","floor":10,"turns":7},{"damage":0,"enemies":"Looter","floor":11,"turns":4},{"damage":20,"enemies":"Large Slime","floor":12,"turns":8},{"damage":0,"enemies":"3 Louse","floor":14,"turns":1},{"damage":100,"enemies":"The Guardian","floor":16,"turns":19}],"seed_played":"-1482787303995545810","potions_obtained":[{"floor":1,"key":"Weak Potion"},{"floor":4,"key":"EntropicBrew"},{"floor":4,"key":"Fruit Juice"},{"floor":4,"key":"Regen Potion"},{"floor":10,"key":"Strength Potion"}],"is_trial":false,"path_per_floor":["M","M","?","?","M","R","M","M","T","M","M","M","R","M","R","B"],"character_chosen":"IRONCLAD","items_purchased":[],"campfire_rested":0,"item_purchase_floors":[],"current_hp_per_floor":[57,63,63,68,74,74,71,76,76,74,85,71,71,77,77,0],"gold":206,"neow_bonus":"THREE_RARE_CARDS","is_prod":false,"is_daily":false,"chose_seed":false,"campfire_upgraded":3,"win_rate":0,"timestamp":1563115306,"path_taken":["M","?","?","?","M","R","M","M","T","M","M","M","R","?","R","BOSS"],"build_version":"2019-07-05","purchased_purges":0,"victory":false,"max_hp_per_floor":[80,80,80,85,85,85,85,85,85,85,85,85,85,85,85,85],"card_choices":[{"not_picked":["Limit Break","Bludgeon"],"picked":"Immolate","floor":0},{"not_picked":["Disarm","Perfected Strike","Feel No Pain"],"picked":"SKIP","floor":1},{"not_picked":["Twin Strike","True Grit"],"picked":"Whirlwind","floor":2},{"not_picked":["Fire Breathing","Pommel Strike","Heavy Blade"],"picked":"SKIP","floor":5},{"not_picked":["True Grit","Rampage","Warcry"],"picked":"SKIP","floor":7},{"not_picked":["Sword Boomerang","Heavy Blade"],"picked":"Metallicize","floor":8},{"not_picked":["Anger","Carnage"],"picked":"Impervious","floor":10},{"not_picked":["Sword Boomerang","Havoc","Flex"],"picked":"SKIP","floor":11},{"not_picked":["Hemokinesis","Rage","True Grit"],"picked":"SKIP","floor":12},{"not_picked":["Perfected Strike","Cleave"],"picked":"Ghostly Armor","floor":14}],"player_experience":2307231,"relics_obtained":[{"floor":9,"key":"Bottled Flame"}],"event_choices":[{"damage_healed":0,"gold_gain":0,"player_choice":"Ignored","damage_taken":0,"max_hp_gain":0,"max_hp_loss":0,"event_name":"Liars Game","floor":3,"gold_loss":0},{"damage_healed":0,"gold_gain":0,"player_choice":"Got Potions","damage_taken":0,"max_hp_gain":0,"max_hp_loss":0,"event_name":"Lab","floor":4,"gold_loss":0}],"is_beta":false,"boss_relics":[],"items_purged_floors":[],"is_endless":false,"potions_floor_spawned":[1,10],"killed_by":"The Guardian","ascension_level":10}