{"gold_per_floor":[20,20,20,40,40,40,60,60,135,135,135,135,135,158,158,286,286,309,309,309],"floor_reached":20,"playtime":813,"items_purged":[],"score":224,"play_id":"72aa65f2-2f0f-477c-be5f-0e6a20661412","local_time":"20190513223503","is_ascension_mode":true,"campfire_choices":[{"floor":6,"key":"REST"},{"data":"Zap","floor":8,"key":"SMITH"},{"data":"BootSequence","floor":10,"key":"SMITH"},{"data":"Streamline","floor":13,"key":"SMITH"},{"data":"Defend_B","floor":15,"key":"SMITH"}],"neow_cost":"NO_GOLD","seed_source_timestamp":839595927734716,"circlet_count":0,"master_deck":["Strike_B","Defend_B","Defend_B","Defend_B","Defend_B+1","Zap+1","BootSequence+1","Streamline+1","Core Surge","Loop"],"relics":["Cracked Core","Golden Idol","The Courier","Matryoshka","Inserter"],"potions_floor_usage":[16,16],"damage_taken":[{"damage":0,"enemies":"Small Slimes","floor":1,"turns":3},{"damage":0,"enemies":"Jaw Worm","floor":4,"turns":4},{"damage":0,"enemies":"2 Louse","floor":7,"turns":6},{"damage":0,"enemies":"2 Fungi Beasts","floor":14,"turns":4},{"damage":1,"enemies":"Slime Boss","floor":16,"turns":8},{"damage":14,"enemies":"Shell Parasite","floor":18,"turns":9},{"damage":35,"enemies":"Colosseum Slavers","floor":19,"turns":5},{"damage":30,"enemies":"3 Byrds","floor":20,"turns":2}],"seed_played":"350085717723412655","potions_obtained":[{"floor":4,"key":"GamblersBrew"},{"floor":7,"key":"Strength Potion"},{"floor":14,"key":"SmokeBomb"}],"is_trial":false,"path_per_floor":["M","?","?","M","$","R","M","R","T","R","T","?","R","M","R","B",null,"M","?","M"],"character_chosen":"DEFECT","items_purchased":[],"campfire_rested":1,"item_purchase_floors":[],"current_hp_per_floor":[68,68,50,50,50,72,72,72,72,72,72,65,65,65,65,64,72,58,23,0],"gold":309,"neow_bonus":"REMOVE_TWO","is_prod":false,"is_daily":false,"chose_seed":false,"campfire_upgraded":4,"win_rate":0,"timestamp":1557804903,"path_taken":["M","?","?","M","?","R","M","R","T","R","?","?","R","M","R","BOSS","M","?","M"],"build_version":"2019-01-23","purchased_purges":0,"victory":false,"max_hp_per_floor":[75,75,75,75,75,75,75,75,75,75,75,75,75,75,75,75,75,75,75,75],"card_choices":[{"not_picked":["Cold Snap","Go for the Eyes"],"picked":"BootSequence","floor":1},{"not_picked":["Darkness","Ball Lightning","Compile Driver"],"picked":"SKIP","floor":4},{"not_picked":["Rebound","Chaos"],"picked":"Streamline","floor":7},{"not_picked":["Compile Driver","Ball Lightning","Sweeping Beam"],"picked":"SKIP","floor":14},{"not_picked":["Multi-Cast","All For One"],"picked":"Core Surge","floor":16},{"not_picked":["Stack+1","Steam Power"],"picked":"Loop","floor":18}],"player_experience":1915262,"relics_obtained":[{"floor":9,"key":"The Courier"},{"floor":11,"key":"Matryoshka"}],"event_choices":[{"cards_removed":["Strike_B"],"damage_healed":0,"gold_gain":0,"player_choice":"Forget","damage_taken":0,"max_hp_gain":0,"max_hp_loss":0,"event_name":"Living Wall","floor":2,"gold_loss":0},{"damage_healed":0,"gold_gain":0,"player_choice":"Take Damage","damage_taken":18,"relics_obtained":["Golden Idol"],"max_hp_gain":0,"max_hp_loss":0,"event_name":"Golden Idol","floor":3,"gold_loss":0},{"cards_removed":["Strike_B"],"damage_healed":0,"gold_gain":0,"player_choice":"Card Removal","damage_taken":7,"max_hp_gain":0,"max_hp_loss":0,"event_name":"Golden Wing","floor":12,"gold_loss":0},{"damage_healed":0,"gold_gain":0,"player_choice":"Fight","damage_taken":0,"max_hp_gain":0,"max_hp_loss":0,"event_name":"Colosseum","floor":19,"gold_loss":0},{"damage_healed":0,"gold_gain":0,"player_choice":"Fled From Nobs","damage_taken":0,"max_hp_gain":0,"max_hp_loss":0,"event_name":"Colosseum","floor":19,"gold_loss":0}],"is_beta":false,"boss_relics":[{"not_picked":["Sozu","Astrolabe"],"picked":"Inserter"}],"items_purged_floors":[],"is_endless":false,"potions_floor_spawned":[4,7,14,19],"killed_by":"3 Byrds","ascension_level":8}