{"gold_per_floor":[118,118,118,68,82,82,100,118,118,153,164,164],"floor_reached":12,"playtime":450,"items_purged":[],"score":120,"play_id":"3705e7fe-2ef2-4abb-9a42-43b89d9e49a5","local_time":"20190722184057","is_ascension_mode":true,"campfire_choices":[{"data":"Double Energy","floor":6,"key":"SMITH"}],"neow_cost":"PERCENT_DAMAGE","seed_source_timestamp":929973796050393,"circlet_count":0,"master_deck":["AscendersBane","Strike_B","Strike_B","Strike_B","Strike_B","Defend_B","Defend_B","Defend_B+1","Defend_B","Zap+1","All For One+1","Double Energy+1","Streamline","Chill","Redo"],"relics":["Cracked Core","Singing Bowl"],"potions_floor_usage":[10,10],"damage_taken":[{"damage":12,"enemies":"Jaw Worm","floor":1,"turns":4},{"damage":0,"enemies":"2 Louse","floor":5,"turns":2},{"damage":4,"enemies":"Small Slimes","floor":7,"turns":3},{"damage":7,"enemies":"Exordium Thugs","floor":8,"turns":3},{"damage":8,"enemies":"Gremlin Nob","floor":10,"turns":3},{"damage":0,"enemies":"Lots of Slimes","floor":11,"turns":4},{"damage":11,"enemies":"Large Slime","floor":12,"turns":1}],"seed_played":"7172365606028520034","potions_obtained":[{"floor":1,"key":"Fire Potion"},{"floor":5,"key":"SkillPotion"},{"floor":11,"key":"Dexterity Potion"}],"is_trial":false,"path_per_floor":["M","?","?","?","M","R","M","M","T","E","M","M"],"character_chosen":"DEFECT","items_purchased":[],"campfire_rested":0,"item_purchase_floors":[],"current_hp_per_floor":[38,38,23,23,23,23,19,12,12,4,6,0],"gold":164,"neow_bonus":"THREE_RARE_CARDS","is_prod":false,"is_daily":false,"chose_seed":false,"campfire_upgraded":1,"win_rate":0,"timestamp":1563838857,"path_taken":["M","?","?","?","M","R","M","M","T","E","?","M"],"build_version":"2019-07-17","purchased_purges":0,"victory":false,"max_hp_per_floor":[75,75,75,75,75,75,75,75,75,75,77,77],"card_choices":[{"not_picked":["Amplify","Creative AI"],"picked":"All For One","floor":0},{"not_picked":["Steam Power","Fusion"],"picked":"Double Energy","floor":1},{"not_picked":["Stack","Double Energy"],"picked":"Streamline","floor":5},{"not_picked":["Cold Snap","Chaos","Lockon"],"picked":"SKIP","floor":7},{"not_picked":["Genetic Algorithm","Rebound"],"picked":"Chill","floor":8},{"not_picked":["Chaos","Loop"],"picked":"Redo","floor":10},{"not_picked":["Turbo","Cold Snap","Sweeping Beam"],"picked":"Singing Bowl","floor":11}],"player_experience":2409051,"relics_obtained":[{"floor":10,"key":"Singing Bowl"}],"event_choices":[{"damage_healed":0,"gold_gain":0,"player_choice":"Grow","damage_taken":0,"max_hp_gain":0,"max_hp_loss":0,"event_name":"Living Wall","floor":2,"gold_loss":0,"cards_upgraded":["Zap"]},{"damage_healed":0,"gold_gain":0,"player_choice":"Entered Light","damage_taken":15,"max_hp_gain":0,"max_hp_loss":0,"event_name":"Shining Light","floor":3,"gold_loss":0,"cards_upgraded":["Defend_B","All For One"]},{"cards_removed":["Dualcast"],"damage_healed":0,"gold_gain":0,"player_choice":"Card Removal","damage_taken":0,"max_hp_gain":0,"max_hp_loss":0,"event_name":"The Cleric","floor":4,"gold_loss":50}],"is_beta":false,"boss_relics":[],"items_purged_floors":[],"is_endless":false,"potions_floor_spawned":[1,5,11],"killed_by":"Large Slime","ascension_level":10}