{"gold_per_floor":[116,116,41,41,316,344,344,378,378,378,3,21,21,39,39,143,143,163,163,181,181,181,181,191,191,218,218,25,43,43,62,62,62],"floor_reached":33,"playtime":1637,"items_purged":["Dualcast","Regret","Strike_B"],"score":482,"play_id":"9751fb02-2274-4228-a31f-abab10484803","local_time":"20190824113132","is_ascension_mode":true,"campfire_choices":[{"data":"Electrodynamics","floor":7,"key":"SMITH"},{"data":"Reinforced Body","floor":10,"key":"SMITH"},{"data":"BootSequence","floor":13,"key":"SMITH"},{"data":"Conserve Battery","floor":15,"key":"SMITH"},{"data":"Finesse","floor":23,"key":"SMITH"},{"floor":25,"key":"REST"},{"data":"After Image","floor":32,"key":"SMITH"}],"neow_cost":"NONE","seed_source_timestamp":898175660784400,"circlet_count":0,"master_deck":["AscendersBane","Strike_B","Strike_B","Strike_B","Defend_B","Defend_B","Defend_B","Defend_B","Zap+1","Electrodynamics+1","Reinforced Body+1","BootSequence+1","Conserve Battery+1","After Image+1","Finesse+1","Seek","FTL","Bandage Up"],"relics":["Cracked Core","NeowsBlessing","Kunai","Vajra","Bird Faced Urn","Symbiotic Virus","PrismaticShard","Inserter","Dream Catcher","Mummified Hand"],"potions_floor_usage":[16,29,33],"damage_taken":[{"damage":0,"enemies":"2 Louse","floor":1,"turns":1},{"damage":0,"enemies":"Gremlin Nob","floor":6,"turns":1},{"damage":0,"enemies":"Lagavulin","floor":8,"turns":1},{"damage":0,"enemies":"Cultist","floor":12,"turns":4},{"damage":0,"enemies":"Small Slimes","floor":14,"turns":2},{"damage":31,"enemies":"The Guardian","floor":16,"turns":15},{"damage":0,"enemies":"Chosen","floor":18,"turns":5},{"damage":0,"enemies":"Shell Parasite","floor":20,"turns":11},{"damage":13,"enemies":"Centurion and Healer","floor":24,"turns":7},{"damage":2,"enemies":"3 Cultists","floor":29,"turns":5},{"damage":11,"enemies":"Shelled Parasite and Fungi","floor":31,"turns":6},{"damage":109,"enemies":"Automaton","floor":33,"turns":12}],"seed_played":"-555786604212045242","potions_obtained":[{"floor":6,"key":"SkillPotion"},{"floor":12,"key":"Explosive Potion"},{"floor":16,"key":"SteroidPotion"},{"floor":31,"key":"PowerPotion"}],"is_trial":false,"path_per_floor":["M","?","$","T","?","E","R","E","T","R","$","M","R","M","R","B",null,"M","?","M","?","?","R","M","R","T","T","$","M","$","M","R","B"],"character_chosen":"DEFECT","items_purchased":["PrismaticShard","BootSequence","FTL"],"campfire_rested":1,"item_purchase_floors":[11,11,28],"current_hp_per_floor":[68,68,68,68,68,68,68,68,68,68,68,68,68,70,70,41,67,71,75,75,61,61,61,52,76,76,76,76,78,78,69,69,0],"gold":62,"neow_bonus":"THREE_ENEMY_KILL","is_prod":false,"is_daily":false,"chose_seed":false,"campfire_upgraded":6,"win_rate":0,"timestamp":1566664292,"path_taken":["M","?","$","?","?","E","R","E","T","R","$","M","R","?","R","BOSS","M","?","?","?","?","R","M","R","T","?","$","M","$","M","R","BOSS"],"build_version":"2019-07-17","purchased_purges":3,"victory":false,"max_hp_per_floor":[75,75,75,75,75,75,75,75,75,75,75,75,75,75,75,75,75,75,75,75,80,80,80,80,80,80,80,80,80,80,80,80,80],"card_choices":[{"not_picked":["Streamline","Compile Driver","Ball Lightning"],"picked":"SKIP","floor":1},{"not_picked":["Scrape","Hello World"],"picked":"Electrodynamics","floor":6},{"not_picked":["Stack","Force Field"],"picked":"Reinforced Body","floor":8},{"not_picked":["Coolheaded","True Grit","Blood for Blood"],"picked":"SKIP","floor":12},{"not_picked":["Feel No Pain","Outmaneuver"],"picked":"Conserve Battery","floor":14},{"not_picked":["Grand Finale","Berserk"],"picked":"After Image","floor":16},{"not_picked":["Sweeping Beam","Fire Breathing","Skewer+1"],"picked":"SKIP","floor":18},{"not_picked":["Underhanded Strike","Clothesline"],"picked":"Finesse","floor":20},{"not_picked":["Thunderclap","Flying Knee"],"picked":"Seek","floor":24},{"not_picked":["Tactician","Streamline","Entrench"],"picked":"SKIP","floor":29},{"not_picked":["Underhanded Strike+1","Sword Boomerang"],"picked":"Bandage Up","floor":31}],"player_experience":2895573,"relics_obtained":[{"floor":4,"key":"Kunai"},{"floor":6,"key":"Vajra"},{"floor":8,"key":"Bird Faced Urn"},{"floor":9,"key":"Symbiotic Virus"},{"floor":26,"key":"Dream Catcher"},{"floor":27,"key":"Mummified Hand"}],"event_choices":[{"damage_healed":0,"gold_gain":0,"player_choice":"Upgraded","damage_taken":0,"max_hp_gain":0,"max_hp_loss":0,"event_name":"Upgrade Shrine","floor":2,"gold_loss":0,"cards_upgraded":["Zap"]},{"damage_healed":0,"gold_gain":275,"player_choice":"Desecrate","damage_taken":0,"max_hp_gain":0,"max_hp_loss":0,"event_name":"Golden Shrine","floor":5,"gold_loss":0,"cards_obtained":["Regret"]},{"damage_healed":4,"gold_gain":0,"player_choice":"Full Heal","damage_taken":0,"max_hp_gain":0,"max_hp_loss":0,"event_name":"Wheel of Change","floor":19,"gold_loss":0},{"damage_healed":0,"gold_gain":0,"player_choice":"Shed Blood","damage_taken":19,"max_hp_gain":5,"max_hp_loss":0,"event_name":"Forgotten Altar","floor":21,"gold_loss":0},{"damage_healed":0,"gold_gain":0,"player_choice":"Ignored","damage_taken":0,"max_hp_gain":0,"max_hp_loss":0,"event_name":"Vampires","floor":22,"gold_loss":0}],"is_beta":false,"boss_relics":[{"not_picked":["White Beast Statue","Nuclear Battery"],"picked":"Inserter"}],"items_purged_floors":[3,11,28],"is_endless":false,"potions_floor_spawned":[6,12,16,18,31],"killed_by":"Automaton","ascension_level":12}