{"gold_per_floor":[110,35,54,54,70,70,82,116,116,116,116,134,151,11,11,109,109,121,132,7,27,27,27,27,27],"floor_reached":25,"playtime":1387,"items_purged":["Defend_G","Defend_G","Strike_G"],"score":306,"play_id":"215e7400-4991-41a5-bdc4-aba5321a25b1","local_time":"20181118142615","is_ascension_mode":true,"campfire_choices":[{"data":"Dash","floor":6,"key":"SMITH"},{"data":"Dash","floor":15,"key":"SMITH"},{"floor":23,"key":"REST"}],"neow_cost":"NONE","seed_source_timestamp":335686486113595,"circlet_count":0,"master_deck":["Defend_G","Defend_G","Strike_G","Strike_G","Strike_G","Survivor","Neutralize+1","Blur","Dash+1","Dash+1","Corpse Explosion"],"relics":["Ring of the Serpent","Bottled Flame","Gremlin Horn"],"potions_floor_usage":[16,16,25],"damage_taken":[{"damage":0,"enemies":"Cultist","floor":1,"turns":5},{"damage":0,"enemies":"2 Louse","floor":3,"turns":3},{"damage":0,"enemies":"Jaw Worm","floor":5,"turns":6},{"damage":0,"enemies":"3 Louse","floor":7,"turns":4},{"damage":12,"enemies":"Gremlin Nob","floor":8,"turns":6},{"damage":0,"enemies":"Lots of Slimes","floor":12,"turns":6},{"damage":0,"enemies":"Gremlin Gang","floor":13,"turns":5},{"damage":0,"enemies":"The Guardian","floor":16,"turns":14},{"damage":0,"enemies":"Chosen","floor":18,"turns":5},{"damage":23,"enemies":"2 Thieves","floor":19,"turns":4},{"damage":18,"enemies":"Centurion and Healer","floor":21,"turns":7},{"damage":59,"enemies":"Slavers","floor":25,"turns":4}],"seed_played":"3336056253178135902","potions_obtained":[{"floor":8,"key":"SkillPotion"},{"floor":11,"key":"Fire Potion"},{"floor":11,"key":"Weak Potion"},{"floor":13,"key":"GhostInAJar"},{"floor":16,"key":"Fire Potion"},{"floor":19,"key":"SmokeBomb"},{"floor":21,"key":"Swift Potion"}],"is_trial":false,"path_per_floor":["M","$","M","?","M","R","M","E","T","?","?","M","M","$","R","B",null,"M","M","$","M","?","R","?","E"],"character_chosen":"THE_SILENT","items_purchased":["Dash"],"campfire_rested":1,"item_purchase_floors":[14],"current_hp_per_floor":[70,70,70,70,70,70,70,58,58,51,51,51,51,51,51,51,70,70,47,47,29,29,50,50,0],"gold":27,"neow_bonus":"UPGRADE_CARD","is_prod":false,"is_daily":false,"chose_seed":false,"campfire_upgraded":2,"win_rate":0,"timestamp":1542572775,"path_taken":["M","$","?","?","?","R","?","E","T","?","?","?","M","$","R","BOSS","M","M","$","?","?","R","?","E"],"build_version":"2018-11-15","purchased_purges":3,"victory":false,"max_hp_per_floor":[70,70,70,70,70,70,70,70,70,70,70,70,70,70,70,70,70,70,70,70,70,70,70,70,70],"card_choices":[{"not_picked":["Acrobatics","Bouncing Flask","Dagger Throw"],"picked":"SKIP","floor":1},{"not_picked":["Outmaneuver","Finisher","Reflex"],"picked":"SKIP","floor":3},{"not_picked":["Sucker Punch","Predator"],"picked":"Dash","floor":5},{"not_picked":["Quick Slash","Blade Dance","Bane"],"picked":"SKIP","floor":7},{"not_picked":["Backflip","Flying Knee","Die Die Die"],"picked":"SKIP","floor":8},{"not_picked":["Catalyst","Calculated Gamble","Dagger Throw"],"picked":"SKIP","floor":12},{"not_picked":["Caltrops","Distraction","Acrobatics"],"picked":"SKIP","floor":13},{"not_picked":["Caltrops","Distraction","Acrobatics"],"picked":"SKIP","floor":13},{"not_picked":["Burst","Doppelganger"],"picked":"Corpse Explosion","floor":16},{"not_picked":["Flying Knee","Deadly Poison","Finisher+1"],"picked":"SKIP","floor":18},{"not_picked":["Catalyst","Dodge and Roll","PiercingWail+1"],"picked":"SKIP","floor":19},{"not_picked":["Bane","Phantasmal Killer","Backflip+1"],"picked":"SKIP","floor":21}],"player_experience":358266,"relics_obtained":[{"floor":8,"key":"Bottled Flame"},{"floor":9,"key":"Gremlin Horn"}],"event_choices":[{"damage_healed":0,"gold_gain":0,"player_choice":"1 cards matched","damage_taken":0,"max_hp_gain":0,"max_hp_loss":0,"event_name":"Match and Keep!","floor":4,"gold_loss":0,"cards_obtained":["Blur"]},{"cards_removed":["Strike_G"],"damage_healed":0,"gold_gain":0,"player_choice":"Card Removal","damage_taken":7,"max_hp_gain":0,"max_hp_loss":0,"event_name":"Golden Wing","floor":10,"gold_loss":0},{"damage_healed":0,"gold_gain":0,"player_choice":"Got Potions","damage_taken":0,"max_hp_gain":0,"max_hp_loss":0,"event_name":"Lab","floor":11,"gold_loss":0},{"cards_removed":["Defend_G"],"damage_healed":0,"gold_gain":0,"player_choice":"Elegance","damage_taken":0,"max_hp_gain":0,"max_hp_loss":0,"event_name":"Back to Basics","floor":22,"gold_loss":0},{"damage_healed":0,"gold_gain":0,"player_choice":"Ignored","damage_taken":0,"max_hp_gain":0,"max_hp_loss":0,"event_name":"Ghosts","floor":24,"gold_loss":0}],"is_beta":false,"boss_relics":[{"not_picked":["WristBlade","Fusion Hammer"],"picked":"Ring of the Serpent"}],"items_purged_floors":[2,14,20],"is_endless":false,"potions_floor_spawned":[8,13,16,19,21],"killed_by":"Slavers","ascension_level":2}