{"gold_per_floor":[109,109,109,126,136,163,173,173,173,190,23,38,57,57,57,152,152,169,169,169,181,29,29,46,46,46,66,66],"floor_reached":28,"playtime":6552,"items_purged":["Strike_R"],"score":222,"play_id":"ab4fa88c-6873-4545-bccb-41eaf92b9042","local_time":"20190831200253","is_ascension_mode":false,"campfire_choices":[{"data":"Offering","floor":15,"key":"SMITH"},{"data":"Pommel Strike","floor":25,"key":"SMITH"}],"neow_cost":"NONE","seed_source_timestamp":22187996170556,"circlet_count":0,"master_deck":["Strike_R","Strike_R","Defend_R","Defend_R","Bash","Iron Wave","Impervious","Battle Trance","Flex","Shrug It Off","Pummel","Headbutt","Twin Strike","Offering+1","Armaments","Shockwave","Berserk","Pommel Strike+1","RitualDagger","Rampage","Bloodletting","Armaments+1","Cleave+1"],"relics":["Burning Blood","Torii","Ginger","Snecko Eye","Sundial"],"potions_floor_usage":[6,16,16,21,27],"damage_taken":[{"damage":8,"enemies":"Small Slimes","floor":1,"turns":3},{"damage":14,"enemies":"2 Louse","floor":4,"turns":3},{"damage":1,"enemies":"Jaw Worm","floor":5,"turns":4},{"damage":25,"enemies":"Gremlin Nob","floor":6,"turns":6},{"damage":7,"enemies":"2 Fungi Beasts","floor":7,"turns":4},{"damage":26,"enemies":"Gremlin Gang","floor":10,"turns":5},{"damage":1,"enemies":"Exordium Thugs","floor":12,"turns":3},{"damage":0,"enemies":"Looter","floor":13,"turns":3},{"damage":42,"enemies":"The Guardian","floor":16,"turns":13},{"damage":14,"enemies":"Shell Parasite","floor":18,"turns":6},{"damage":58,"enemies":"Spheric Guardian","floor":21,"turns":8},{"damage":8,"enemies":"Snake Plant","floor":24,"turns":4},{"damage":14,"enemies":"Centurion and Healer","floor":27,"turns":7},{"damage":15,"enemies":"Sentry and Sphere","floor":28,"turns":2}],"seed_played":"6276994275506057976","potions_obtained":[{"floor":4,"key":"Weak Potion"},{"floor":10,"key":"SkillPotion"},{"floor":13,"key":"PowerPotion"},{"floor":16,"key":"AttackPotion"},{"floor":21,"key":"Fire Potion"}],"is_trial":false,"path_per_floor":["M","?","?","M","M","E","M","?","T","M","$","M","M","$","R","B",null,"M","?","?","M","$","?","M","R","T","M","M"],"character_chosen":"IRONCLAD","items_purchased":["Twin Strike","Offering","Bloodletting"],"campfire_rested":0,"item_purchase_floors":[11,11,22],"current_hp_per_floor":[86,79,79,71,76,57,56,56,56,36,36,41,47,47,47,11,88,80,74,74,22,22,22,20,20,20,12,0],"gold":66,"neow_bonus":"TEN_PERCENT_HP_BONUS","is_prod":false,"is_daily":false,"chose_seed":false,"campfire_upgraded":2,"win_rate":0.0,"timestamp":1567249373,"path_taken":["M","?","?","M","?","E","M","?","T","?","$","M","M","?","R","BOSS","M","?","?","M","$","?","M","R","T","?","M"],"build_version":"2019-07-17","purchased_purges":1,"victory":false,"max_hp_per_floor":[88,88,88,88,88,88,88,88,88,88,88,88,88,88,88,88,88,88,88,88,88,88,88,88,88,88,88,88],"card_choices":[{"not_picked":["Armaments","Clash"],"picked":"Iron Wave","floor":1},{"not_picked":["Twin Strike","Iron Wave"],"picked":"Battle Trance","floor":4},{"not_picked":["Clash","Searing Blow"],"picked":"Flex","floor":5},{"not_picked":["Brutality","Uppercut"],"picked":"Shrug It Off","floor":6},{"not_picked":["Thunderclap","Burning Pact"],"picked":"Pummel","floor":7},{"not_picked":["Thunderclap","Uppercut"],"picked":"Headbutt","floor":10},{"not_picked":["Entrench","Rupture"],"picked":"Armaments","floor":12},{"not_picked":["Uppercut","Anger"],"picked":"Shockwave","floor":13},{"not_picked":["Bludgeon","Barricade"],"picked":"Berserk","floor":16},{"not_picked":["Clash","Inflame"],"picked":"Pommel Strike","floor":18},{"not_picked":["Rupture+1","Ghostly Armor+1"],"picked":"Rampage","floor":21},{"not_picked":["Pummel","Cleave"],"picked":"Armaments+1","floor":24},{"not_picked":["Warcry","True Grit"],"picked":"Cleave+1","floor":27}],"player_experience":389,"relics_obtained":[{"floor":6,"key":"Torii"},{"floor":9,"key":"Ginger"},{"floor":26,"key":"Sundial"}],"event_choices":[{"cards_removed":["Strike_R"],"damage_healed":0,"gold_gain":0,"player_choice":"Card Removal","damage_taken":7,"max_hp_gain":0,"max_hp_loss":0,"event_name":"Golden Wing","floor":2,"gold_loss":0},{"damage_healed":0,"gold_gain":0,"cards_transformed":["Strike_R"],"player_choice":"Change","damage_taken":0,"max_hp_gain":0,"max_hp_loss":0,"event_name":"Living Wall","floor":3,"gold_loss":0,"cards_obtained":["Impervious"]},{"cards_removed":["Defend_R"],"damage_healed":0,"gold_gain":0,"player_choice":"Offered Basic","damage_taken":0,"max_hp_gain":0,"max_hp_loss":0,"event_name":"Bonfire Elementals","floor":8,"gold_loss":0},{"damage_healed":0,"gold_gain":0,"player_choice":"Joined the Cult","damage_taken":6,"max_hp_gain":0,"max_hp_loss":0,"event_name":"Nest","floor":19,"gold_loss":0,"cards_obtained":["RitualDagger"]},{"damage_healed":0,"gold_gain":0,"player_choice":"Ignored","damage_taken":0,"max_hp_gain":0,"max_hp_loss":0,"event_name":"The Mausoleum","floor":20,"gold_loss":0},{"cards_removed":["Defend_R"],"damage_healed":0,"gold_gain":0,"player_choice":"Purged","damage_taken":0,"max_hp_gain":0,"max_hp_loss":0,"event_name":"Purifier","floor":23,"gold_loss":0}],"is_beta":false,"boss_relics":[{"not_picked":["Philosopher\u0027s Stone","Calling Bell"],"picked":"Snecko Eye"}],"items_purged_floors":[22],"is_endless":false,"potions_floor_spawned":[4,10,13,16,21],"killed_by":"Sentry and Sphere","ascension_level":0}