{"gold_per_floor":[114,114,139,139,17,55,55,99,99,119,119,109,109,132,132,263,263,276,276,11,11,31,31,49,49,76,96,20,63,77,95,95,215,215,240,253,11,25,48,48,61,86,109,125,141,174,174,214,214,214],"floor_reached":51,"playtime":7234,"items_purged":["Regret"],"score":718,"play_id":"eee722e3-9ac0-49f9-af40-17e39f82409f","local_time":"20190831024825","is_ascension_mode":false,"campfire_choices":[{"data":"Skim","floor":7.0,"key":"SMITH"},{"data":"Coolheaded","floor":11.0,"key":"SMITH"},{"data":"Defragment","floor":13.0,"key":"SMITH"},{"data":"Defragment","floor":15.0,"key":"SMITH"},{"data":"Coolheaded","floor":23.0,"key":"SMITH"},{"data":"BootSequence","floor":25.0,"key":"SMITH"},{"floor":32.0,"key":"REST"},{"data":"Glacier","floor":40.0,"key":"SMITH"},{"data":"Loop","floor":47,"key":"SMITH"},{"data":"Loop","floor":49,"key":"SMITH"}],"neow_cost":"NONE","seed_source_timestamp":34667019953400,"circlet_count":0,"master_deck":["Strike_B","Strike_B","Strike_B","Strike_B","Defend_B","Defend_B","Defend_B","Defend_B","Zap","Dualcast","Scrape","Skim+1","Gash","Beam Cell","Defragment+1","Coolheaded+1","Self Repair","Defragment+1","Machine Learning","Hologram","Gash","Transmutation","Coolheaded+1","White Noise","BootSequence+1","Blizzard","Capacitor","Loop+1","Hologram","Loop+1","Electrodynamics","Self Repair+1","Gash","Glacier+1","Panache","Hologram","Conserve Battery+1","Conserve Battery+1","Conserve Battery+1","Electrodynamics"],"special_seed":0,"relics":["Cracked Core","Golden Idol","Bird Faced Urn","PreservedInsect","Strawberry","StoneCalendar","White Beast Statue","Torii","Anchor","Happy Flower","Nuclear Battery","Regal Pillow","Ancient Tea Set","Oddly Smooth Stone"],"potions_floor_usage":[45,45,50],"damage_taken":[{"damage":0.0,"enemies":"Cultist","floor":1.0,"turns":3.0},{"damage":1.0,"enemies":"Jaw Worm","floor":3.0,"turns":3.0},{"damage":25.0,"enemies":"3 Sentries","floor":6.0,"turns":8.0},{"damage":21.0,"enemies":"Lagavulin","floor":8.0,"turns":4.0},{"damage":0.0,"enemies":"Small Slimes","floor":10.0,"turns":2.0},{"damage":15.0,"enemies":"Exordium Thugs","floor":12.0,"turns":4.0},{"damage":7.0,"enemies":"Lots of Slimes","floor":14.0,"turns":5.0},{"damage":7.0,"enemies":"Slime Boss","floor":16.0,"turns":7.0},{"damage":3.0,"enemies":"Chosen","floor":18.0,"turns":6.0},{"damage":24.0,"enemies":"2 Thieves","floor":22.0,"turns":4.0},{"damage":19.0,"enemies":"Sentry and Sphere","floor":24.0,"turns":7.0},{"damage":11.0,"enemies":"Centurion and Healer","floor":27.0,"turns":6.0},{"damage":40.0,"enemies":"Slavers","floor":29.0,"turns":5.0},{"damage":18.0,"enemies":"Snecko","floor":30.0,"turns":6.0},{"damage":30.0,"enemies":"Snake Plant","floor":31.0,"turns":5.0},{"damage":24.0,"enemies":"Automaton","floor":33.0,"turns":11.0},{"damage":28.0,"enemies":"Orb Walker","floor":35.0,"turns":6.0},{"damage":23.0,"enemies":"3 Darklings","floor":36.0,"turns":4.0},{"damage":45.0,"enemies":"Spire Growth","floor":38.0,"turns":7.0},{"damage":11.0,"enemies":"Jaw Worm Horde","floor":39.0,"turns":7.0},{"damage":8.0,"enemies":"4 Shapes","floor":41.0,"turns":5.0},{"damage":36.0,"enemies":"Spire Growth","floor":42.0,"turns":5.0},{"damage":19.0,"enemies":"Sphere and 2 Shapes","floor":44.0,"turns":7.0},{"damage":24,"enemies":"4 Shapes","floor":45,"turns":7},{"damage":43,"enemies":"Nemesis","floor":46,"turns":7},{"damage":1,"enemies":"Giant Head","floor":48,"turns":9},{"damage":54,"enemies":"Donu and Deca","floor":50,"turns":8}],"seed_played":"-5944533347434684651","potions_obtained":[{"floor":1.0,"key":"Regen Potion"},{"floor":6.0,"key":"Block Potion"},{"floor":16.0,"key":"Weak Potion"},{"floor":18.0,"key":"Strength Potion"},{"floor":22.0,"key":"Weak Potion"},{"floor":24.0,"key":"FocusPotion"},{"floor":27.0,"key":"FearPotion"},{"floor":29.0,"key":"EntropicBrew"},{"floor":33.0,"key":"Explosive Potion"},{"floor":35.0,"key":"GamblersBrew"},{"floor":38.0,"key":"FocusPotion"},{"floor":41.0,"key":"Poison Potion"},{"floor":42.0,"key":"Block Potion"},{"floor":44.0,"key":"EssenceOfSteel"},{"floor":45,"key":"SneckoOil"},{"floor":46,"key":"GamblersBrew"}],"is_trial":false,"path_per_floor":["M","?","M","?","$","E","R","E","T","M","R","M","R","M","R","B",null,"M","?","$","?","M","R","M","R","T","M","$","E","M","M","R","B",null,"M","M","$","M","M","R","M","M","T","M","M","E","R","E","R","B",null],"character_chosen":"DEFECT","items_purchased":["Gash","Gash","Transmutation","Coolheaded","Capacitor","Glacier","Panache"],"campfire_rested":1,"item_purchase_floors":[5,20,20,20,28,37,37],"current_hp_per_floor":[82,76,75,75,75,50,50,36,36,36,36,37,37,41,41,47,83,80,80,80,80,68,68,66,66,66,72,72,49,41,28,52,44,83,64,66,66,58,70,70,83,72,72,78,83,69,69,83,83,49],"gold":214,"neow_bonus":"TEN_PERCENT_HP_BONUS","is_prod":false,"is_daily":false,"chose_seed":false,"campfire_upgraded":9,"win_rate":0.0,"timestamp":1567199905,"path_taken":["M","?","M","?","$","E","R","E","T","M","R","M","R","M","R","BOSS","M","?","$","?","M","R","M","R","T","M","$","E","M","M","R","BOSS","M","M","$","?","M","R","M","M","T","M","M","E","R","E","R","BOSS"],"build_version":"2019-07-17","purchased_purges":1,"victory":true,"max_hp_per_floor":[82,76,76,76,76,76,76,83,83,83,83,83,83,83,83,83,83,83,83,83,83,83,83,83,83,83,83,83,83,83,83,83,83,83,83,83,83,83,83,83,83,83,83,83,83,83,83,83,83,83],"card_choices":[{"not_picked":["Doom and Gloom","Stack"],"picked":"Scrape","floor":1.0},{"not_picked":["Static Discharge","Melter"],"picked":"Skim","floor":3.0},{"not_picked":["Steam Power","Steam"],"picked":"Beam Cell","floor":6.0},{"not_picked":["Reinforced Body","Go for the Eyes"],"picked":"Defragment","floor":8.0},{"not_picked":["Redo","Sweeping Beam"],"picked":"Coolheaded","floor":10.0},{"not_picked":["Scrape","Steam"],"picked":"Self Repair","floor":12.0},{"not_picked":["Compile Driver","Redo"],"picked":"Defragment","floor":14.0},{"not_picked":["Fission","Creative AI"],"picked":"Machine Learning","floor":16.0},{"not_picked":["Lockon","Sweeping Beam"],"picked":"Hologram","floor":18.0},{"not_picked":["Melter","Redo+1"],"picked":"White Noise","floor":22.0},{"not_picked":["Sweeping Beam","Creative AI"],"picked":"BootSequence","floor":24.0},{"not_picked":["Steam","Stack+1"],"picked":"Blizzard","floor":27.0},{"not_picked":["Static Discharge","Sweeping Beam"],"picked":"Loop","floor":29.0},{"not_picked":["Capacitor","Streamline"],"picked":"Hologram","floor":30.0},{"not_picked":["Go for the Eyes","Melter"],"picked":"Loop","floor":31.0},{"not_picked":["Seek","Thunder Strike"],"picked":"Electrodynamics","floor":33.0},{"not_picked":["Compile Driver+1","Go for the Eyes"],"picked":"Self Repair+1","floor":35.0},{"not_picked":["Fusion","Capacitor"],"picked":"Gash","floor":36.0},{"not_picked":["Aggregate","Streamline","Steam+1"],"picked":"SKIP","floor":38.0},{"not_picked":["Barrage","Darkness"],"picked":"Hologram","floor":39.0},{"not_picked":["Leap+1","Capacitor+1"],"picked":"Conserve Battery+1","floor":41.0},{"not_picked":["Stack+1","Ball Lightning"],"picked":"Conserve Battery+1","floor":42.0},{"not_picked":["Conserve Battery","Go for the Eyes","Streamline+1"],"picked":"SKIP","floor":44.0},{"not_picked":["Loop","Chaos"],"picked":"Conserve Battery+1","floor":45},{"not_picked":["Double Energy","Aggregate+1"],"picked":"Electrodynamics","floor":46},{"not_picked":["Go for the Eyes+1","Ball Lightning","Heatsinks"],"picked":"SKIP","floor":48}],"player_experience":20581,"relics_obtained":[{"floor":6.0,"key":"PreservedInsect"},{"floor":8.0,"key":"Strawberry"},{"floor":9.0,"key":"StoneCalendar"},{"floor":21.0,"key":"Torii"},{"floor":26.0,"key":"Anchor"},{"floor":29.0,"key":"Happy Flower"},{"floor":43.0,"key":"Regal Pillow"},{"floor":46,"key":"Ancient Tea Set"},{"floor":48,"key":"Oddly Smooth Stone"}],"event_choices":[{"damage_healed":0.0,"max_hp_gain":0.0,"max_hp_loss":6.0,"gold_gain":0.0,"event_name":"Golden Idol","player_choice":"Lose Max HP","floor":2.0,"gold_loss":0.0,"damage_taken":0.0,"relics_obtained":["Golden Idol"]},{"damage_healed":0.0,"max_hp_gain":0.0,"max_hp_loss":0.0,"gold_gain":0.0,"event_name":"Big Fish","player_choice":"Box","floor":4.0,"gold_loss":0.0,"damage_taken":0.0,"relics_obtained":["Bird Faced Urn"],"cards_obtained":["Regret"]},{"damage_healed":0.0,"max_hp_gain":0.0,"max_hp_loss":0.0,"gold_gain":0.0,"event_name":"Cursed Tome","player_choice":"Ignored","floor":19.0,"gold_loss":0.0,"damage_taken":0.0},{"damage_healed":0.0,"max_hp_gain":0.0,"max_hp_loss":0.0,"gold_gain":0.0,"event_name":"Wheel of Change","player_choice":"Relic","floor":21.0,"gold_loss":0.0,"damage_taken":0.0}],"is_beta":false,"boss_relics":[{"not_picked":["Runic Dome","Eternal Feather"],"picked":"White Beast Statue"},{"not_picked":["Busted Crown","Philosopher\u0027s Stone"],"picked":"Nuclear Battery"}],"items_purged_floors":[5],"is_endless":false,"potions_floor_spawned":[1,6,16,18,22,24,27,29,30,31,33,35,36,38,39,41,42,44,45,46,48],"ascension_level":0}