{"gold_per_floor":[118,118,43,43,43,43,66,91,140,166,148,160,172,218,230,373,385,411,423,460,472,484],"floor_reached":22,"playtime":1165,"items_purged":["Strike_R"],"score":209,"play_id":"59f66337-6658-4ec9-a0c5-acb2d8c1ea8e","local_time":"20181201144654","is_ascension_mode":true,"campfire_choices":[{"floor":6,"key":"RECALL"},{"floor":12,"key":"REST"},{"data":"Disarm","floor":15,"key":"SMITH"}],"neow_cost":"NONE","seed_source_timestamp":596864756121291,"circlet_count":0,"master_deck":["Strike_R","Strike_R","Strike_R","Strike_R","Defend_R","Defend_R","Defend_R","Defend_R","Bash","Uppercut","Disarm+1","Impervious","Inflame+1","Disarm+1"],"relics":["Burning Blood","Golden Idol","MawBank","Darkstone Periapt","Cursed Key","MutagenicStrength"],"potions_floor_usage":[16,16,22,22],"damage_taken":[{"damage":9,"enemies":"2 Louse","floor":1,"turns":4},{"damage":8,"enemies":"Jaw Worm","floor":7,"turns":4},{"damage":0,"enemies":"Small Slimes","floor":8,"turns":3},{"damage":18,"enemies":"Exordium Thugs","floor":10,"turns":5},{"damage":3,"enemies":"Looter","floor":11,"turns":4},{"damage":28,"enemies":"Gremlin Nob","floor":14,"turns":4},{"damage":63,"enemies":"The Guardian","floor":16,"turns":24},{"damage":73,"enemies":"Spheric Guardian","floor":18,"turns":10},{"damage":22,"enemies":"Shell Parasite","floor":20,"turns":7},{"damage":27,"enemies":"Chosen and Byrds","floor":22,"turns":6}],"seed_played":"-6668456982486480306","potions_obtained":[{"floor":8,"key":"Swift Potion"},{"floor":14,"key":"EssenceOfSteel"},{"floor":16,"key":"PowerPotion"},{"floor":20,"key":"EssenceOfSteel"}],"is_trial":false,"path_per_floor":["M","?","$","?","T","R","M","M","T","M","M","R","?","E","R","B",null,"M","?","M","?","M"],"character_chosen":"IRONCLAD","items_purchased":[],"campfire_rested":1,"item_purchase_floors":[],"current_hp_per_floor":[85,90,90,67,67,67,65,71,71,59,62,89,89,67,67,10,93,26,26,10,10,0],"gold":484,"neow_bonus":"TEN_PERCENT_HP_BONUS","is_prod":false,"is_daily":false,"chose_seed":false,"campfire_upgraded":1,"win_rate":0,"timestamp":1543697214,"path_taken":["M","?","$","?","?","R","M","M","T","M","M","R","?","E","R","BOSS","M","?","M","?","M"],"build_version":"2018-11-15","purchased_purges":1,"victory":false,"max_hp_per_floor":[88,93,93,93,93,93,93,93,93,93,93,93,93,93,93,93,93,93,93,93,93,93],"card_choices":[{"not_picked":["Warcry","Thunderclap","Sword Boomerang"],"picked":"SKIP","floor":1},{"not_picked":["Twin Strike","Wild Strike"],"picked":"Uppercut","floor":7},{"not_picked":["Thunderclap","Wild Strike","Flex"],"picked":"SKIP","floor":8},{"not_picked":["Heavy Blade","Dual Wield","Clash"],"picked":"SKIP","floor":10},{"not_picked":["Thunderclap","Wild Strike"],"picked":"Disarm","floor":11},{"not_picked":["Carnage","Clothesline","Heavy Blade"],"picked":"SKIP","floor":14},{"not_picked":["Offering","Fiend Fire"],"picked":"Impervious","floor":16},{"not_picked":["Second Wind","Warcry+1"],"picked":"Inflame+1","floor":18},{"not_picked":["Reckless Charge","Sword Boomerang","Seeing Red+1"],"picked":"SKIP","floor":20}],"player_experience":603432,"relics_obtained":[{"floor":9,"key":"MawBank"},{"floor":14,"key":"Darkstone Periapt"}],"event_choices":[{"damage_healed":0,"gold_gain":0,"player_choice":"Donut","damage_taken":0,"max_hp_gain":5,"max_hp_loss":0,"event_name":"Big Fish","floor":2,"gold_loss":0},{"damage_healed":0,"gold_gain":0,"player_choice":"Take Damage","damage_taken":23,"relics_obtained":["Golden Idol"],"max_hp_gain":0,"max_hp_loss":0,"event_name":"Golden Idol","floor":4,"gold_loss":0},{"damage_healed":0,"gold_gain":0,"player_choice":"Bought 0 Potions","damage_taken":0,"max_hp_gain":0,"max_hp_loss":0,"event_name":"The Woman in Blue","floor":13,"gold_loss":0},{"damage_healed":0,"gold_gain":0,"player_choice":"Inject Mutagens","damage_taken":0,"relics_obtained":["MutagenicStrength"],"max_hp_gain":0,"max_hp_loss":0,"event_name":"Drug Dealer","floor":19,"gold_loss":0},{"damage_healed":0,"gold_gain":0,"player_choice":"Copied","damage_taken":0,"max_hp_gain":0,"max_hp_loss":0,"event_name":"Duplicator","floor":21,"gold_loss":0,"cards_obtained":["Disarm"]}],"is_beta":false,"boss_relics":[{"not_picked":["Astrolabe","Sozu"],"picked":"Cursed Key"}],"items_purged_floors":[3],"is_endless":false,"potions_floor_spawned":[8,14,16,20],"killed_by":"Chosen and Byrds","ascension_level":3}