{"gold_per_floor":[117,129,129,140,156,186,186,186,258,289,214,214,15,30,30,127,127,140,140,40,54,64,64],"floor_reached":23,"playtime":2012,"items_purged":["Strike_G","Defend_G"],"score":211,"play_id":"9eb31e80-4360-4112-8737-c80e186ce989","local_time":"20181114214301","is_ascension_mode":true,"campfire_choices":[{"floor":15,"key":"REST"}],"neow_cost":"NONE","seed_source_timestamp":15667844558073,"circlet_count":0,"master_deck":["Defend_G","Defend_G","Defend_G","Strike_G","Strike_G","Strike_G","Strike_G","Survivor","Neutralize","Cloak And Dagger","Cloak And Dagger","Dash","Apotheosis+1","Footwork","Well Laid Plans","After Image","Infinite Blades"],"relics":["Ring of the Serpent","Ancient Tea Set","Thread and Needle","Orichalcum","Toxic Egg 2","Dream Catcher"],"potions_floor_usage":[6,16,16,23],"damage_taken":[{"damage":0,"enemies":"Cultist","floor":1,"turns":3},{"damage":0,"enemies":"Small Slimes","floor":2,"turns":4},{"damage":0,"enemies":"2 Louse","floor":4,"turns":2},{"damage":6,"enemies":"Gremlin Gang","floor":5,"turns":6},{"damage":10,"enemies":"Gremlin Nob","floor":6,"turns":5},{"damage":18,"enemies":"Lagavulin","floor":10,"turns":12},{"damage":0,"enemies":"Exordium Wildlife","floor":14,"turns":5},{"damage":1,"enemies":"Hexaghost","floor":16,"turns":11},{"damage":0,"enemies":"Spheric Guardian","floor":18,"turns":5},{"damage":0,"enemies":"Shell Parasite","floor":21,"turns":7},{"damage":1,"enemies":"Sentry and Sphere","floor":22,"turns":7},{"damage":80,"enemies":"Gremlin Leader","floor":23,"turns":16}],"seed_played":"3174958645184100185","potions_obtained":[{"floor":2,"key":"Strength Potion"},{"floor":5,"key":"Energy Potion"},{"floor":14,"key":"Explosive Potion"},{"floor":21,"key":"SkillPotion"}],"is_trial":false,"path_per_floor":["M","M","?","M","M","E","?","?","T","E","$","?","$","M","R","B",null,"M","?","$","M","M","E"],"character_chosen":"THE_SILENT","items_purchased":["Apotheosis+1","Footwork"],"campfire_rested":1,"item_purchase_floors":[13,13],"current_hp_per_floor":[70,70,63,63,57,47,47,47,47,29,29,34,34,34,56,55,75,75,75,75,75,74,0],"gold":64,"neow_bonus":"RANDOM_COMMON_RELIC","is_prod":false,"is_daily":false,"chose_seed":false,"campfire_upgraded":0,"win_rate":0,"timestamp":1542253381,"path_taken":["M","?","?","M","M","E","?","?","T","E","$","?","$","M","R","BOSS","M","?","$","M","?","E"],"build_version":"2018-11-08","purchased_purges":2,"victory":false,"max_hp_per_floor":[70,70,70,70,70,70,70,70,70,70,70,75,75,75,75,75,75,75,75,75,75,75,75],"card_choices":[{"not_picked":["Accuracy","Crippling Poison"],"picked":"Cloak And Dagger","floor":1},{"not_picked":["Flying Knee","Bane"],"picked":"Cloak And Dagger","floor":2},{"not_picked":["Poisoned Stab","PiercingWail"],"picked":"Dash","floor":4},{"not_picked":["Blade Dance","Dodge and Roll","Flying Knee"],"picked":"SKIP","floor":5},{"not_picked":["Reflex","Prepared","Bouncing Flask"],"picked":"SKIP","floor":6},{"not_picked":["Slice","Acrobatics+1","Flying Knee"],"picked":"SKIP","floor":10},{"not_picked":["Bane","Poisoned Stab","Deadly Poison+1"],"picked":"SKIP","floor":14},{"not_picked":["Reflex+1","Tactician+1"],"picked":"Well Laid Plans","floor":15},{"not_picked":["Corpse Explosion+1","Unload"],"picked":"After Image","floor":16},{"not_picked":["Deadly Poison+1","Underhanded Strike+1","Accuracy"],"picked":"SKIP","floor":18},{"not_picked":["Concentrate+1","Deflect+1"],"picked":"Infinite Blades","floor":21},{"not_picked":["Setup+1","Outmaneuver+1","Dodge and Roll+1"],"picked":"SKIP","floor":22}],"player_experience":223528,"relics_obtained":[{"floor":6,"key":"Orichalcum"},{"floor":9,"key":"Toxic Egg 2"},{"floor":10,"key":"Dream Catcher"}],"event_choices":[{"damage_healed":0,"gold_gain":0,"player_choice":"Success","damage_taken":7,"relics_obtained":["Thread and Needle"],"max_hp_gain":0,"max_hp_loss":0,"event_name":"Scrap Ooze","floor":3,"gold_loss":0},{"damage_healed":0,"gold_gain":0,"player_choice":"Ignored","damage_taken":0,"max_hp_gain":0,"max_hp_loss":0,"event_name":"Liars Game","floor":7,"gold_loss":0},{"cards_removed":["Defend_G"],"damage_healed":0,"gold_gain":0,"player_choice":"Forget","damage_taken":0,"max_hp_gain":0,"max_hp_loss":0,"event_name":"Living Wall","floor":8,"gold_loss":0},{"damage_healed":0,"gold_gain":0,"player_choice":"Donut","damage_taken":0,"max_hp_gain":5,"max_hp_loss":0,"event_name":"Big Fish","floor":12,"gold_loss":0},{"damage_healed":0,"gold_gain":0,"player_choice":"Ignored","damage_taken":0,"max_hp_gain":0,"max_hp_loss":0,"event_name":"Transmorgrifier","floor":19,"gold_loss":0}],"is_beta":false,"boss_relics":[{"not_picked":["Ectoplasm","Runic Pyramid"],"picked":"Ring of the Serpent"}],"items_purged_floors":[11,20],"is_endless":false,"potions_floor_spawned":[2,5,14,21],"killed_by":"Gremlin Leader","ascension_level":1}