{"gold_per_floor":[118,118,118,43,43,43,58,79,79,93,129,148,162,62,62,185,185,210,225,225,140,140,140,158,158,158,158,158,33,33],"floor_reached":30,"playtime":2631,"items_purged":["Strike_R","Strike_R","Strike_R"],"score":229,"play_id":"354bc08b-e0f7-4475-94f1-d89afba7c2b3","local_time":"20181105215326","is_ascension_mode":true,"campfire_choices":[{"data":"Defend_R","floor":6.0,"key":"SMITH"},{"floor":15.0,"key":"REST"},{"floor":23.0,"key":"REST"},{"floor":25.0,"key":"REST"},{"floor":27.0,"key":"REST"}],"neow_cost":"NONE","seed_source_timestamp":0,"circlet_count":0,"master_deck":["Strike_R","Defend_R+1","Defend_R","Defend_R","Defend_R","Shrug It Off","Armaments","Iron Wave","Twin Strike","Iron Wave","Anger","Barricade","Anger","Shrug It Off","Anger","Iron Wave","Fiend Fire","Body Slam","Shrug It Off","RitualDagger","Sword Boomerang+1"],"special_seed":0,"relics":["Lizard Tail","Golden Idol","Nunchaku","Odd Mushroom","Orrery","Peace Pipe","Vajra"],"potions_floor_usage":[],"damage_taken":[{"damage":0.0,"enemies":"2 Louse","floor":1.0,"turns":3.0},{"damage":0.0,"enemies":"Jaw Worm","floor":7.0,"turns":6.0},{"damage":0.0,"enemies":"Cultist","floor":8.0,"turns":5.0},{"damage":4.0,"enemies":"Exordium Wildlife","floor":10.0,"turns":13.0},{"damage":29.0,"enemies":"The Mushroom Lair","floor":11.0,"turns":9.0},{"damage":4.0,"enemies":"Blue Slaver","floor":12.0,"turns":7.0},{"damage":0.0,"enemies":"2 Fungi Beasts","floor":13.0,"turns":4.0},{"damage":38.0,"enemies":"The Guardian","floor":16.0,"turns":8.0},{"damage":15.0,"enemies":"Chosen","floor":18.0,"turns":7.0},{"damage":21.0,"enemies":"Shell Parasite","floor":19.0,"turns":10.0},{"damage":84.0,"enemies":"3 Cultists","floor":24.0,"turns":10.0},{"damage":60,"enemies":"Gremlin Leader","floor":30,"turns":4}],"seed_played":"-4283261480963124743","potions_obtained":[{"floor":1.0,"key":"EssenceOfSteel"},{"floor":12.0,"key":"PowerPotion"},{"floor":13.0,"key":"SteroidPotion"},{"floor":18.0,"key":"Weak Potion"},{"floor":19.0,"key":"Poison Potion"}],"is_trial":false,"path_per_floor":["M","?","?","$","?","R","M","M","T","M","?","M","M","$","R","B",null,"M","M","?","?","?","R","M","R","T","R","?","$","E"],"character_chosen":"IRONCLAD","items_purchased":[],"campfire_rested":4,"item_purchase_floors":[],"current_hp_per_floor":[80,74,74,74,74,74,74,74,74,70,41,37,37,37,59,21,74,59,38,32,32,32,54,7,29,29,51,51,51,0],"gold":33,"neow_bonus":"BOSS_RELIC","is_prod":false,"is_daily":false,"chose_seed":false,"campfire_upgraded":1,"win_rate":0,"timestamp":1541476406,"path_taken":["M","?","?","$","?","R","M","M","T","?","?","M","M","?","R","BOSS","M","?","?","?","?","R","M","R","T","R","?","$","E"],"build_version":"2018-11-01","purchased_purges":3,"victory":false,"max_hp_per_floor":[80,74,74,74,74,74,74,74,74,74,74,74,74,74,74,74,74,74,74,74,74,74,74,74,74,74,74,74,74,74],"card_choices":[{"not_picked":["Entrench","Feel No Pain","Warcry"],"picked":"SKIP","floor":1.0},{"not_picked":["Dual Wield","Cleave"],"picked":"Shrug It Off","floor":7.0},{"not_picked":["Anger","Wild Strike"],"picked":"Armaments","floor":8.0},{"not_picked":["Warcry","Limit Break"],"picked":"Iron Wave","floor":10.0},{"not_picked":["Burning Pact","True Grit"],"picked":"Twin Strike","floor":11.0},{"not_picked":["Perfected Strike","Battle Trance"],"picked":"Iron Wave","floor":12.0},{"not_picked":["Second Wind","Clash"],"picked":"Anger","floor":13.0},{"not_picked":["Offering","Berserk"],"picked":"Barricade","floor":16.0},{"not_picked":["Pommel Strike","Perfected Strike"],"picked":"Anger","floor":17.0},{"not_picked":["Cleave","Wild Strike"],"picked":"Shrug It Off","floor":17.0},{"not_picked":["Cleave","Iron Wave"],"picked":"Anger","floor":17.0},{"not_picked":["Entrench","Sword Boomerang"],"picked":"Iron Wave","floor":17.0},{"not_picked":["Power Through","Wild Strike"],"picked":"Fiend Fire","floor":17.0},{"not_picked":["Power Through","Cleave"],"picked":"Body Slam","floor":18.0},{"not_picked":["Whirlwind+1","Thunderclap"],"picked":"Shrug It Off","floor":19.0},{"not_picked":["Shockwave+1","Battle Trance"],"picked":"Sword Boomerang+1","floor":24.0}],"player_experience":18201,"relics_obtained":[{"floor":9.0,"key":"Nunchaku"},{"floor":11.0,"key":"Odd Mushroom"},{"floor":26.0,"key":"Vajra"}],"event_choices":[{"damage_healed":0.0,"max_hp_gain":0.0,"max_hp_loss":6.0,"gold_gain":0.0,"event_name":"Golden Idol","player_choice":"Lose Max HP","floor":2.0,"gold_loss":0.0,"damage_taken":0.0,"relics_obtained":["Golden Idol"]},{"cards_removed":["Bash"],"damage_healed":0.0,"max_hp_gain":0.0,"max_hp_loss":0.0,"gold_gain":0.0,"event_name":"Living Wall","player_choice":"Forget","floor":3.0,"gold_loss":0.0,"damage_taken":0.0},{"damage_healed":0.0,"max_hp_gain":0.0,"max_hp_loss":0.0,"gold_gain":0.0,"event_name":"The Cleric","player_choice":"Leave","floor":5.0,"gold_loss":0.0,"damage_taken":0.0},{"damage_healed":0.0,"max_hp_gain":0.0,"max_hp_loss":0.0,"gold_gain":0.0,"event_name":"Mushrooms","player_choice":"Fought Mushrooms","floor":11.0,"gold_loss":0.0,"damage_taken":0.0},{"damage_healed":0.0,"max_hp_gain":0.0,"max_hp_loss":0.0,"gold_gain":0.0,"event_name":"Nest","player_choice":"Joined the Cult","floor":20.0,"gold_loss":0.0,"damage_taken":6.0,"cards_obtained":["RitualDagger"]},{"damage_healed":0.0,"max_hp_gain":0.0,"max_hp_loss":0.0,"gold_gain":0.0,"event_name":"Addict","player_choice":"Obtained Relic","floor":21.0,"gold_loss":85.0,"damage_taken":0.0,"relics_obtained":["Peace Pipe"]},{"cards_removed":["Strike_R"],"damage_healed":0.0,"max_hp_gain":0.0,"max_hp_loss":0.0,"gold_gain":0.0,"event_name":"Back to Basics","player_choice":"Elegance","floor":22.0,"gold_loss":0.0,"damage_taken":0.0},{"damage_healed":0.0,"max_hp_gain":0.0,"max_hp_loss":0.0,"gold_gain":0.0,"event_name":"Vampires","player_choice":"Ignored","floor":28.0,"gold_loss":0.0,"damage_taken":0.0}],"is_beta":false,"boss_relics":[{"not_picked":["White Beast Statue","Cursed Key"],"picked":"Orrery"}],"items_purged_floors":[4,14,29],"is_endless":false,"potions_floor_spawned":[1,12,13,18,19],"killed_by":"Gremlin Leader","ascension_level":1}