{"path_per_floor":["M","?","?","$","?","R","?","R","T","M","E","M","R","$","R","B",null,"M","?","?","M","?","E","?","M","T","M","M","$","M","$","R","B",null,"M","M","?","M"],"character_chosen":"THE_SILENT","items_purchased":["Apotheosis","Backstab","Bandage Up"],"gold_per_floor":[217,217,217,6,6,6,6,6,29,49,92,115,115,40,40,163,163,184,184,184,198,198,224,224,240,267,284,298,164,176,86,86,187,187,202,221,0,18],"floor_reached":39,"campfire_rested":2,"playtime":3907,"current_hp_per_floor":[70,70,70,70,67,67,67,67,67,64,64,64,64,64,70,67,70,69,69,69,70,70,61,61,62,67,63,58,58,61,61,80,48,80,65,22,22,41],"items_purged":["Regret","Writhe"],"gold":18,"play_id":"b333eef6-4d20-4e57-b25a-40107bb5bbf8","is_prod":false,"is_daily":false,"campfire_rituals":0,"campfire_upgraded":3,"is_hardmode":false,"path_taken":["M","?","?","$","?","R","?","R","T","M","E","?","R","?","R","BOSS","M","?","?","?","?","E","?","M","T","?","M","$","M","$","R","BOSS","M","?","?","M","?"],"build_version":"2018-01-04-PROD1","purchased_purges":2,"victory":false,"master_deck":["Defend_G","Defend_G","Defend_G","Defend_G","Defend_G","Strike_G","Strike_G","Strike_G","Strike_G","Strike_G","Survivor","Neutralize","Quick Slash","Apotheosis","Injury","Finisher","Escape Plan","Quick Slash","Glass Knife","Dash","Predator","Blur","Bullet Time","Slice","Dagger Throw","Backstab","Infinite Blades","Bandage Up","Night Terror","Dagger Spray","Adrenaline"],"max_hp_per_floor":[70,70,70,70,70,70,70,70,70,70,70,70,70,70,70,70,70,70,70,70,70,70,80,80,80,80,80,80,80,80,80,80,80,80,80,80,80,80],"relics":["Ring of the Snake","Ginger","Ninja Scroll","Bloody Idol","Anchor","Happy Flower","Lizard Tail","Gremlin Horn","Mummified Hand","Pear","Bag of Preparation","White Beast Statue","Red Mask"],"campfire_meditates":0,"card_choices":[{"not_picked":["Eviscerate","Backflip"],"picked":"Quick Slash"},{"not_picked":["Catalyst","Flying Knee"],"picked":"Finisher"},{"not_picked":["Terror","Finisher"],"picked":"Escape Plan"},{"not_picked":["Poisoned Stab","Burst"],"picked":"Quick Slash"},{"not_picked":["Tools of the Trade","Doppelganger"],"picked":"Glass Knife"},{"not_picked":["Calculated Gamble","Skewer"],"picked":"Dash"},{"not_picked":["Dagger Throw","Distraction"],"picked":"Predator"},{"not_picked":["Slice","Leg Sweep"],"picked":"Blur"},{"not_picked":["Bane","Poisoned Stab"],"picked":"Bullet Time"},{"not_picked":["Dodge and Roll","Deadly Poison"],"picked":"Slice"},{"not_picked":["Dodge and Roll","Poisoned Stab"],"picked":"Dagger Throw"},{"not_picked":["Finisher","Poisoned Stab"],"picked":"Infinite Blades"},{"not_picked":["Unload","Venomology"],"picked":"Night Terror"},{"not_picked":["Outmaneuver","Escape Plan"],"picked":"Dagger Spray"},{"not_picked":["Prepared","Deflect"],"picked":"Adrenaline"}],"player_experience":32091,"potions_floor_usage":[16,23,33,33,38],"damage_taken":[{"damage":0,"enemies":"Jaw Worm","floor":1,"turns":6},{"damage":3,"enemies":"Blue Slaver","floor":10,"turns":2},{"damage":0,"enemies":"Gremlin Nob","floor":11,"turns":2},{"damage":0,"enemies":"2 Louse","floor":12,"turns":2},{"damage":3,"enemies":"Slime Boss","floor":16,"turns":8},{"damage":1,"enemies":"Chosen","floor":18,"turns":4},{"damage":0,"enemies":"Spheric Guardian","floor":21,"turns":1},{"damage":24,"enemies":"Book of Stabbing","floor":23,"turns":7},{"damage":4,"enemies":"Centurion and Healer","floor":25,"turns":10},{"damage":9,"enemies":"Snecko","floor":27,"turns":5},{"damage":10,"enemies":"Chosen and Byrds","floor":28,"turns":5},{"damage":2,"enemies":"Centurion and Healer","floor":30,"turns":4},{"damage":41,"enemies":"Collector","floor":33,"turns":8},{"damage":24,"enemies":"3 Darklings","floor":35,"turns":6},{"damage":52,"enemies":"3 Shapes","floor":36,"turns":7},{"damage":34,"enemies":"Sphere and 2 Shapes","floor":38,"turns":5},{"damage":46,"enemies":"4 Shapes","floor":39,"turns":8}],"event_choices":[{"event_name":"The Lab","player_choice":"Got Potions","floor":2,"damage_taken":0},{"event_name":"Big Fish","player_choice":"Box","floor":3,"damage_taken":0},{"event_name":"Scrap Ooze","player_choice":"success","floor":5,"damage_taken":3},{"event_name":"Golden Idol","player_choice":"Take Wound","floor":7,"damage_taken":0},{"event_name":"Accursed Blacksmith","player_choice":"Rummage","floor":19,"damage_taken":0},{"event_name":"Forgotten Altar","player_choice":"Gave Idol","floor":20,"damage_taken":0},{"event_name":"The Mausoleum","player_choice":"Yes","floor":22,"damage_taken":0},{"event_name":"Vampires","player_choice":"Ignored","floor":24,"damage_taken":0},{"event_name":"Tomb of Lord Red Mask","player_choice":"Paid","floor":37,"damage_taken":0}],"boss_relics":[{"not_picked":["Eternal Feather","Velvet Choker"],"picked":"Lizard Tail"},{"not_picked":["Question Card","Runic Pyramid"],"picked":"White Beast Statue"}],"potions_floor_spawned":[1,11,12,16,25,27,35,36,38],"seed_played":"-6832583591471683783","killed_by":"4 Shapes","is_trial":false}