{"gold_per_floor":[115,115,115,125,125,125,139,169,169,12,31,31,106,116,116,221,221,232,232,243,256,256,256,272,272,272,291,291,291,121,136,136,236,236,246,257,277,289,305,305,315,315,342,354,354,368,383,408,408,408,408,408,4,34,34],"floor_reached":55,"playtime":4241,"items_purged":["Strike_G","Pain","Parasite"],"score":942,"play_id":"ab9c4b13-3c71-48d2-85da-eef82c6a3c7d","local_time":"20190403201319","is_ascension_mode":true,"campfire_choices":[{"floor":6.0,"key":"REST"},{"floor":15.0,"key":"REST"},{"floor":23.0,"key":"REST"},{"floor":28.0,"key":"REST"},{"floor":32.0,"key":"REST"},{"floor":40.0,"key":"REST"},{"floor":42.0,"key":"REST"},{"floor":45.0,"key":"REST"},{"floor":49,"key":"RECALL"},{"data":"Venomology","floor":52,"key":"SMITH"}],"neow_cost":"NONE","seed_source_timestamp":0,"circlet_count":0,"master_deck":["Defend_G+1","Defend_G+1","Defend_G+1","Defend_G+1","Defend_G+1","Survivor","Neutralize","Dash","Leg Sweep","Noxious Fumes","Bullet Time","Adrenaline+1","Dash+1","Slice+1","Dash","Dash","Deadly Poison","Bouncing Flask","Backstab","Venomology+1","Deadly Poison+1","Noxious Fumes","Adrenaline","Footwork","Caltrops"],"special_seed":0,"relics":["Ring of the Snake","Vajra","Tingsha","Ginger","Smiling Mask","Astrolabe","Nilry\u0027s Codex","Shuriken","WarpedTongs","Runic Pyramid","Molten Egg 2","Bag of Preparation","Centennial Puzzle"],"potions_floor_usage":[48,50,50,50,50,54,55,55,55,55],"damage_taken":[{"damage":0.0,"enemies":"Small Slimes","floor":1.0,"turns":4.0},{"damage":0.0,"enemies":"2 Louse","floor":4.0,"turns":3.0},{"damage":0.0,"enemies":"Cultist","floor":7.0,"turns":3.0},{"damage":37.0,"enemies":"Gremlin Nob","floor":8.0,"turns":6.0},{"damage":6.0,"enemies":"Exordium Wildlife","floor":11.0,"turns":5.0},{"damage":0.0,"enemies":"Looter","floor":14.0,"turns":3.0},{"damage":9.0,"enemies":"The Guardian","floor":16.0,"turns":12.0},{"damage":9.0,"enemies":"3 Byrds","floor":18.0,"turns":7.0},{"damage":0.0,"enemies":"Shell Parasite","floor":20.0,"turns":7.0},{"damage":7.0,"enemies":"Centurion and Healer","floor":21.0,"turns":13.0},{"damage":18.0,"enemies":"3 Cultists","floor":24.0,"turns":6.0},{"damage":8.0,"enemies":"Cultist and Chosen","floor":27.0,"turns":7.0},{"damage":9.0,"enemies":"Snake Plant","floor":31.0,"turns":5.0},{"damage":16.0,"enemies":"Champ","floor":33.0,"turns":8.0},{"damage":3.0,"enemies":"Orb Walker","floor":35.0,"turns":4.0},{"damage":0.0,"enemies":"3 Darklings","floor":36.0,"turns":5.0},{"damage":6.0,"enemies":"Jaw Worm Horde","floor":37.0,"turns":6.0},{"damage":6.0,"enemies":"Sphere and 2 Shapes","floor":38.0,"turns":5.0},{"damage":0.0,"enemies":"Writhing Mass","floor":39.0,"turns":6.0},{"damage":21.0,"enemies":"Transient","floor":41.0,"turns":5.0},{"damage":30.0,"enemies":"Jaw Worm Horde","floor":44.0,"turns":6.0},{"damage":7.0,"enemies":"4 Shapes","floor":46.0,"turns":8.0},{"damage":17.0,"enemies":"3 Darklings","floor":47.0,"turns":5.0},{"damage":5,"enemies":"Reptomancer","floor":48,"turns":8},{"damage":14,"enemies":"Donu and Deca","floor":50,"turns":9},{"damage":42,"enemies":"Shield and Spear","floor":54,"turns":8},{"damage":22,"enemies":"The Heart","floor":55,"turns":2}],"seed_played":"-8620192993105402710","potions_obtained":[{"floor":4.0,"key":"GhostInAJar"},{"floor":8.0,"key":"LiquidBronze"},{"floor":11.0,"key":"Weak Potion"},{"floor":16.0,"key":"PowerPotion"},{"floor":18.0,"key":"Dexterity Potion"},{"floor":20.0,"key":"Weak Potion"},{"floor":35.0,"key":"PowerPotion"},{"floor":46.0,"key":"Energy Potion"},{"floor":54,"key":"Block Potion"}],"is_trial":false,"path_per_floor":["M","?","?","M","?","R","M","E","T","$","M","?","?","M","R","B",null,"M","?","M","M","?","R","M","?","T","M","R","?","$","M","R","B",null,"M","M","M","M","M","R","M","R","T","M","R","M","M","E","R","B",null,"R","$","E","B"],"character_chosen":"THE_SILENT","items_purchased":["Leg Sweep","Bouncing Flask","Backstab","Footwork","Bag of Preparation","GhostInAJar","Poison Potion"],"campfire_rested":8,"item_purchase_floors":[10,30,30,53,53,53,53],"current_hp_per_floor":[63,63,63,63,49,70,70,33,33,33,27,24,13,13,34,25,59,50,37,37,30,14,36,18,18,18,10,32,32,32,23,45,29,64,61,61,55,49,49,71,50,72,72,42,64,57,40,35,35,21,62,62,62,20,0],"gold":34,"neow_bonus":"RANDOM_COMMON_RELIC","is_prod":false,"is_daily":false,"chose_seed":false,"campfire_upgraded":1,"win_rate":0,"timestamp":1554340399,"path_taken":["M","?","?","M","?","R","M","E","T","$","M","?","?","M","R","BOSS","M","?","M","M","?","R","M","?","T","M","R","?","$","M","R","BOSS","M","?","M","M","M","R","M","R","T","M","R","M","M","E","R","BOSS","R","$","E","BOSS"],"build_version":"2019-01-23","purchased_purges":3,"victory":false,"max_hp_per_floor":[70,70,70,70,70,70,70,70,70,70,70,70,70,70,70,70,70,70,75,75,75,75,75,75,75,75,75,75,75,75,75,75,75,75,75,75,75,75,75,75,75,75,75,75,75,75,75,75,75,75,75,75,72,72,72],"card_choices":[{"not_picked":["Acrobatics","Deflect","Backflip"],"picked":"SKIP","floor":1.0},{"not_picked":["Sucker Punch","Setup","Deflect"],"picked":"SKIP","floor":4.0},{"not_picked":["Catalyst","Setup"],"picked":"Dash","floor":7.0},{"not_picked":["Envenom","Glass Knife","Bane"],"picked":"SKIP","floor":8.0},{"not_picked":["Deflect","Prepared","Tactician"],"picked":"SKIP","floor":11.0},{"not_picked":["Flechettes","Poisoned Stab"],"picked":"Noxious Fumes","floor":14.0},{"not_picked":["Night Terror","Wraith Form v2"],"picked":"Bullet Time","floor":16.0},{"not_picked":["Deflect","Bane+1"],"picked":"Dash","floor":18.0},{"not_picked":["All Out Attack+1","Quick Slash","Heel Hook"],"picked":"SKIP","floor":20.0},{"not_picked":["Riddle With Holes","Sucker Punch"],"picked":"Dash","floor":21.0},{"not_picked":["Escape Plan","Quick Slash","Tactician"],"picked":"SKIP","floor":24.0},{"not_picked":["Poisoned Stab","Doppelganger"],"picked":"Deadly Poison","floor":27.0},{"not_picked":["Dagger Throw+1","Slice","Predator"],"picked":"SKIP","floor":31.0},{"not_picked":["Doppelganger","Grand Finale"],"picked":"Venomology","floor":33.0},{"not_picked":["Slice","PiercingWail","Outmaneuver+1"],"picked":"SKIP","floor":35.0},{"not_picked":["Dodge and Roll+1","Deflect+1","Masterful Stab"],"picked":"SKIP","floor":36.0},{"not_picked":["Bane","Infinite Blades","Predator+1"],"picked":"SKIP","floor":37.0},{"not_picked":["Finisher","Terror","Slice"],"picked":"SKIP","floor":38.0},{"not_picked":["Outmaneuver","Dagger Spray+1"],"picked":"Deadly Poison+1","floor":39.0},{"not_picked":["Finisher","Backstab"],"picked":"Noxious Fumes","floor":41.0},{"not_picked":["Deflect+1","Sucker Punch+1","Malaise"],"picked":"SKIP","floor":44.0},{"not_picked":["Prepared+1","Cloak And Dagger+1","Acrobatics+1"],"picked":"SKIP","floor":46.0},{"not_picked":["Infinite Blades","Backflip","Prepared+1"],"picked":"SKIP","floor":47},{"not_picked":["Doppelganger","Flying Knee"],"picked":"Adrenaline","floor":48},{"not_picked":["Setup+1","Deadly Poison+1"],"picked":"Caltrops","floor":54}],"player_experience":1794699,"relics_obtained":[{"floor":8.0,"key":"Tingsha"},{"floor":9.0,"key":"Ginger"},{"floor":22.0,"key":"Nilry\u0027s Codex"},{"floor":26.0,"key":"Shuriken"},{"floor":48,"key":"Molten Egg 2"},{"floor":54,"key":"Centennial Puzzle"}],"event_choices":[{"cards_removed":["Strike_G"],"damage_healed":0.0,"max_hp_gain":0.0,"max_hp_loss":0.0,"gold_gain":0.0,"event_name":"Living Wall","player_choice":"Forget","floor":2.0,"gold_loss":0.0,"damage_taken":0.0},{"damage_healed":0.0,"max_hp_gain":0.0,"max_hp_loss":0.0,"gold_gain":0.0,"event_name":"Liars Game","player_choice":"Ignored","floor":3.0,"gold_loss":0.0,"damage_taken":0.0},{"damage_healed":0.0,"max_hp_gain":0.0,"max_hp_loss":0.0,"gold_gain":0.0,"event_name":"Shining Light","player_choice":"Entered Light","floor":5.0,"gold_loss":0.0,"damage_taken":14.0,"cards_upgraded":["Defend_G","Strike_G"]},{"damage_healed":0.0,"max_hp_gain":0.0,"max_hp_loss":0.0,"gold_gain":0.0,"event_name":"Scrap Ooze","player_choice":"Success","floor":12.0,"gold_loss":0.0,"damage_taken":3.0,"relics_obtained":["Smiling Mask"]},{"damage_healed":0.0,"max_hp_gain":0.0,"max_hp_loss":0.0,"gold_gain":75.0,"event_name":"World of Goop","player_choice":"Gather Gold","floor":13.0,"gold_loss":0.0,"damage_taken":11.0},{"damage_healed":0.0,"max_hp_gain":5.0,"max_hp_loss":0.0,"gold_gain":0.0,"event_name":"Forgotten Altar","player_choice":"Shed Blood","floor":19.0,"gold_loss":0.0,"damage_taken":18.0},{"damage_healed":0.0,"max_hp_gain":0.0,"max_hp_loss":0.0,"gold_gain":0.0,"event_name":"Cursed Tome","player_choice":"Obtained Book","floor":22.0,"gold_loss":0.0,"damage_taken":16.0},{"damage_healed":0.0,"max_hp_gain":0.0,"max_hp_loss":0.0,"gold_gain":0.0,"event_name":"Back to Basics","player_choice":"Simplicity","floor":25.0,"gold_loss":0.0,"damage_taken":0.0,"cards_upgraded":["Defend_G","Defend_G","Defend_G","Defend_G"]},{"damage_healed":0.0,"max_hp_gain":0.0,"max_hp_loss":0.0,"gold_gain":0.0,"event_name":"Accursed Blacksmith","player_choice":"Rummage","floor":29.0,"gold_loss":0.0,"damage_taken":0.0,"relics_obtained":["WarpedTongs"],"cards_obtained":["Pain"]}],"is_beta":false,"boss_relics":[{"not_picked":["Pandora\u0027s Box","Runic Dome"],"picked":"Astrolabe"},{"not_picked":["Velvet Choker","Snecko Eye"],"picked":"Runic Pyramid"}],"items_purged_floors":[10,30,53],"is_endless":false,"potions_floor_spawned":[4,8,11,16,18,20,27,35,39,46,47,54],"killed_by":"The Heart","ascension_level":8}