{"gold_per_floor":[112,112,131,148,165,192,203,203,272,272,289,11,28,28,28,126,126,126,126,126,81,81,81,81,81,81,81,81,81,1,1,1,1,1,1,1,1,1,1,1,1,1,1,1,1,1],"floor_reached":46,"playtime":2837,"items_purged":["Strike_G","Defend_G"],"score":428,"play_id":"834f77e4-e8cc-4ff3-b7a9-bfecc48169f6","local_time":"20190815230821","is_ascension_mode":false,"campfire_choices":[{"floor":8,"key":"REST"},{"floor":10,"key":"REST"},{"data":"Accuracy","floor":15,"key":"SMITH"},{"data":"Accuracy","floor":23,"key":"SMITH"},{"data":"Cloak And Dagger","floor":27,"key":"SMITH"},{"floor":32,"key":"REST"},{"floor":40,"key":"REST"},{"floor":42,"key":"REST"}],"neow_cost":"NONE","seed_source_timestamp":38908341819249,"circlet_count":0,"master_deck":["Strike_G","Defend_G","Defend_G","Defend_G","Survivor","Neutralize","Cloak And Dagger+1","Accuracy+1","Blade Dance","Crippling Poison","PiercingWail","Accuracy+1","Cloak And Dagger","Quick Slash+1","Dash","Backstab","Blade Dance","Envenom","Dash+1","Flying Knee+1","Endless Agony+1","Quick Slash+1","Finisher"],"relics":["Ring of the Snake","Vajra","The Courier","Strange Spoon","FossilizedHelix","Ectoplasm","Red Mask","Darkstone Periapt","Potion Belt","Astrolabe","Tough Bandages","Happy Flower"],"potions_floor_usage":[6,13,19,21,44,45],"damage_taken":[{"damage":0,"enemies":"Jaw Worm","floor":1,"turns":6},{"damage":1,"enemies":"Cultist","floor":3,"turns":6},{"damage":0,"enemies":"Small Slimes","floor":4,"turns":3},{"damage":17,"enemies":"Exordium Wildlife","floor":5,"turns":9},{"damage":30,"enemies":"3 Sentries","floor":6,"turns":11},{"damage":8,"enemies":"Blue Slaver","floor":7,"turns":4},{"damage":2,"enemies":"Lots of Slimes","floor":11,"turns":4},{"damage":0,"enemies":"Red Slaver","floor":13,"turns":4},{"damage":14,"enemies":"The Guardian","floor":16,"turns":12},{"damage":0,"enemies":"Chosen","floor":18,"turns":5},{"damage":13,"enemies":"Masked Bandits","floor":19,"turns":4},{"damage":0,"enemies":"2 Thieves","floor":21,"turns":4},{"damage":0,"enemies":"Centurion and Healer","floor":24,"turns":5},{"damage":8,"enemies":"Snake Plant","floor":25,"turns":5},{"damage":0,"enemies":"Snecko","floor":28,"turns":3},{"damage":0,"enemies":"Centurion and Healer","floor":29,"turns":5},{"damage":72,"enemies":"Champ","floor":33,"turns":10},{"damage":13,"enemies":"3 Darklings","floor":35,"turns":5},{"damage":0,"enemies":"Orb Walker","floor":36,"turns":3},{"damage":24,"enemies":"Mind Bloom Boss Battle","floor":37,"turns":6},{"damage":7,"enemies":"Transient","floor":39,"turns":5},{"damage":3,"enemies":"4 Shapes","floor":41,"turns":7},{"damage":14,"enemies":"Maw","floor":44,"turns":7},{"damage":30,"enemies":"Sphere and 2 Shapes","floor":45,"turns":5},{"damage":81,"enemies":"Giant Head","floor":46,"turns":8}],"seed_played":"-680619193334726376","potions_obtained":[{"floor":5,"key":"SkillPotion"},{"floor":7,"key":"SteroidPotion"},{"floor":11,"key":"SkillPotion"},{"floor":16,"key":"LiquidBronze"},{"floor":18,"key":"SkillPotion"},{"floor":19,"key":"FairyPotion"},{"floor":33,"key":"SkillPotion"},{"floor":36,"key":"LiquidBronze"},{"floor":39,"key":"Regen Potion"}],"is_trial":false,"path_per_floor":["M","?","M","M","M","E","M","R","T","R","M","$","M","?","R","B",null,"M","?","?","M","T","R","M","M","T","R","M","M","$","$","R","B",null,"M","M","?","?","M","R","M","R","T","M","M","E"],"character_chosen":"THE_SILENT","items_purchased":["Accuracy","Strange Spoon"],"campfire_rested":5,"item_purchase_floors":[12,12],"current_hp_per_floor":[77,77,76,76,59,29,21,44,44,67,65,65,65,53,53,39,77,77,64,64,64,64,64,64,56,56,56,56,56,56,56,77,5,77,64,64,40,40,33,56,53,76,76,62,44,0],"gold":1,"neow_bonus":"TEN_PERCENT_HP_BONUS","is_prod":false,"is_daily":false,"chose_seed":false,"campfire_upgraded":3,"win_rate":0.0,"timestamp":1565924901,"path_taken":["M","?","M","M","M","E","?","R","T","R","M","$","M","?","R","BOSS","M","?","?","M","?","R","M","?","T","R","M","?","?","$","R","BOSS","M","M","?","?","?","R","M","R","T","M","M","E"],"build_version":"2019-07-17","purchased_purges":2,"victory":false,"max_hp_per_floor":[77,77,77,77,77,77,77,77,77,77,77,77,77,77,77,77,77,77,77,77,77,77,77,77,77,77,77,77,77,77,77,77,77,77,77,77,77,77,77,77,77,77,77,77,77,77],"card_choices":[{"not_picked":["Underhanded Strike","Sucker Punch"],"picked":"Quick Slash","floor":1},{"not_picked":["Expertise","Reflex"],"picked":"Cloak And Dagger","floor":3},{"not_picked":["Leg Sweep","PiercingWail"],"picked":"Accuracy","floor":4},{"not_picked":["Backstab","Dagger Spray"],"picked":"Blade Dance","floor":5},{"not_picked":["Flying Knee","Reflex"],"picked":"Crippling Poison","floor":6},{"not_picked":["Dodge and Roll","Deadly Poison"],"picked":"PiercingWail","floor":7},{"not_picked":["All Out Attack","Tools of the Trade","Endless Agony"],"picked":"SKIP","floor":11},{"not_picked":["Prepared","Dodge and Roll"],"picked":"Cloak And Dagger","floor":13},{"not_picked":["Sucker Punch+1","Poisoned Stab"],"picked":"Quick Slash+1","floor":18},{"not_picked":["PiercingWail","Noxious Fumes","Flying Knee"],"picked":"SKIP","floor":21},{"not_picked":["Backflip","Sucker Punch"],"picked":"Dash","floor":24},{"not_picked":["Backflip","Escape Plan"],"picked":"Backstab","floor":25},{"not_picked":["Escape Plan+1","Endless Agony"],"picked":"Blade Dance","floor":28},{"not_picked":["Underhanded Strike","PiercingWail+1","Noxious Fumes+1"],"picked":"SKIP","floor":29},{"not_picked":["Wraith Form v2","Storm of Steel"],"picked":"Envenom","floor":33},{"not_picked":["Endless Agony+1","Outmaneuver","Dagger Spray"],"picked":"SKIP","floor":35},{"not_picked":["Quick Slash+1","Heel Hook","Expertise"],"picked":"SKIP","floor":36},{"not_picked":["Leg Sweep","Distraction","Underhanded Strike+1"],"picked":"SKIP","floor":39},{"not_picked":["Skewer+1","Flying Knee+1","Masterful Stab+1"],"picked":"SKIP","floor":41},{"not_picked":["Acrobatics+1","Calculated Gamble"],"picked":"Quick Slash+1","floor":44},{"not_picked":["Reflex","Deflect"],"picked":"Finisher","floor":45}],"player_experience":98475,"relics_obtained":[{"floor":6,"key":"Vajra"},{"floor":9,"key":"The Courier"},{"floor":19,"key":"Red Mask"},{"floor":22,"key":"Darkstone Periapt"},{"floor":26,"key":"Potion Belt"},{"floor":37,"key":"Tough Bandages"},{"floor":43,"key":"Happy Flower"}],"event_choices":[{"cards_removed":["Strike_G"],"damage_healed":0,"gold_gain":0,"player_choice":"Purged","damage_taken":0,"max_hp_gain":0,"max_hp_loss":0,"event_name":"Purifier","floor":2,"gold_loss":0},{"damage_healed":0,"gold_gain":0,"player_choice":"Success","damage_taken":12,"relics_obtained":["FossilizedHelix"],"max_hp_gain":0,"max_hp_loss":0,"event_name":"Scrap Ooze","floor":14,"gold_loss":0},{"damage_healed":0,"gold_gain":0,"player_choice":"Fought Bandits","damage_taken":0,"max_hp_gain":0,"max_hp_loss":0,"event_name":"Masked Bandits","floor":19,"gold_loss":0},{"damage_healed":0,"gold_gain":0,"player_choice":"Ignored","damage_taken":0,"max_hp_gain":0,"max_hp_loss":0,"event_name":"Ghosts","floor":20,"gold_loss":0},{"damage_healed":0,"gold_gain":0,"player_choice":"Fight","damage_taken":0,"max_hp_gain":0,"max_hp_loss":0,"event_name":"MindBloom","floor":37,"gold_loss":0},{"cards_removed":["Quick Slash"],"damage_healed":0,"gold_gain":0,"player_choice":"Removed Attack","damage_taken":0,"max_hp_gain":0,"max_hp_loss":0,"event_name":"Falling","floor":38,"gold_loss":0}],"is_beta":false,"boss_relics":[{"not_picked":["Calling Bell","Fusion Hammer"],"picked":"Ectoplasm"},{"not_picked":["Tiny House","Philosopher\u0027s Stone"],"picked":"Astrolabe"}],"items_purged_floors":[12,30],"is_endless":false,"potions_floor_spawned":[5,7,11,16,18,19,33,36,39,41],"killed_by":"Giant Head","ascension_level":0}