{"gold_per_floor":[118,129,143,143,157,157,127,140,140,140,153,164,181,181,181,181],"floor_reached":16,"playtime":3002,"items_purged":[],"score":106,"play_id":"b1bd8104-f151-49fb-8c0e-ae3cff3b768c","local_time":"20181116222623","is_ascension_mode":true,"campfire_choices":[{"data":"Bash","floor":6,"key":"SMITH"},{"floor":15,"key":"REST"}],"neow_cost":"NONE","seed_source_timestamp":190076404086803,"circlet_count":0,"master_deck":["Strike_R","Strike_R","Strike_R","Strike_R","Strike_R","Defend_R","Defend_R","Defend_R","Defend_R","Bash+1","Battle Trance"],"relics":["Burning Blood","NeowsBlessing","Oddly Smooth Stone","Golden Idol"],"potions_floor_usage":[2,7,13],"damage_taken":[{"damage":0,"enemies":"Cultist","floor":1,"turns":1},{"damage":0,"enemies":"Small Slimes","floor":2,"turns":1},{"damage":0,"enemies":"2 Louse","floor":3,"turns":1},{"damage":2,"enemies":"Exordium Wildlife","floor":5,"turns":4},{"damage":0,"enemies":"Looter","floor":7,"turns":4},{"damage":31,"enemies":"3 Louse","floor":8,"turns":7},{"damage":16,"enemies":"Large Slime","floor":11,"turns":7},{"damage":24,"enemies":"2 Fungi Beasts","floor":12,"turns":4},{"damage":29,"enemies":"Lots of Slimes","floor":13,"turns":5},{"damage":34,"enemies":"The Guardian","floor":16,"turns":9}],"seed_played":"3062764755943140687","potions_obtained":[{"floor":1,"key":"PowerPotion"},{"floor":2,"key":"Fruit Juice"},{"floor":5,"key":"SkillPotion"}],"is_trial":false,"path_per_floor":["M","M","M","$","M","R","M","M","T","?","M","M","M","?","R","B"],"character_chosen":"IRONCLAD","items_purchased":[],"campfire_rested":1,"item_purchase_floors":[],"current_hp_per_floor":[80,85,85,85,85,85,85,60,60,60,50,32,9,9,32,0],"gold":181,"neow_bonus":"THREE_ENEMY_KILL","is_prod":false,"is_daily":false,"chose_seed":false,"campfire_upgraded":1,"win_rate":0,"timestamp":1542428783,"path_taken":["M","?","M","$","?","R","M","M","T","?","?","M","?","?","R","BOSS"],"build_version":"2018-11-15","purchased_purges":0,"victory":false,"max_hp_per_floor":[80,85,85,85,85,85,85,85,85,85,85,85,85,79,79,79],"card_choices":[{"not_picked":["Clash","Warcry"],"picked":"Battle Trance","floor":1},{"not_picked":["Burning Pact","Clash","Rage"],"picked":"SKIP","floor":2},{"not_picked":["Twin Strike","Carnage","Iron Wave"],"picked":"SKIP","floor":3},{"not_picked":["Corruption","Ghostly Armor","Headbutt"],"picked":"SKIP","floor":5},{"not_picked":["Pommel Strike","Thunderclap","Sword Boomerang"],"picked":"SKIP","floor":7},{"not_picked":["Body Slam","Brutality","Feel No Pain"],"picked":"SKIP","floor":8},{"not_picked":["Bloodletting","Warcry","Thunderclap"],"picked":"SKIP","floor":11},{"not_picked":["Rage","Fire Breathing","Wild Strike"],"picked":"SKIP","floor":12},{"not_picked":["Perfected Strike","Flex","Corruption"],"picked":"SKIP","floor":13}],"player_experience":256135,"relics_obtained":[{"floor":9,"key":"Oddly Smooth Stone"}],"event_choices":[{"damage_healed":0,"gold_gain":0,"player_choice":"Bought 0 Potions","damage_taken":0,"max_hp_gain":0,"max_hp_loss":0,"event_name":"The Woman in Blue","floor":10,"gold_loss":0},{"damage_healed":0,"gold_gain":0,"player_choice":"Lose Max HP","damage_taken":0,"relics_obtained":["Golden Idol"],"max_hp_gain":0,"max_hp_loss":6,"event_name":"Golden Idol","floor":14,"gold_loss":0}],"is_beta":false,"boss_relics":[],"items_purged_floors":[],"is_endless":false,"potions_floor_spawned":[1,2,5],"killed_by":"The Guardian","ascension_level":2}