{"gold_per_floor":[113,188,288,301,316,316,332,344,344,362,17,17,17,36,36,138,138,155,155,254,265,340,340,351,351,378,392,392,409,21,21,21,123,173,184,184,196,215,215,279,299,299,299,299,328,409,409,427,427,427],"floor_reached":50,"playtime":3185,"items_purged":["Dualcast","Strike_B"],"score":866,"play_id":"874a820c-14d0-42b5-9cec-b23b7a549a0d","local_time":"20190729224302","is_ascension_mode":true,"campfire_choices":[{"floor":6,"key":"REST"},{"floor":12,"key":"REST"},{"floor":15,"key":"REST"},{"floor":23,"key":"REST"},{"floor":25,"key":"REST"},{"floor":28,"key":"REST"},{"data":"Zap","floor":32,"key":"SMITH"},{"data":"Apotheosis","floor":42,"key":"SMITH"},{"data":"Redo","floor":44,"key":"SMITH"},{"floor":47,"key":"REST"},{"floor":49,"key":"RECALL"}],"neow_cost":"PERCENT_DAMAGE","seed_source_timestamp":1546569101704946,"circlet_count":0,"master_deck":["AscendersBane","Strike_B","Strike_B","Defend_B","Defend_B","Defend_B","Defend_B","Zap+1","The Bomb","Panache","Loop","Undo","Beam Cell","Go for the Eyes","BootSequence","Conserve Battery","Finesse","All For One","Conserve Battery","Go for the Eyes+1","Echo Form","Chill","Streamline","Reinforced Body+1","Chill+1","Double Energy+1","Blind","Go for the Eyes","Electrodynamics","Redo+1","Redo+1","Apotheosis+1","Defragment+1","Cold Snap","Force Field","Reprogram+1"],"relics":["Cracked Core","Boot","Lizard Tail","Juzu Bracelet","Blood Vial","Tiny House","Tiny Chest","Ornamental Fan","Mercury Hourglass"],"potions_floor_usage":[16,16,16,33,33,33,45,50],"damage_taken":[{"damage":9,"enemies":"Cultist","floor":1,"turns":5},{"damage":13,"enemies":"Small Slimes","floor":4,"turns":4},{"damage":6,"enemies":"2 Louse","floor":5,"turns":4},{"damage":13,"enemies":"Red Slaver","floor":7,"turns":5},{"damage":7,"enemies":"Looter","floor":8,"turns":3},{"damage":11,"enemies":"3 Louse","floor":10,"turns":3},{"damage":0,"enemies":"Blue Slaver","floor":14,"turns":4},{"damage":0,"enemies":"Slime Boss","floor":16,"turns":5},{"damage":32,"enemies":"Spheric Guardian","floor":18,"turns":6},{"damage":10,"enemies":"Chosen","floor":21,"turns":6},{"damage":11,"enemies":"Centurion and Healer","floor":24,"turns":9},{"damage":33,"enemies":"Snake Plant","floor":27,"turns":7},{"damage":1,"enemies":"Snecko","floor":29,"turns":5},{"damage":21,"enemies":"Automaton","floor":33,"turns":9},{"damage":28,"enemies":"3 Darklings","floor":35,"turns":7},{"damage":6,"enemies":"3 Shapes","floor":37,"turns":6},{"damage":9,"enemies":"3 Darklings","floor":38,"turns":5},{"damage":4,"enemies":"Nemesis","floor":40,"turns":11},{"damage":0,"enemies":"4 Shapes","floor":41,"turns":5},{"damage":69,"enemies":"Giant Head","floor":45,"turns":10},{"damage":7,"enemies":"Sphere and 2 Shapes","floor":48,"turns":6},{"damage":75,"enemies":"Time Eater","floor":50,"turns":5}],"seed_played":"-6936523593935192830","potions_obtained":[{"floor":7,"key":"Poison Potion"},{"floor":8,"key":"AttackPotion"},{"floor":10,"key":"FearPotion"},{"floor":16,"key":"LiquidBronze"},{"floor":21,"key":"FocusPotion"},{"floor":24,"key":"FearPotion"},{"floor":33,"key":"PowerPotion"},{"floor":34,"key":"Energy Potion"},{"floor":37,"key":"Explosive Potion"}],"is_trial":false,"path_per_floor":["M","?","?","M","M","R","M","M","T","M","$","R","?","M","R","B",null,"M","?","?","M","?","R","M","R","T","M","R","M","$","?","R","B",null,"M","?","M","M","?","E","M","R","T","R","E","T","R","M","R","B"],"character_chosen":"DEFECT","items_purchased":["Finesse","All For One","Conserve Battery","Blood Vial","Blind","Go for the Eyes"],"campfire_rested":7,"item_purchase_floors":[11,11,11,30,30,30],"current_hp_per_floor":[41,30,30,17,11,33,20,13,13,2,2,24,24,24,46,46,68,36,22,22,12,4,28,17,41,41,8,32,31,31,57,57,38,75,49,49,45,38,74,70,72,72,72,72,5,5,27,22,22,0],"gold":427,"neow_bonus":"RANDOM_COLORLESS_2","is_prod":false,"is_daily":false,"chose_seed":false,"campfire_upgraded":3,"win_rate":0,"timestamp":1564458182,"path_taken":["M","?","?","?","M","R","M","M","T","M","?","R","?","?","R","BOSS","M","?","?","M","?","R","M","R","T","M","R","M","$","?","R","BOSS","M","?","M","M","?","E","M","R","T","R","E","?","R","M","R","BOSS"],"build_version":"2019-07-17","purchased_purges":2,"victory":false,"max_hp_per_floor":[75,75,75,75,75,75,75,75,75,75,75,75,75,75,75,75,75,75,80,80,80,80,80,80,80,80,80,80,80,80,80,80,80,85,85,85,85,85,74,74,74,74,74,74,74,74,74,74,74,74],"card_choices":[{"not_picked":["Leap","Melter"],"picked":"Loop","floor":1},{"not_picked":["Force Field","Sweeping Beam"],"picked":"Undo","floor":4},{"not_picked":["Barrage","Steam Power"],"picked":"Beam Cell","floor":5},{"not_picked":["Coolheaded","Recycle"],"picked":"Go for the Eyes","floor":7},{"not_picked":["Cold Snap","Ball Lightning"],"picked":"BootSequence","floor":8},{"not_picked":["Go for the Eyes","Streamline"],"picked":"Conserve Battery","floor":10},{"not_picked":["Stack","Ball Lightning"],"picked":"Go for the Eyes","floor":14},{"not_picked":["Rainbow","Meteor Strike"],"picked":"Echo Form","floor":16},{"not_picked":["Rebound","Coolheaded+1"],"picked":"Chill","floor":18},{"not_picked":["Redo","Leap"],"picked":"Streamline","floor":21},{"not_picked":["Barrage+1","Turbo"],"picked":"Reinforced Body+1","floor":24},{"not_picked":["Cold Snap","Rebound"],"picked":"Chill+1","floor":27},{"not_picked":["Chill","Turbo"],"picked":"Double Energy+1","floor":29},{"not_picked":["Buffer","All For One"],"picked":"Electrodynamics","floor":33},{"not_picked":["Streamline","Heatsinks"],"picked":"Redo","floor":34},{"not_picked":["BootSequence+1","Steam Power+1"],"picked":"Redo+1","floor":35},{"not_picked":["Sadistic Nature","Chrysalis"],"picked":"Apotheosis","floor":36},{"not_picked":["Force Field","Double Energy"],"picked":"Defragment+1","floor":37},{"not_picked":["Streamline","Aggregate+1"],"picked":"Cold Snap","floor":38},{"not_picked":["Leap+1","Ball Lightning+1","Static Discharge"],"picked":"SKIP","floor":40},{"not_picked":["Undo","Self Repair+1","Sweeping Beam+1"],"picked":"SKIP","floor":41},{"not_picked":["Amplify","Blizzard+1"],"picked":"Force Field","floor":45},{"not_picked":["Hologram","Streamline+1"],"picked":"Reprogram+1","floor":48}],"player_experience":2566813,"relics_obtained":[{"floor":9,"key":"Boot"},{"floor":26,"key":"Juzu Bracelet"},{"floor":40,"key":"Tiny Chest"},{"floor":43,"key":"Ornamental Fan"},{"floor":45,"key":"Mercury Hourglass"}],"event_choices":[{"damage_healed":0,"gold_gain":75,"player_choice":"Gather Gold","damage_taken":11,"max_hp_gain":0,"max_hp_loss":0,"event_name":"World of Goop","floor":2,"gold_loss":0},{"damage_healed":0,"gold_gain":100,"player_choice":"Pray","damage_taken":0,"max_hp_gain":0,"max_hp_loss":0,"event_name":"Golden Shrine","floor":3,"gold_loss":0},{"cards_removed":["Strike_B"],"damage_healed":0,"gold_gain":0,"player_choice":"Purged","damage_taken":0,"max_hp_gain":0,"max_hp_loss":0,"event_name":"Purifier","floor":13,"gold_loss":0},{"damage_healed":0,"gold_gain":0,"player_choice":"Shed Blood","damage_taken":19,"max_hp_gain":5,"max_hp_loss":0,"event_name":"Forgotten Altar","floor":19,"gold_loss":0},{"damage_healed":0,"gold_gain":99,"player_choice":"Stole From Cult","damage_taken":0,"max_hp_gain":0,"max_hp_loss":0,"event_name":"Nest","floor":20,"gold_loss":0},{"damage_healed":0,"gold_gain":75,"player_choice":"Touch","damage_taken":8,"max_hp_gain":0,"max_hp_loss":0,"event_name":"FaceTrader","floor":22,"gold_loss":0},{"damage_healed":26,"gold_gain":0,"player_choice":"Heal","damage_taken":0,"max_hp_gain":0,"max_hp_loss":0,"event_name":"The Library","floor":31,"gold_loss":0},{"damage_healed":0,"gold_gain":0,"player_choice":"Memory 1","damage_taken":0,"max_hp_gain":0,"max_hp_loss":0,"event_name":"SensoryStone","floor":36,"gold_loss":0},{"damage_healed":74,"gold_gain":0,"player_choice":"Heal","damage_taken":0,"max_hp_gain":0,"max_hp_loss":11,"event_name":"The Moai Head","floor":39,"gold_loss":0}],"is_beta":false,"boss_relics":[{"not_picked":["Runic Dome","Pandora\u0027s Box"],"picked":"Lizard Tail"},{"not_picked":["Black Star","Velvet Choker"],"picked":"Tiny House"}],"items_purged_floors":[11,30],"is_endless":false,"potions_floor_spawned":[7,8,10,16,21,24,33,37],"killed_by":"Time Eater","ascension_level":10}