{"gold_per_floor":[118,135,210,210,227,227,245,245,325,353,366,378,390,390,390,390],"floor_reached":16,"playtime":737,"items_purged":[],"score":114,"play_id":"46c4244a-ef05-46dd-81af-227ee2d0456c","local_time":"20181118212928","is_ascension_mode":true,"campfire_choices":[{"data":"Zap","floor":6,"key":"SMITH"},{"data":"FTL","floor":8,"key":"SMITH"},{"floor":15,"key":"REST"}],"neow_cost":"NONE","seed_source_timestamp":361729877381354,"circlet_count":0,"master_deck":["Strike_B","Strike_B","Strike_B+1","Strike_B+1","Defend_B","Defend_B","Defend_B","Defend_B","Zap+1","Dualcast","Capacitor","Capacitor","FTL+1","Defragment","BootSequence"],"relics":["Cracked Core","NeowsBlessing","Pen Nib","The Courier","DataDisk"],"potions_floor_usage":[16,16],"damage_taken":[{"damage":0,"enemies":"Small Slimes","floor":1,"turns":1},{"damage":0,"enemies":"Jaw Worm","floor":2,"turns":1},{"damage":0,"enemies":"Cultist","floor":5,"turns":1},{"damage":0,"enemies":"Exordium Wildlife","floor":7,"turns":4},{"damage":30,"enemies":"Gremlin Nob","floor":10,"turns":4},{"damage":7,"enemies":"3 Louse","floor":11,"turns":4},{"damage":4,"enemies":"Large Slime","floor":12,"turns":5},{"damage":4,"enemies":"Red Slaver","floor":13,"turns":3},{"damage":54,"enemies":"Slime Boss","floor":16,"turns":6}],"seed_played":"2649955213194997466","potions_obtained":[{"floor":1,"key":"Strength Potion"},{"floor":2,"key":"FairyPotion"},{"floor":10,"key":"SkillPotion"},{"floor":13,"key":"Block Potion"}],"is_trial":false,"path_per_floor":["M","M","?","?","M","R","M","R","T","E","M","M","M","?","R","B"],"character_chosen":"DEFECT","items_purchased":[],"campfire_rested":1,"item_purchase_floors":[],"current_hp_per_floor":[75,75,64,64,64,64,64,64,64,34,27,23,19,4,26,0],"gold":390,"neow_bonus":"THREE_ENEMY_KILL","is_prod":false,"is_daily":false,"chose_seed":false,"campfire_upgraded":2,"win_rate":0,"timestamp":1542598168,"path_taken":["M","M","?","?","M","R","M","R","T","E","M","?","M","?","R","BOSS"],"build_version":"2018-11-15","purchased_purges":0,"victory":false,"max_hp_per_floor":[75,75,75,75,75,75,75,75,75,75,75,75,75,75,75,75],"card_choices":[{"not_picked":["Chaos","Sweeping Beam"],"picked":"Capacitor","floor":1},{"not_picked":["Reinforced Body","Barrage"],"picked":"Capacitor","floor":2},{"not_picked":["Tempest","Storm","White Noise"],"picked":"SKIP","floor":5},{"not_picked":["Undo","Ball Lightning"],"picked":"FTL","floor":7},{"not_picked":["Melter","Leap","Steam Power"],"picked":"SKIP","floor":10},{"not_picked":["Beam Cell","Reprogram"],"picked":"Defragment","floor":11},{"not_picked":["Redo","Sweeping Beam"],"picked":"BootSequence","floor":12},{"not_picked":["Coolheaded","Go for the Eyes","White Noise"],"picked":"SKIP","floor":13}],"player_experience":373975,"relics_obtained":[{"floor":9,"key":"The Courier"},{"floor":10,"key":"DataDisk"}],"event_choices":[{"damage_healed":0,"gold_gain":75,"player_choice":"Gather Gold","damage_taken":11,"max_hp_gain":0,"max_hp_loss":0,"event_name":"World of Goop","floor":3,"gold_loss":0},{"damage_healed":0,"gold_gain":0,"player_choice":"Gave Potion","damage_taken":0,"relics_obtained":["Pen Nib"],"max_hp_gain":0,"max_hp_loss":0,"event_name":"WeMeetAgain","floor":4,"gold_loss":0},{"damage_healed":0,"gold_gain":0,"player_choice":"Entered Light","damage_taken":15,"max_hp_gain":0,"max_hp_loss":0,"event_name":"Shining Light","floor":14,"gold_loss":0,"cards_upgraded":["Strike_B","Strike_B"]}],"is_beta":false,"boss_relics":[],"items_purged_floors":[],"is_endless":false,"potions_floor_spawned":[1,2,10,13],"killed_by":"Slime Boss","ascension_level":2}