{"gold_per_floor":[118,134,234,244,244,244,244,257,282,282,295,351,362,12,12,108,108,118,136,136,151,166,166,66,66,66,66],"floor_reached":27,"playtime":1331,"items_purged":["Dualcast","Strike_B"],"score":328,"play_id":"afa4746a-ba2c-4db6-a503-0d9869f47499","local_time":"20190826222919","is_ascension_mode":true,"campfire_choices":[{"data":"Zap","floor":6,"key":"SMITH"},{"data":"Defend_B","floor":10,"key":"SMITH"},{"floor":15,"key":"REST"},{"floor":23,"key":"REST"},{"data":"BootSequence","floor":25,"key":"SMITH"}],"neow_cost":"NONE","seed_source_timestamp":1110750916490200,"circlet_count":0,"master_deck":["AscendersBane","Strike_B","Strike_B","Strike_B","Defend_B","Defend_B","Defend_B","Defend_B+1","Zap+1","BootSequence+1","FTL","Electrodynamics","Reinforced Body","Chill","Capacitor"],"relics":["Cracked Core","NeowsBlessing","Regal Pillow","Ancient Tea Set","Turnip","Singing Bowl","Lizard Tail","Boot","Blood Vial"],"potions_floor_usage":[12,12,16,27],"damage_taken":[{"damage":0,"enemies":"Jaw Worm","floor":1,"turns":1},{"damage":0,"enemies":"Cultist","floor":2,"turns":1},{"damage":0,"enemies":"Small Slimes","floor":4,"turns":1},{"damage":11,"enemies":"Blue Slaver","floor":8,"turns":4},{"damage":7,"enemies":"3 Louse","floor":11,"turns":4},{"damage":33,"enemies":"Gremlin Nob","floor":12,"turns":4},{"damage":8,"enemies":"Exordium Wildlife","floor":13,"turns":5},{"damage":22,"enemies":"The Guardian","floor":16,"turns":16},{"damage":4,"enemies":"Spheric Guardian","floor":18,"turns":4},{"damage":16,"enemies":"3 Byrds","floor":19,"turns":3},{"damage":42,"enemies":"Centurion and Healer","floor":21,"turns":9},{"damage":24,"enemies":"Cultist and Chosen","floor":22,"turns":8},{"damage":85,"enemies":"Gremlin Leader","floor":27,"turns":9}],"seed_played":"-2805593507136105315","potions_obtained":[{"floor":4,"key":"LiquidBronze"},{"floor":11,"key":"PowerPotion"},{"floor":12,"key":"Fire Potion"},{"floor":22,"key":"EssenceOfSteel"}],"is_trial":false,"path_per_floor":["M","M","?","M","?","R","?","M","T","R","M","?","M","$","R","B",null,"M","M","?","M","M","R","$","R","T","E"],"character_chosen":"DEFECT","items_purchased":["Singing Bowl","FTL"],"campfire_rested":2,"item_purchase_floors":[14,14],"current_hp_per_floor":[68,68,68,68,73,73,70,59,59,59,52,19,11,11,50,28,67,63,49,49,7,27,66,66,66,66,0],"gold":66,"neow_bonus":"THREE_ENEMY_KILL","is_prod":false,"is_daily":false,"chose_seed":false,"campfire_upgraded":3,"win_rate":0,"timestamp":1566876559,"path_taken":["M","M","?","?","?","R","?","M","T","R","M","?","M","?","R","BOSS","M","M","?","M","M","R","$","R","T","E"],"build_version":"2019-07-17","purchased_purges":2,"victory":false,"max_hp_per_floor":[75,75,75,75,80,80,80,80,80,80,80,80,80,80,80,80,80,80,82,82,82,82,82,82,82,82,82],"card_choices":[{"not_picked":["Beam Cell","Go for the Eyes","Undo"],"picked":"SKIP","floor":1},{"not_picked":["Heatsinks","Undo","Rebound"],"picked":"SKIP","floor":2},{"not_picked":["Go for the Eyes","Force Field","Genetic Algorithm"],"picked":"SKIP","floor":4},{"not_picked":["Stack","Steam","Skim"],"picked":"SKIP","floor":8},{"not_picked":["Compile Driver","Rainbow","Barrage"],"picked":"SKIP","floor":11},{"not_picked":["Steam","Streamline"],"picked":"BootSequence","floor":12},{"not_picked":["Double Energy","Sweeping Beam","Hologram"],"picked":"SKIP","floor":13},{"not_picked":["Fission","Buffer"],"picked":"Electrodynamics","floor":16},{"not_picked":["Barrage","Ball Lightning"],"picked":"Reinforced Body","floor":18},{"not_picked":["Redo","Stack","Rebound"],"picked":"Singing Bowl","floor":19},{"not_picked":["Storm","Tempest+1"],"picked":"Chill","floor":21},{"not_picked":["Turbo","Gash"],"picked":"Capacitor","floor":22}],"player_experience":2918934,"relics_obtained":[{"floor":9,"key":"Ancient Tea Set"},{"floor":12,"key":"Turnip"},{"floor":26,"key":"Blood Vial"}],"event_choices":[{"damage_healed":0,"gold_gain":100,"player_choice":"Pray","damage_taken":0,"max_hp_gain":0,"max_hp_loss":0,"event_name":"Golden Shrine","floor":3,"gold_loss":0},{"damage_healed":0,"gold_gain":0,"player_choice":"Donut","damage_taken":0,"max_hp_gain":5,"max_hp_loss":0,"event_name":"Big Fish","floor":5,"gold_loss":0},{"damage_healed":0,"gold_gain":0,"player_choice":"Success","damage_taken":3,"relics_obtained":["Regal Pillow"],"max_hp_gain":0,"max_hp_loss":0,"event_name":"Scrap Ooze","floor":7,"gold_loss":0},{"damage_healed":0,"gold_gain":0,"player_choice":"Searched \u00272\u0027 times","damage_taken":0,"max_hp_gain":0,"max_hp_loss":0,"event_name":"Dead Adventurer","floor":12,"gold_loss":0},{"damage_healed":0,"gold_gain":0,"player_choice":"Opened","damage_taken":0,"relics_obtained":["Boot"],"max_hp_gain":0,"max_hp_loss":0,"event_name":"The Mausoleum","floor":20,"gold_loss":0}],"is_beta":false,"boss_relics":[{"not_picked":["Runic Dome","Snecko Eye"],"picked":"Lizard Tail"}],"items_purged_floors":[14,24],"is_endless":false,"potions_floor_spawned":[4,11,12,22],"killed_by":"Gremlin Leader","ascension_level":12}