{"gold_per_floor":[118,137,156,171,171,171,27,39,39,39,0,0,17,31,31,133,133,58,58,68,68],"floor_reached":21,"playtime":16585,"items_purged":["Dualcast"],"score":257,"play_id":"6b56f8ef-7a7a-45ef-84be-ccfda3f10c0b","local_time":"20190727214225","is_ascension_mode":true,"campfire_choices":[{"floor":6,"key":"REST"},{"data":"Zap","floor":10,"key":"SMITH"},{"data":"Glacier","floor":12,"key":"SMITH"},{"data":"Loop","floor":15,"key":"SMITH"}],"neow_cost":"NONE","seed_source_timestamp":1356568273084377,"circlet_count":0,"master_deck":["AscendersBane","Strike_B","Strike_B","Strike_B","Strike_B","Defend_B","Defend_B","Defend_B","Defend_B","Zap+1","Conserve Battery","Glacier+1","Loop+1","Capacitor","Buffer","BootSequence+1","Compile Driver"],"relics":["Cracked Core","NeowsBlessing","Centennial Puzzle","Lizard Tail"],"potions_floor_usage":[16],"damage_taken":[{"damage":0,"enemies":"Cultist","floor":1,"turns":1},{"damage":0,"enemies":"Small Slimes","floor":2,"turns":1},{"damage":0,"enemies":"2 Louse","floor":3,"turns":1},{"damage":15,"enemies":"Exordium Thugs","floor":4,"turns":10},{"damage":9,"enemies":"2 Fungi Beasts","floor":8,"turns":4},{"damage":7,"enemies":"Blue Slaver","floor":13,"turns":4},{"damage":1,"enemies":"Exordium Wildlife","floor":14,"turns":4},{"damage":53,"enemies":"Slime Boss","floor":16,"turns":16},{"damage":24,"enemies":"2 Thieves","floor":18,"turns":5},{"damage":17,"enemies":"Chosen","floor":20,"turns":7},{"damage":58,"enemies":"Snake Plant","floor":21,"turns":9}],"seed_played":"-8892162748659907544","potions_obtained":[{"floor":2,"key":"Explosive Potion"},{"floor":3,"key":"SkillPotion"},{"floor":13,"key":"Block Potion"},{"floor":20,"key":"Energy Potion"}],"is_trial":false,"path_per_floor":["M","M","M","M","?","R","$","M","T","R","$","R","M","M","R","B",null,"M","?","M","M"],"character_chosen":"DEFECT","items_purchased":["Loop","Capacitor"],"campfire_rested":1,"item_purchase_floors":[7,11],"current_hp_per_floor":[68,68,68,53,53,75,75,66,66,66,66,66,59,58,58,5,58,34,34,17,0],"gold":68,"neow_bonus":"THREE_ENEMY_KILL","is_prod":false,"is_daily":false,"chose_seed":false,"campfire_upgraded":3,"win_rate":0,"timestamp":1564281745,"path_taken":["M","?","M","M","?","R","$","M","T","R","$","R","?","M","R","BOSS","M","?","M","M"],"build_version":"2019-07-17","purchased_purges":1,"victory":false,"max_hp_per_floor":[75,75,75,75,75,75,75,75,75,75,75,75,75,75,75,75,75,75,75,75,75],"card_choices":[{"not_picked":["Rebound","Turbo"],"picked":"Conserve Battery","floor":1},{"not_picked":["Coolheaded","Turbo","Tempest"],"picked":"SKIP","floor":2},{"not_picked":["Gash","Cold Snap"],"picked":"Glacier","floor":3},{"not_picked":["Rip and Tear","Stack","Turbo"],"picked":"SKIP","floor":4},{"not_picked":["Turbo","Force Field","Barrage"],"picked":"SKIP","floor":8},{"not_picked":["Reprogram","Leap","Coolheaded"],"picked":"SKIP","floor":13},{"not_picked":["Meteor Strike","Force Field","Leap"],"picked":"SKIP","floor":14},{"not_picked":["Biased Cognition","Creative AI"],"picked":"Buffer","floor":16},{"not_picked":["Coolheaded","Beam Cell"],"picked":"BootSequence+1","floor":18},{"not_picked":["Leap","Turbo","Melter"],"picked":"SKIP","floor":20}],"player_experience":2531965,"relics_obtained":[],"event_choices":[{"damage_healed":0,"gold_gain":0,"player_choice":"Gave Potion","damage_taken":0,"relics_obtained":["Centennial Puzzle"],"max_hp_gain":0,"max_hp_loss":0,"event_name":"WeMeetAgain","floor":5,"gold_loss":0},{"damage_healed":0,"gold_gain":0,"player_choice":"1 cards matched","damage_taken":0,"max_hp_gain":0,"max_hp_loss":0,"event_name":"Match and Keep!","floor":19,"gold_loss":0,"cards_obtained":["Compile Driver"]}],"is_beta":false,"boss_relics":[{"not_picked":["Empty Cage","Snecko Eye"],"picked":"Lizard Tail"}],"items_purged_floors":[7],"is_endless":false,"potions_floor_spawned":[2,3,13,20],"killed_by":"Snake Plant","ascension_level":10}