{"gold_per_floor":[111,111,111,131,148,148,160,190,243,255,255,330,347,364,364,465,465,438,438,378,406,21,21,21,39,39,51,51,66,66,76,76,76],"floor_reached":33,"playtime":6114,"items_purged":["Writhe","Strike_B"],"score":359,"play_id":"168453b6-3f09-4192-93fc-bae4596c5369","local_time":"20190729172107","is_ascension_mode":true,"campfire_choices":[{"data":"Zap","floor":6,"key":"SMITH"},{"data":"Glacier","floor":11,"key":"SMITH"},{"floor":15,"key":"REST"},{"floor":23,"key":"REST"},{"floor":32,"key":"REST"}],"neow_cost":"NONE","seed_source_timestamp":1524324945590736,"circlet_count":0,"master_deck":["AscendersBane","Strike_B","Strike_B","Defend_B","Defend_B","Defend_B","Defend_B","Zap+1","Streamline","Cold Snap","Glacier+1","Undo","Conserve Battery","Seek","FTL+1","The Bomb"],"relics":["Cracked Core","DataDisk","Fusion Hammer","The Courier","Red Mask","Medical Kit","Nloth\u0027s Gift"],"potions_floor_usage":[16,16,16,33,33,33],"damage_taken":[{"damage":4,"enemies":"Jaw Worm","floor":1,"turns":5},{"damage":0,"enemies":"Small Slimes","floor":4,"turns":3},{"damage":1,"enemies":"Cultist","floor":5,"turns":4},{"damage":6,"enemies":"Looter","floor":7,"turns":3},{"damage":2,"enemies":"3 Louse","floor":10,"turns":3},{"damage":0,"enemies":"Large Slime","floor":13,"turns":5},{"damage":0,"enemies":"2 Fungi Beasts","floor":14,"turns":4},{"damage":14,"enemies":"The Guardian","floor":16,"turns":14},{"damage":6,"enemies":"2 Thieves","floor":18,"turns":5},{"damage":27,"enemies":"Masked Bandits","floor":21,"turns":6},{"damage":4,"enemies":"Shell Parasite","floor":25,"turns":7},{"damage":8,"enemies":"Snake Plant","floor":27,"turns":4},{"damage":11,"enemies":"3 Cultists","floor":29,"turns":4},{"damage":0,"enemies":"Shelled Parasite and Fungi","floor":31,"turns":7},{"damage":70,"enemies":"Champ","floor":33,"turns":14}],"seed_played":"-4016575308907546911","potions_obtained":[{"floor":1,"key":"Ancient Potion"},{"floor":7,"key":"Strength Potion"},{"floor":14,"key":"FocusPotion"},{"floor":21,"key":"Explosive Potion"},{"floor":27,"key":"AttackPotion"},{"floor":31,"key":"LiquidBronze"}],"is_trial":false,"path_per_floor":["M","?","?","M","M","R","M","?","T","M","R","?","M","M","R","B",null,"M","?","$","?","$","R","?","M","T","M","?","M","?","M","R","B"],"character_chosen":"DEFECT","items_purchased":["Medical Kit","The Bomb"],"campfire_rested":3,"item_purchase_floors":[22,22],"current_hp_per_floor":[64,69,69,69,68,68,62,62,62,60,60,49,49,49,73,59,75,69,69,69,42,42,66,66,62,62,54,54,43,43,43,67,0],"gold":76,"neow_bonus":"REMOVE_CARD","is_prod":false,"is_daily":false,"chose_seed":false,"campfire_upgraded":2,"win_rate":0,"timestamp":1564438867,"path_taken":["M","?","?","M","M","R","?","?","T","M","R","?","M","M","R","BOSS","M","?","$","?","$","R","?","?","T","M","?","M","?","M","R","BOSS"],"build_version":"2019-07-17","purchased_purges":2,"victory":false,"max_hp_per_floor":[75,80,80,80,80,80,80,80,80,80,80,80,80,80,80,80,80,80,80,80,80,80,80,80,80,80,80,80,80,80,80,80,80],"card_choices":[{"not_picked":["Blizzard","Steam","Barrage"],"picked":"SKIP","floor":1},{"not_picked":["Go for the Eyes","Compile Driver"],"picked":"Streamline","floor":4},{"not_picked":["Beam Cell","Streamline"],"picked":"Cold Snap","floor":5},{"not_picked":["Rebound","Coolheaded"],"picked":"Glacier","floor":7},{"not_picked":["Multi-Cast","Barrage"],"picked":"Undo","floor":10},{"not_picked":["Gash","Hologram"],"picked":"Conserve Battery","floor":13},{"not_picked":["Gash","Turbo","Leap"],"picked":"SKIP","floor":14},{"not_picked":["Multi-Cast","Thunder Strike"],"picked":"Seek","floor":16},{"not_picked":["Coolheaded","Redo","Steam Power"],"picked":"SKIP","floor":18},{"not_picked":["Redo","Cold Snap"],"picked":"FTL+1","floor":21},{"not_picked":["Glacier","Turbo","Sweeping Beam"],"picked":"SKIP","floor":25},{"not_picked":["Consume","Leap","Rainbow"],"picked":"SKIP","floor":27},{"not_picked":["Sweeping Beam","Streamline","Gash"],"picked":"SKIP","floor":27},{"not_picked":["Beam Cell+1","Sweeping Beam","White Noise+1"],"picked":"SKIP","floor":29},{"not_picked":["Compile Driver","Sweeping Beam","Stack+1"],"picked":"SKIP","floor":29},{"not_picked":["Storm","Beam Cell","Leap"],"picked":"SKIP","floor":31}],"player_experience":2560699,"relics_obtained":[{"floor":3,"key":"DataDisk"},{"floor":21,"key":"Red Mask"},{"floor":26,"key":"Prayer Wheel"}],"event_choices":[{"damage_healed":0,"gold_gain":0,"player_choice":"Donut","damage_taken":0,"max_hp_gain":5,"max_hp_loss":0,"event_name":"Big Fish","floor":2,"gold_loss":0},{"damage_healed":0,"gold_gain":0,"player_choice":"Relic","damage_taken":0,"max_hp_gain":0,"max_hp_loss":0,"event_name":"Wheel of Change","floor":3,"gold_loss":0},{"damage_healed":0,"gold_gain":30,"player_choice":"Searched \u00271\u0027 times","damage_taken":0,"max_hp_gain":0,"max_hp_loss":0,"event_name":"Dead Adventurer","floor":8,"gold_loss":0},{"damage_healed":0,"gold_gain":75,"player_choice":"Gather Gold","damage_taken":11,"max_hp_gain":0,"max_hp_loss":0,"event_name":"World of Goop","floor":12,"gold_loss":0},{"damage_healed":0,"gold_gain":0,"player_choice":"Opened","damage_taken":0,"relics_obtained":["The Courier"],"max_hp_gain":0,"max_hp_loss":0,"event_name":"The Mausoleum","floor":19,"gold_loss":0,"cards_obtained":["Writhe"]},{"damage_healed":0,"gold_gain":0,"player_choice":"Fought Bandits","damage_taken":0,"max_hp_gain":0,"max_hp_loss":0,"event_name":"Masked Bandits","floor":21,"gold_loss":0},{"cards_removed":["Strike_B"],"damage_healed":0,"gold_gain":0,"player_choice":"Offered Basic","damage_taken":0,"max_hp_gain":0,"max_hp_loss":0,"event_name":"Bonfire Elementals","floor":24,"gold_loss":0},{"damage_healed":0,"gold_gain":0,"player_choice":"Traded Relic","damage_taken":0,"relics_obtained":["Nloth\u0027s Gift"],"max_hp_gain":0,"max_hp_loss":0,"event_name":"N\u0027loth","floor":30,"relics_lost":["Prayer Wheel"],"gold_loss":0}],"is_beta":false,"boss_relics":[{"not_picked":["Black Star","Orrery"],"picked":"Fusion Hammer"}],"items_purged_floors":[20,22],"is_endless":false,"potions_floor_spawned":[1,7,14,21,27,31],"killed_by":"Champ","ascension_level":10}