{"gold_per_floor":[111,111,111,111,111,145,70,91,142,165,165,206,221,221,221,221],"floor_reached":16,"playtime":423,"items_purged":["Injury"],"score":113,"play_id":"37c60dab-49fb-4e90-a962-12d7858779ac","local_time":"20190818220404","is_ascension_mode":true,"campfire_choices":[{"floor":11,"key":"REST"},{"floor":15,"key":"REST"}],"neow_cost":"NONE","seed_source_timestamp":296681675556760,"circlet_count":0,"master_deck":["Strike_R","Strike_R","Strike_R","Strike_R","Strike_R","Defend_R","Defend_R","Defend_R","Defend_R","Bash","Limit Break","Intimidate+1","Pummel","Rampage","Flame Barrier"],"relics":["Burning Blood","PreservedInsect","Golden Idol","Shuriken","Happy Flower","Molten Egg 2"],"potions_floor_usage":[6,13],"damage_taken":[{"damage":0,"enemies":"Small Slimes","floor":1,"turns":3},{"damage":52,"enemies":"Gremlin Nob","floor":6,"turns":6},{"damage":11,"enemies":"Jaw Worm","floor":8,"turns":4},{"damage":9,"enemies":"2 Louse","floor":10,"turns":3},{"damage":22,"enemies":"3 Sentries","floor":12,"turns":6},{"damage":10,"enemies":"Looter","floor":13,"turns":4},{"damage":0,"enemies":"Slime Boss","floor":16,"turns":1}],"seed_played":"6572458128812972059","potions_obtained":[{"floor":1,"key":"EssenceOfSteel"},{"floor":8,"key":"FearPotion"},{"floor":12,"key":"Swift Potion"}],"is_trial":false,"path_per_floor":["M","?","?","?","?","E","$","M","T","M","R","E","M","?","R","B"],"character_chosen":"IRONCLAD","items_purchased":[],"campfire_rested":2,"item_purchase_floors":[],"current_hp_per_floor":[80,80,68,68,68,22,22,17,17,14,38,22,18,18,42,42],"gold":221,"neow_bonus":"ONE_RANDOM_RARE_CARD","is_prod":false,"is_daily":false,"chose_seed":false,"campfire_upgraded":0,"win_rate":0,"timestamp":1566180244,"path_taken":["M","?","?","?","?","E","?","M","T","?","R","E","M","?","R","BOSS"],"build_version":"2019-07-17","purchased_purges":1,"victory":false,"max_hp_per_floor":[80,80,80,80,80,80,80,80,80,80,80,80,80,80,80,80],"card_choices":[{"not_picked":["Entrench","Rage"],"picked":"Intimidate","floor":1},{"not_picked":["Shrug It Off","Sever Soul"],"picked":"Pummel","floor":6},{"not_picked":["Thunderclap","Corruption","Perfected Strike"],"picked":"SKIP","floor":8},{"not_picked":["Intimidate","Clash"],"picked":"Rampage","floor":10},{"not_picked":["Warcry","Clash"],"picked":"Flame Barrier","floor":12},{"not_picked":["Corruption","Body Slam+1","Reckless Charge+1"],"picked":"SKIP","floor":13}],"player_experience":129283,"relics_obtained":[{"floor":6,"key":"Shuriken"},{"floor":9,"key":"Happy Flower"},{"floor":12,"key":"Molten Egg 2"}],"event_choices":[{"damage_healed":0,"gold_gain":0,"player_choice":"Leave","damage_taken":0,"max_hp_gain":0,"max_hp_loss":0,"event_name":"The Cleric","floor":2,"gold_loss":0},{"damage_healed":0,"gold_gain":0,"player_choice":"Success","damage_taken":12,"relics_obtained":["PreservedInsect"],"max_hp_gain":0,"max_hp_loss":0,"event_name":"Scrap Ooze","floor":3,"gold_loss":0},{"damage_healed":0,"gold_gain":0,"player_choice":"Grow","damage_taken":0,"max_hp_gain":0,"max_hp_loss":0,"event_name":"Living Wall","floor":4,"gold_loss":0,"cards_upgraded":["Intimidate"]},{"damage_healed":0,"gold_gain":0,"player_choice":"Take Wound","damage_taken":0,"relics_obtained":["Golden Idol"],"max_hp_gain":0,"max_hp_loss":0,"event_name":"Golden Idol","floor":5,"gold_loss":0,"cards_obtained":["Injury"]},{"damage_healed":0,"gold_gain":0,"player_choice":"Ignored","damage_taken":0,"max_hp_gain":0,"max_hp_loss":0,"event_name":"Shining Light","floor":14,"gold_loss":0}],"is_beta":false,"boss_relics":[],"items_purged_floors":[7],"is_endless":false,"potions_floor_spawned":[1,8,12],"killed_by":"Slime Boss","ascension_level":1}