{"gold_per_floor":[110,35,52,65,65,93,107,136,136,101,121,121,132,132,132,228,228,242,242,253,253,253,253,265,282,307,207,207],"floor_reached":28,"playtime":1484,"items_purged":["Defend_R","Searing Blow"],"score":242,"play_id":"9294eed1-c4cc-460f-bd4f-a115a524b67f","local_time":"20190819163926","is_ascension_mode":true,"campfire_choices":[{"data":"Metallicize","floor":12,"key":"SMITH"},{"data":"Metallicize","floor":15,"key":"SMITH"},{"data":"Heavy Blade","floor":23,"key":"SMITH"}],"neow_cost":"NONE","seed_source_timestamp":362546191565584,"circlet_count":0,"master_deck":["Strike_R","Strike_R","Strike_R","Strike_R","Strike_R","Defend_R","Defend_R","Defend_R","Bash+1","Metallicize+1","Metallicize+1","Pummel","Iron Wave","Warcry","Spot Weakness","Limit Break+1","Heavy Blade+1","Wild Strike"],"relics":["Burning Blood","Blue Candle","Ancient Tea Set","Frozen Egg 2","Art of War","Pantograph","Black Star","Bottled Tornado","Strawberry"],"potions_floor_usage":[8,16],"damage_taken":[{"damage":5,"enemies":"Cultist","floor":1,"turns":4},{"damage":3,"enemies":"2 Louse","floor":3,"turns":3},{"damage":2,"enemies":"Small Slimes","floor":4,"turns":4},{"damage":35,"enemies":"3 Sentries","floor":6,"turns":12},{"damage":9,"enemies":"Blue Slaver","floor":7,"turns":4},{"damage":12,"enemies":"Lagavulin","floor":8,"turns":9},{"damage":28,"enemies":"Exordium Thugs","floor":11,"turns":6},{"damage":3,"enemies":"Exordium Wildlife","floor":13,"turns":5},{"damage":39,"enemies":"Slime Boss","floor":16,"turns":8},{"damage":28,"enemies":"Spheric Guardian","floor":18,"turns":6},{"damage":17,"enemies":"3 Byrds","floor":20,"turns":8},{"damage":24,"enemies":"Snecko","floor":24,"turns":6},{"damage":25,"enemies":"Cultist and Chosen","floor":25,"turns":7},{"damage":21,"enemies":"Snake Plant","floor":28,"turns":3}],"seed_played":"1000465768192792685","potions_obtained":[{"floor":1,"key":"SpeedPotion"},{"floor":3,"key":"Weak Potion"},{"floor":11,"key":"Fire Potion"},{"floor":25,"key":"Swift Potion"}],"is_trial":false,"path_per_floor":["M","$","M","M","?","E","M","E","T","?","M","R","M","T","R","B",null,"M","?","M","?","T","R","M","M","T","$","M"],"character_chosen":"IRONCLAD","items_purchased":[],"campfire_rested":0,"item_purchase_floors":[],"current_hp_per_floor":[80,80,80,80,80,51,48,42,42,62,40,40,43,43,43,35,80,58,58,47,47,47,47,29,10,17,17,0],"gold":207,"neow_bonus":"UPGRADE_CARD","is_prod":false,"is_daily":false,"chose_seed":false,"campfire_upgraded":3,"win_rate":0,"timestamp":1566247166,"path_taken":["M","?","?","M","?","E","?","E","T","?","M","R","M","?","R","BOSS","M","?","?","?","?","R","M","M","T","$","M"],"build_version":"2019-07-17","purchased_purges":2,"victory":false,"max_hp_per_floor":[80,80,80,80,80,80,80,80,80,80,80,80,80,80,80,80,80,80,80,80,80,80,80,80,80,87,87,87],"card_choices":[{"not_picked":["Uppercut","Flame Barrier"],"picked":"Metallicize","floor":1},{"not_picked":["Pommel Strike","Entrench"],"picked":"Metallicize","floor":3},{"not_picked":["Heavy Blade","Evolve"],"picked":"Pummel","floor":4},{"not_picked":["Reckless Charge","Heavy Blade","Sword Boomerang"],"picked":"SKIP","floor":6},{"not_picked":["Clothesline","Twin Strike"],"picked":"Iron Wave","floor":7},{"not_picked":["True Grit","Clothesline"],"picked":"Warcry","floor":8},{"not_picked":["Flame Barrier","Armaments"],"picked":"Searing Blow","floor":11},{"not_picked":["Hemokinesis","Searing Blow"],"picked":"Spot Weakness","floor":13},{"not_picked":["Impervious","Juggernaut+1"],"picked":"Limit Break","floor":16},{"not_picked":["Armaments+1","Body Slam"],"picked":"Heavy Blade","floor":18},{"not_picked":["Sword Boomerang","Shrug It Off","Ghostly Armor"],"picked":"SKIP","floor":20},{"not_picked":["Cleave","Pommel Strike","Anger"],"picked":"SKIP","floor":24},{"not_picked":["Iron Wave","Flex"],"picked":"Wild Strike","floor":25}],"player_experience":138519,"relics_obtained":[{"floor":6,"key":"Ancient Tea Set"},{"floor":8,"key":"Frozen Egg 2"},{"floor":9,"key":"Art of War"},{"floor":14,"key":"Pantograph"},{"floor":22,"key":"Bottled Tornado"},{"floor":26,"key":"Strawberry"}],"event_choices":[{"damage_healed":0,"gold_gain":0,"player_choice":"Gave Potion","damage_taken":0,"relics_obtained":["Blue Candle"],"max_hp_gain":0,"max_hp_loss":0,"event_name":"WeMeetAgain","floor":5,"gold_loss":0},{"damage_healed":20,"gold_gain":0,"player_choice":"Healed","damage_taken":0,"max_hp_gain":0,"max_hp_loss":0,"event_name":"The Cleric","floor":10,"gold_loss":35},{"damage_healed":0,"gold_gain":0,"player_choice":"Upgraded","damage_taken":0,"max_hp_gain":0,"max_hp_loss":0,"event_name":"Upgrade Shrine","floor":19,"gold_loss":0,"cards_upgraded":["Limit Break"]},{"damage_healed":0,"gold_gain":0,"player_choice":"Ignored","damage_taken":0,"max_hp_gain":0,"max_hp_loss":0,"event_name":"Vampires","floor":21,"gold_loss":0}],"is_beta":false,"boss_relics":[{"not_picked":["Runic Dome","Tiny House"],"picked":"Black Star"}],"items_purged_floors":[2,27],"is_endless":false,"potions_floor_spawned":[1,3,11,25],"killed_by":"Snake Plant","ascension_level":1}