{"gold_per_floor":[111,36,36,57,73,43,43,57,136,159,159,184,184,225,225,356,356,341,364,364,120,145,145,161,161,187,187,227,252,252],"floor_reached":30,"playtime":3397,"items_purged":["Defend_G","Strike_G"],"score":277,"play_id":"a7f92c8f-9c1c-4a52-8244-2b0560212603","local_time":"20190828133315","is_ascension_mode":false,"campfire_choices":[{"data":"Quick Slash","floor":7,"key":"SMITH"},{"data":"Dagger Spray","floor":11,"key":"SMITH"},{"data":"Predator","floor":13,"key":"SMITH"},{"floor":15,"key":"REST"},{"floor":23,"key":"REST"},{"floor":25,"key":"REST"},{"data":"Envenom","floor":27,"key":"SMITH"}],"neow_cost":"NONE","seed_source_timestamp":12541531079800,"circlet_count":0,"master_deck":["Strike_G","Strike_G","Strike_G","Strike_G","Defend_G","Defend_G","Defend_G","Defend_G","Survivor","Neutralize","Quick Slash","Quick Slash+1","Backflip","Flechettes","Predator+1","Dagger Spray+1","Noxious Fumes","Deadly Poison","Envenom+1","Deflect","Dagger Throw+1","Crippling Poison","Prepared","Slice","Terror"],"relics":["Ring of the Snake","Golden Idol","Pear","Regal Pillow","Black Star","PreservedInsect","Lantern","Orichalcum","Bag of Preparation"],"potions_floor_usage":[6,14,30],"damage_taken":[{"damage":2,"enemies":"2 Louse","floor":1,"turns":3},{"damage":6,"enemies":"Jaw Worm","floor":4,"turns":6},{"damage":5,"enemies":"Small Slimes","floor":5,"turns":4},{"damage":2,"enemies":"Looter","floor":6,"turns":4},{"damage":5,"enemies":"3 Louse","floor":8,"turns":3},{"damage":0,"enemies":"Large Slime","floor":10,"turns":4},{"damage":9,"enemies":"2 Fungi Beasts","floor":12,"turns":3},{"damage":18,"enemies":"Lagavulin","floor":14,"turns":7},{"damage":31,"enemies":"Hexaghost","floor":16,"turns":11},{"damage":38,"enemies":"2 Thieves","floor":18,"turns":5},{"damage":23,"enemies":"Chosen","floor":19,"turns":5},{"damage":32,"enemies":"Shelled Parasite and Fungi","floor":22,"turns":7},{"damage":30,"enemies":"Cultist and Chosen","floor":24,"turns":7},{"damage":46,"enemies":"Slavers","floor":28,"turns":5},{"damage":23,"enemies":"Centurion and Healer","floor":29,"turns":7},{"damage":6,"enemies":"Shelled Parasite and Fungi","floor":30,"turns":3}],"seed_played":"-2192747084153104153","potions_obtained":[{"floor":5,"key":"GamblersBrew"},{"floor":10,"key":"AttackPotion"},{"floor":12,"key":"SkillPotion"},{"floor":14,"key":"PowerPotion"},{"floor":16,"key":"Block Potion"},{"floor":22,"key":"Dexterity Potion"}],"is_trial":false,"path_per_floor":["M","$","?","M","M","M","R","M","T","M","R","M","R","E","R","B",null,"M","M","?","$","M","R","M","R","T","R","E","M","M"],"character_chosen":"THE_SILENT","items_purchased":["PreservedInsect"],"campfire_rested":3,"item_purchase_floors":[21],"current_hp_per_floor":[75,75,56,50,45,43,43,38,48,48,48,39,39,21,62,31,87,49,26,55,55,23,64,34,75,75,75,29,6,0],"gold":252,"neow_bonus":"TEN_PERCENT_HP_BONUS","is_prod":false,"is_daily":false,"chose_seed":false,"campfire_upgraded":4,"win_rate":0.0,"timestamp":1566991995,"path_taken":["M","$","?","M","M","M","R","M","T","M","R","M","R","E","R","BOSS","M","M","?","$","M","R","M","R","T","R","E","M","M"],"build_version":"2019-07-17","purchased_purges":2,"victory":false,"max_hp_per_floor":[77,77,77,77,77,77,77,77,87,87,87,87,87,87,87,87,87,87,87,87,87,87,87,87,87,87,87,87,87,87],"card_choices":[{"not_picked":["Backflip","Underhanded Strike"],"picked":"Quick Slash","floor":1},{"not_picked":["Dodge and Roll","Blade Dance"],"picked":"Quick Slash","floor":4},{"not_picked":["Distraction","PiercingWail"],"picked":"Backflip","floor":5},{"not_picked":["Dagger Throw","Expertise"],"picked":"Flechettes","floor":6},{"not_picked":["Infinite Blades","Prepared"],"picked":"Predator","floor":8},{"not_picked":["Leg Sweep","After Image"],"picked":"Dagger Spray","floor":10},{"not_picked":["Flying Knee","Blade Dance"],"picked":"Noxious Fumes","floor":12},{"not_picked":["Well Laid Plans","Flechettes"],"picked":"Deadly Poison","floor":14},{"not_picked":["Phantasmal Killer","After Image"],"picked":"Envenom","floor":16},{"not_picked":["Finisher","Well Laid Plans"],"picked":"Deflect","floor":18},{"not_picked":["Finisher+1","PiercingWail+1"],"picked":"Dagger Throw+1","floor":19},{"not_picked":["Quick Slash","Adrenaline"],"picked":"Crippling Poison","floor":22},{"not_picked":["Infinite Blades","Flechettes"],"picked":"Prepared","floor":24},{"not_picked":["Footwork","Riddle With Holes"],"picked":"Slice","floor":28},{"not_picked":["Blur","Eviscerate"],"picked":"Terror","floor":29}],"player_experience":3429,"relics_obtained":[{"floor":9,"key":"Pear"},{"floor":14,"key":"Regal Pillow"},{"floor":26,"key":"Lantern"},{"floor":28,"key":"Orichalcum"},{"floor":28,"key":"Bag of Preparation"}],"event_choices":[{"damage_healed":0,"gold_gain":0,"player_choice":"Take Damage","damage_taken":19,"relics_obtained":["Golden Idol"],"max_hp_gain":0,"max_hp_loss":0,"event_name":"Golden Idol","floor":3,"gold_loss":0},{"damage_healed":29,"gold_gain":0,"player_choice":"Heal","damage_taken":0,"max_hp_gain":0,"max_hp_loss":0,"event_name":"The Library","floor":20,"gold_loss":0}],"is_beta":false,"boss_relics":[{"not_picked":["Coffee Dripper","Eternal Feather"],"picked":"Black Star"}],"items_purged_floors":[2,21],"is_endless":false,"potions_floor_spawned":[5,10,12,14,16,22,28],"killed_by":"Shelled Parasite and Fungi","ascension_level":0}