{"gold_per_floor":[119,139,27,27,102,136,136,169,169,169,183,195,195,195,195,195],"floor_reached":16,"playtime":622,"items_purged":["Bash"],"score":153,"play_id":"abd96a50-f7b4-4140-9d78-a726786a4fae","local_time":"20181128185708","is_ascension_mode":true,"campfire_choices":[{"floor":7,"key":"RECALL"},{"floor":10,"key":"REST"},{"floor":15,"key":"REST"}],"neow_cost":"NONE","seed_source_timestamp":353218712044776,"circlet_count":0,"master_deck":["Strike_R","Strike_R","Strike_R","Strike_R","Defend_R","Defend_R","Defend_R","Defend_R","Inflame","Metallicize","Feed"],"relics":["Burning Blood","NeowsBlessing","Happy Flower","Bottled Flame","Art of War"],"potions_floor_usage":[16,16,16],"damage_taken":[{"damage":0,"enemies":"Cultist","floor":1,"turns":1},{"damage":0,"enemies":"Small Slimes","floor":2,"turns":1},{"damage":0,"enemies":"Gremlin Nob","floor":6,"turns":1},{"damage":67,"enemies":"3 Sentries","floor":8,"turns":16},{"damage":2,"enemies":"2 Louse","floor":11,"turns":3},{"damage":3,"enemies":"Looter","floor":12,"turns":5},{"damage":84,"enemies":"Hexaghost","floor":16,"turns":14}],"seed_played":"-3301125577204121768","potions_obtained":[{"floor":1,"key":"Ancient Potion"},{"floor":2,"key":"Weak Potion"},{"floor":12,"key":"GamblersBrew"}],"is_trial":false,"path_per_floor":["M","M","$","?","?","E","R","E","T","R","M","M","?","?","R","B"],"character_chosen":"IRONCLAD","items_purchased":["Metallicize"],"campfire_rested":2,"item_purchase_floors":[3],"current_hp_per_floor":[80,80,80,80,72,78,78,20,20,44,51,57,57,54,80,0],"gold":195,"neow_bonus":"THREE_ENEMY_KILL","is_prod":false,"is_daily":false,"chose_seed":false,"campfire_upgraded":0,"win_rate":0,"timestamp":1543453028,"path_taken":["M","M","$","?","?","E","R","E","T","R","?","?","?","?","R","BOSS"],"build_version":"2018-11-15","purchased_purges":1,"victory":false,"max_hp_per_floor":[80,80,80,80,80,80,80,83,83,83,86,89,89,89,89,89],"card_choices":[{"not_picked":["Dropkick","True Grit"],"picked":"Inflame","floor":1},{"not_picked":["Armaments","Warcry","Headbutt"],"picked":"SKIP","floor":2},{"not_picked":["Clash","Exhume"],"picked":"Feed","floor":6},{"not_picked":["Cleave","Fire Breathing","Clash"],"picked":"SKIP","floor":8},{"not_picked":["Pommel Strike","Clothesline","Sword Boomerang"],"picked":"SKIP","floor":11},{"not_picked":["Headbutt","Juggernaut","Carnage"],"picked":"SKIP","floor":12}],"player_experience":538360,"relics_obtained":[{"floor":6,"key":"Happy Flower"},{"floor":8,"key":"Bottled Flame"}],"event_choices":[{"cards_removed":["Strike_R"],"damage_healed":0,"gold_gain":0,"player_choice":"Forget","damage_taken":0,"max_hp_gain":0,"max_hp_loss":0,"event_name":"Living Wall","floor":4,"gold_loss":0},{"damage_healed":0,"gold_gain":75,"player_choice":"Touch","damage_taken":8,"max_hp_gain":0,"max_hp_loss":0,"event_name":"FaceTrader","floor":5,"gold_loss":0},{"damage_healed":0,"gold_gain":0,"player_choice":"Ignored","damage_taken":0,"max_hp_gain":0,"max_hp_loss":0,"event_name":"Liars Game","floor":13,"gold_loss":0},{"damage_healed":0,"gold_gain":0,"player_choice":"Success","damage_taken":3,"relics_obtained":["Art of War"],"max_hp_gain":0,"max_hp_loss":0,"event_name":"Scrap Ooze","floor":14,"gold_loss":0}],"is_beta":false,"boss_relics":[],"items_purged_floors":[3],"is_endless":false,"potions_floor_spawned":[1,2,12],"killed_by":"Hexaghost","ascension_level":3}