{"gold_per_floor":[12,12,12,12,28,28,46,71,71,71],"floor_reached":10,"playtime":616,"items_purged":[],"score":84,"play_id":"e9bda76e-ce28-4138-a025-eaa40210ee68","local_time":"20190711202805","is_ascension_mode":true,"campfire_choices":[{"floor":6,"key":"REST"}],"neow_cost":"NO_GOLD","seed_source_timestamp":1359236164333078,"circlet_count":0,"master_deck":["Strike_G","Strike_G","Strike_G","Strike_G","Defend_G","Defend_G","Defend_G","Defend_G","Defend_G","Survivor","Neutralize","Bouncing Flask","Catalyst"],"relics":["Ring of the Snake","Shovel","Golden Idol","Peace Pipe"],"potions_floor_usage":[],"damage_taken":[{"damage":1,"enemies":"Small Slimes","floor":1,"turns":5},{"damage":5,"enemies":"Jaw Worm","floor":5,"turns":8},{"damage":0,"enemies":"2 Louse","floor":7,"turns":6},{"damage":17,"enemies":"Large Slime","floor":8,"turns":13},{"damage":37,"enemies":"The Mushroom Lair","floor":10,"turns":5}],"seed_played":"-3944712481401397578","potions_obtained":[{"floor":5,"key":"Weak Potion"},{"floor":7,"key":"PowerPotion"},{"floor":8,"key":"Ancient Potion"}],"is_trial":false,"path_per_floor":["M","?","?","$","M","R","M","M","T","?"],"character_chosen":"THE_SILENT","items_purchased":[],"campfire_rested":1,"item_purchase_floors":[],"current_hp_per_floor":[62,45,38,38,33,54,54,37,37,0],"gold":71,"neow_bonus":"ONE_RARE_RELIC","is_prod":false,"is_daily":false,"chose_seed":false,"campfire_upgraded":0,"win_rate":0,"timestamp":1562894885,"path_taken":["M","?","?","$","M","R","M","M","T","?"],"build_version":"2019-07-05","purchased_purges":0,"victory":false,"max_hp_per_floor":[70,70,70,70,70,70,70,70,70,70],"card_choices":[{"not_picked":["Backflip","Prepared","Dagger Throw"],"picked":"SKIP","floor":1},{"not_picked":["Expertise","Setup","Dodge and Roll"],"picked":"SKIP","floor":5},{"not_picked":["Dodge and Roll","Heel Hook"],"picked":"Bouncing Flask","floor":7},{"not_picked":["Dash","Underhanded Strike"],"picked":"Catalyst","floor":8}],"player_experience":2238340,"relics_obtained":[{"floor":9,"key":"Peace Pipe"}],"event_choices":[{"damage_healed":0,"gold_gain":0,"player_choice":"Take Damage","damage_taken":17,"relics_obtained":["Golden Idol"],"max_hp_gain":0,"max_hp_loss":0,"event_name":"Golden Idol","floor":2,"gold_loss":0},{"cards_removed":["Strike_G"],"damage_healed":0,"gold_gain":0,"player_choice":"Card Removal","damage_taken":7,"max_hp_gain":0,"max_hp_loss":0,"event_name":"Golden Wing","floor":3,"gold_loss":0},{"damage_healed":0,"gold_gain":0,"player_choice":"Fought Mushrooms","damage_taken":0,"max_hp_gain":0,"max_hp_loss":0,"event_name":"Mushrooms","floor":10,"gold_loss":0}],"is_beta":false,"boss_relics":[],"items_purged_floors":[],"is_endless":false,"potions_floor_spawned":[5,7,8],"killed_by":"The Mushroom Lair","ascension_level":9}