{"gold_per_floor":[118,68,81,81,96,96,108,108,183,194,246,246,266,5,5,5],"floor_reached":16,"playtime":545,"items_purged":[],"score":138,"play_id":"c7610f2b-31a7-4edf-8347-019d6ff51896","local_time":"20190714121040","is_ascension_mode":true,"campfire_choices":[{"floor":6,"key":"REST"},{"floor":8,"key":"REST"},{"floor":15,"key":"REST"}],"neow_cost":"NONE","seed_source_timestamp":215239663245411,"circlet_count":0,"master_deck":["AscendersBane","Strike_R","Strike_R","Strike_R","Defend_R","Defend_R","Defend_R","Defend_R","Bash","Barricade","Reaper","Feed"],"relics":["Burning Blood","Strawberry","Tiny Chest","Red Skull","Bottled Tornado"],"potions_floor_usage":[16,16,16],"damage_taken":[{"damage":18,"enemies":"Jaw Worm","floor":1,"turns":9},{"damage":7,"enemies":"Small Slimes","floor":3,"turns":5},{"damage":12,"enemies":"Cultist","floor":5,"turns":6},{"damage":50,"enemies":"Exordium Thugs","floor":7,"turns":6},{"damage":32,"enemies":"Gremlin Gang","floor":10,"turns":6},{"damage":17,"enemies":"3 Louse","floor":13,"turns":3},{"damage":81,"enemies":"Hexaghost","floor":16,"turns":11}],"seed_played":"-5996570247077044565","potions_obtained":[{"floor":1,"key":"LiquidBronze"},{"floor":5,"key":"EssenceOfSteel"},{"floor":7,"key":"GamblersBrew"}],"is_trial":false,"path_per_floor":["M","?","M","?","M","R","M","R","T","M","T","?","M","$","R","B"],"character_chosen":"IRONCLAD","items_purchased":["Bottled Tornado"],"campfire_rested":3,"item_purchase_floors":[14],"current_hp_per_floor":[60,60,59,63,57,83,39,65,65,39,39,39,49,49,75,0],"gold":5,"neow_bonus":"ONE_RANDOM_RARE_CARD","is_prod":false,"is_daily":false,"chose_seed":false,"campfire_upgraded":0,"win_rate":0,"timestamp":1563124240,"path_taken":["M","?","M","?","M","R","M","R","T","M","?","?","?","?","R","BOSS"],"build_version":"2019-07-05","purchased_purges":0,"victory":false,"max_hp_per_floor":[80,80,80,87,87,87,87,87,87,87,87,87,87,87,87,87],"card_choices":[{"not_picked":["Sentinel","Havoc","Sword Boomerang"],"picked":"SKIP","floor":1},{"not_picked":["Warcry","Power Through","Bloodletting"],"picked":"SKIP","floor":3},{"not_picked":["Pommel Strike","Anger","Limit Break"],"picked":"SKIP","floor":5},{"not_picked":["Anger","Pommel Strike","Power Through"],"picked":"SKIP","floor":7},{"not_picked":["Warcry","Feel No Pain","Twin Strike"],"picked":"SKIP","floor":10},{"not_picked":["Cleave","Wild Strike"],"picked":"Feed","floor":13}],"player_experience":2309314,"relics_obtained":[{"floor":9,"key":"Tiny Chest"},{"floor":11,"key":"Red Skull"}],"event_choices":[{"cards_removed":["Strike_R"],"damage_healed":0,"gold_gain":0,"player_choice":"Card Removal","damage_taken":0,"max_hp_gain":0,"max_hp_loss":0,"event_name":"The Cleric","floor":2,"gold_loss":50},{"damage_healed":0,"gold_gain":0,"player_choice":"Success","damage_taken":3,"relics_obtained":["Strawberry"],"max_hp_gain":0,"max_hp_loss":0,"event_name":"Scrap Ooze","floor":4,"gold_loss":0},{"damage_healed":0,"gold_gain":0,"cards_transformed":["Strike_R"],"player_choice":"Transformed","damage_taken":0,"max_hp_gain":0,"max_hp_loss":0,"event_name":"Transmorgrifier","floor":12,"gold_loss":0,"cards_obtained":["Reaper"]}],"is_beta":false,"boss_relics":[],"items_purged_floors":[],"is_endless":false,"potions_floor_spawned":[1,5,7,10],"killed_by":"Hexaghost","ascension_level":10}