{"gold_per_floor":[119,119,44,119,119,137,162,162,162,175,205,155,166,244,244,344,394,409,274,199,48,48,77,95,95,95,129,143,143,162,162,162,262,262,272,272,2,14,25,25,25,25,103,17,17,34,45,61,61,61],"floor_reached":50,"playtime":6530,"items_purged":["Defend_G","Strike_G","Noxious Fumes"],"score":563,"play_id":"6357252c-19e1-45c5-a021-85e093864d19","local_time":"20190829151730","is_ascension_mode":false,"campfire_choices":[{"floor":8,"key":"REST"},{"data":"Poisoned Stab","floor":15,"key":"SMITH"},{"floor":29,"key":"REST"},{"data":"Catalyst","floor":32,"key":"SMITH"},{"data":"Poisoned Stab","floor":40,"key":"SMITH"},{"data":"Bandage Up","floor":45,"key":"SMITH"},{"floor":49,"key":"REST"}],"neow_cost":"NONE","seed_source_timestamp":12174921588400,"circlet_count":0,"master_deck":["Strike_G+1","Strike_G+1","Defend_G","Defend_G+1","Defend_G","Survivor+1","Neutralize","Poisoned Stab+1","Catalyst+1","Poisoned Stab+1","Poisoned Stab","Sucker Punch","Night Terror","Deadly Poison","Backflip+1","Caltrops","Dagger Spray","Blade Dance+1","Noxious Fumes+1","Predator","Deadly Poison","Outmaneuver+1","Deflect+1","Infinite Blades+1","Writhe","Bandage Up+1","Deflect","Bane","Deflect+1"],"relics":["Ring of the Snake","Regal Pillow","FossilizedHelix","Mummified Hand","Paper Crane","Pear","Tiny House","Happy Flower","MutagenicStrength","Meat on the Bone","The Specimen","Ice Cream","White Beast Statue","Bag of Marbles","Gremlin Horn","Mercury Hourglass"],"potions_floor_usage":[23,23,50,50],"damage_taken":[{"damage":0,"enemies":"2 Louse","floor":1,"turns":3},{"damage":0,"enemies":"Small Slimes","floor":6,"turns":3},{"damage":23,"enemies":"3 Sentries","floor":7,"turns":8},{"damage":0,"enemies":"Cultist","floor":10,"turns":4},{"damage":8,"enemies":"Lagavulin","floor":11,"turns":5},{"damage":0,"enemies":"Exordium Wildlife","floor":13,"turns":4},{"damage":13,"enemies":"Hexaghost","floor":16,"turns":9},{"damage":0,"enemies":"Chosen","floor":18,"turns":5},{"damage":54,"enemies":"Slavers","floor":23,"turns":7},{"damage":2,"enemies":"Shell Parasite","floor":24,"turns":5},{"damage":37,"enemies":"Book of Stabbing","floor":27,"turns":7},{"damage":10,"enemies":"Shelled Parasite and Fungi","floor":28,"turns":4},{"damage":0,"enemies":"Snake Plant","floor":30,"turns":4},{"damage":17,"enemies":"Champ","floor":33,"turns":7},{"damage":38,"enemies":"3 Darklings","floor":35,"turns":5},{"damage":0,"enemies":"Orb Walker","floor":38,"turns":3},{"damage":23,"enemies":"Sphere and 2 Shapes","floor":39,"turns":5},{"damage":27,"enemies":"Spire Growth","floor":46,"turns":5},{"damage":14,"enemies":"4 Shapes","floor":47,"turns":8},{"damage":42,"enemies":"Jaw Worm Horde","floor":48,"turns":5},{"damage":101,"enemies":"Awakened One","floor":50,"turns":10}],"seed_played":"3482329192511530579","potions_obtained":[{"floor":6,"key":"Fire Potion"},{"floor":11,"key":"FairyPotion"},{"floor":13,"key":"Explosive Potion"},{"floor":25,"key":"Explosive Potion"},{"floor":25,"key":"Energy Potion"},{"floor":30,"key":"EssenceOfSteel"},{"floor":47,"key":"Block Potion"}],"is_trial":false,"path_per_floor":["M","?","$","?","?","M","E","R","T","M","E","?","M","T","R","B",null,"M","$","?","$","?","E","M","?","T","E","M","R","M","?","R","B",null,"M","?","$","M","M","R","?","T","T","$","R","M","M","M","R","B"],"character_chosen":"THE_SILENT","items_purchased":["Caltrops","Happy Flower","Bag of Marbles","Bandage Up"],"campfire_rested":3,"item_purchase_floors":[19,21,37,44],"current_hp_per_floor":[70,56,56,45,45,45,22,58,58,58,50,50,50,60,60,47,85,85,85,85,85,85,31,41,41,41,16,18,58,58,58,58,53,85,47,47,47,47,36,36,57,57,57,57,57,48,52,22,62,0],"gold":61,"neow_bonus":"RANDOM_COMMON_RELIC","is_prod":false,"is_daily":false,"chose_seed":false,"campfire_upgraded":4,"win_rate":0.0,"timestamp":1567084650,"path_taken":["M","?","$","?","?","M","E","R","T","M","E","?","M","?","R","BOSS","M","$","?","$","?","E","M","?","T","E","?","R","M","?","R","BOSS","M","?","$","M","?","R","?","?","T","$","R","M","?","M","R","BOSS"],"build_version":"2019-07-17","purchased_purges":3,"victory":false,"max_hp_per_floor":[70,70,70,70,70,70,70,70,70,70,70,70,70,80,80,80,85,85,85,85,85,85,85,85,85,85,85,85,85,85,85,85,85,85,85,85,85,85,85,85,85,85,85,85,85,85,85,85,85,85],"card_choices":[{"not_picked":["Slice","Underhanded Strike"],"picked":"Poisoned Stab","floor":1},{"not_picked":["Blade Dance","Eviscerate"],"picked":"Noxious Fumes","floor":6},{"not_picked":["Skewer","Blade Dance"],"picked":"Catalyst","floor":7},{"not_picked":["Well Laid Plans","Heel Hook"],"picked":"Poisoned Stab","floor":10},{"not_picked":["Terror","Endless Agony"],"picked":"Poisoned Stab","floor":11},{"not_picked":["Dagger Throw","All Out Attack"],"picked":"Sucker Punch","floor":13},{"not_picked":["Venomology","Wraith Form v2"],"picked":"Night Terror","floor":16},{"not_picked":["Underhanded Strike","Dagger Throw"],"picked":"Deadly Poison","floor":17},{"not_picked":["Deadly Poison","Finisher"],"picked":"Backflip+1","floor":18},{"not_picked":["Sucker Punch","Slice"],"picked":"Dagger Spray","floor":23},{"not_picked":["PiercingWail","All Out Attack"],"picked":"Blade Dance+1","floor":24},{"not_picked":["PiercingWail","Burst"],"picked":"Noxious Fumes+1","floor":27},{"not_picked":["Blade Dance","Dagger Spray"],"picked":"Predator","floor":28},{"not_picked":["PiercingWail","Bouncing Flask"],"picked":"Deadly Poison","floor":30},{"not_picked":["Riddle With Holes+1","Reflex"],"picked":"Outmaneuver+1","floor":35},{"not_picked":["Dash","Sucker Punch"],"picked":"Deflect+1","floor":38},{"not_picked":["Outmaneuver+1","Blur"],"picked":"Infinite Blades+1","floor":39},{"not_picked":["Eviscerate","Prepared"],"picked":"Deflect","floor":46},{"not_picked":["Outmaneuver","Bouncing Flask"],"picked":"Bane","floor":47},{"not_picked":["Riddle With Holes","Dagger Spray+1"],"picked":"Deflect+1","floor":48}],"player_experience":20480,"relics_obtained":[{"floor":7,"key":"FossilizedHelix"},{"floor":9,"key":"Mummified Hand"},{"floor":11,"key":"Paper Crane"},{"floor":14,"key":"Pear"},{"floor":23,"key":"Meat on the Bone"},{"floor":26,"key":"The Specimen"},{"floor":27,"key":"Ice Cream"},{"floor":42,"key":"Gremlin Horn"},{"floor":43,"key":"Mercury Hourglass"}],"event_choices":[{"damage_healed":0,"gold_gain":0,"player_choice":"Entered Light","damage_taken":14,"max_hp_gain":0,"max_hp_loss":0,"event_name":"Shining Light","floor":2,"gold_loss":0,"cards_upgraded":["Strike_G","Strike_G"]},{"damage_healed":0,"gold_gain":75,"player_choice":"Gather Gold","damage_taken":11,"max_hp_gain":0,"max_hp_loss":0,"event_name":"World of Goop","floor":4,"gold_loss":0},{"cards_removed":["Strike_G"],"damage_healed":0,"gold_gain":0,"player_choice":"Forget","damage_taken":0,"max_hp_gain":0,"max_hp_loss":0,"event_name":"Living Wall","floor":5,"gold_loss":0},{"cards_removed":["Strike_G"],"damage_healed":0,"gold_gain":0,"player_choice":"Card Removal","damage_taken":0,"max_hp_gain":0,"max_hp_loss":0,"event_name":"The Cleric","floor":12,"gold_loss":50},{"cards_removed":["Defend_G"],"damage_healed":0,"gold_gain":0,"player_choice":"Gave Gold","damage_taken":0,"max_hp_gain":0,"max_hp_loss":0,"event_name":"Beggar","floor":20,"gold_loss":75},{"damage_healed":0,"gold_gain":0,"player_choice":"Inject Mutagens","damage_taken":0,"relics_obtained":["MutagenicStrength"],"max_hp_gain":0,"max_hp_loss":0,"event_name":"Drug Dealer","floor":22,"gold_loss":0},{"damage_healed":0,"gold_gain":0,"player_choice":"Got Potions","damage_taken":0,"max_hp_gain":0,"max_hp_loss":0,"event_name":"Lab","floor":25,"gold_loss":0},{"damage_healed":0,"gold_gain":0,"player_choice":"Ignored","damage_taken":0,"max_hp_gain":0,"max_hp_loss":0,"event_name":"Ghosts","floor":31,"gold_loss":0},{"damage_healed":0,"gold_gain":0,"player_choice":"Upgraded","damage_taken":0,"max_hp_gain":0,"max_hp_loss":0,"event_name":"Upgrade Shrine","floor":36,"gold_loss":0,"cards_upgraded":["Survivor"]},{"damage_healed":21,"gold_gain":0,"player_choice":"Writhe","damage_taken":0,"max_hp_gain":0,"max_hp_loss":0,"event_name":"Winding Halls","floor":41,"gold_loss":0,"cards_obtained":["Writhe"]}],"is_beta":false,"boss_relics":[{"not_picked":["Ring of the Serpent","Philosopher\u0027s Stone"],"picked":"Tiny House"},{"not_picked":["HoveringKite","Cursed Key"],"picked":"White Beast Statue"}],"items_purged_floors":[3,19,37],"is_endless":false,"potions_floor_spawned":[6,11,13,18,30,33,35,38,39,46,47,48],"killed_by":"Awakened One","ascension_level":0}