{"gold_per_floor":[111,186,202,213,243,243,1,18,70,117,129,141,182,208,220,332,344,369,381,393,405,417,439,451,478,490,520,547,255,255,287,287,391,391,401,232,244,244,256,256,266,57,57,70,80,95,114,124,124,124],"floor_reached":51,"playtime":4592,"items_purged":["Dual Wield","Defend_R+1"],"score":683,"play_id":"9390fda9-916b-4312-aed8-1061680af33e","local_time":"20190817213624","is_ascension_mode":false,"campfire_choices":[{"data":"Feel No Pain","floor":6,"key":"SMITH"},{"floor":11,"key":"REST"},{"floor":15,"key":"DIG"},{"floor":24,"key":"DIG"},{"floor":30,"key":"REST"},{"floor":32,"key":"REST"},{"floor":40,"key":"DIG"},{"floor":49,"key":"DIG"}],"neow_cost":"NONE","seed_source_timestamp":204433398922695,"circlet_count":0,"master_deck":["Strike_R+1","Strike_R+1","Strike_R+1","Strike_R+1","Strike_R+1","Defend_R+1","Defend_R+1","Defend_R+1","Bash","Pommel Strike","Feel No Pain+1","Sever Soul","Shrug It Off","Rage","Iron Wave","Barricade","Bandage Up","Offering","Warcry","Sentinel","Intimidate","Thunderclap+1","Burning Pact","Discovery","True Grit","Inflame","Reaper","Entrench","Infernal Blade+1","Feel No Pain+1","Fire Breathing","Armaments+1","Seeing Red+1"],"relics":["Black Blood","NeowsBlessing","Tiny Chest","Mummified Hand","MawBank","Ornamental Fan","Shovel","Gremlin Horn","Busted Crown","Sundial","Incense Burner","Pear","Omamori","DollysMirror","Toxic Egg 2","Kunai"],"potions_floor_usage":[33,47],"damage_taken":[{"damage":0,"enemies":"Jaw Worm","floor":1,"turns":1},{"damage":0,"enemies":"Cultist","floor":3,"turns":1},{"damage":0,"enemies":"Small Slimes","floor":4,"turns":1},{"damage":14,"enemies":"Blue Slaver","floor":8,"turns":3},{"damage":23,"enemies":"3 Sentries","floor":10,"turns":11},{"damage":10,"enemies":"Gremlin Nob","floor":13,"turns":4},{"damage":14,"enemies":"Large Slime","floor":14,"turns":7},{"damage":65,"enemies":"Hexaghost","floor":16,"turns":15},{"damage":19,"enemies":"2 Thieves","floor":18,"turns":5},{"damage":6,"enemies":"Shell Parasite","floor":23,"turns":5},{"damage":19,"enemies":"Chosen and Byrds","floor":25,"turns":8},{"damage":10,"enemies":"Centurion and Healer","floor":27,"turns":10},{"damage":6,"enemies":"3 Cultists","floor":28,"turns":6},{"damage":32,"enemies":"Book of Stabbing","floor":31,"turns":7},{"damage":80,"enemies":"Automaton","floor":33,"turns":15},{"damage":22,"enemies":"3 Shapes","floor":35,"turns":5},{"damage":14,"enemies":"Orb Walker","floor":37,"turns":5},{"damage":34,"enemies":"Spire Growth","floor":39,"turns":5},{"damage":14,"enemies":"3 Darklings","floor":41,"turns":7},{"damage":36,"enemies":"Jaw Worm Horde","floor":44,"turns":8},{"damage":9,"enemies":"Writhing Mass","floor":45,"turns":8},{"damage":0,"enemies":"Maw","floor":46,"turns":11},{"damage":34,"enemies":"Jaw Worm Horde","floor":47,"turns":6},{"damage":24,"enemies":"Sphere and 2 Shapes","floor":48,"turns":7},{"damage":34,"enemies":"Awakened One","floor":50,"turns":28}],"seed_played":"-696855881413702636","potions_obtained":[{"floor":4,"key":"SpeedPotion"},{"floor":10,"key":"Dexterity Potion"},{"floor":13,"key":"FairyPotion"},{"floor":18,"key":"Fruit Juice"},{"floor":25,"key":"Explosive Potion"},{"floor":33,"key":"PowerPotion"},{"floor":48,"key":"FearPotion"}],"is_trial":false,"path_per_floor":["M","?","M","M","?","R","$","M","T","E","R","?","E","M","R","B",null,"M","?","?","$","?","M","R","M","T","M","M","$","R","E","R","B",null,"M","$","M","$","M","R","M","$","T","M","M","M","M","M","R","B",null],"character_chosen":"IRONCLAD","items_purchased":["Mummified Hand","Burning Pact","Discovery","True Grit","Entrench","DollysMirror"],"campfire_rested":3,"item_purchase_floors":[7,29,29,29,36,42],"current_hp_per_floor":[80,72,78,80,77,77,77,69,69,52,76,76,72,64,64,14,80,67,67,52,52,52,56,56,47,47,47,51,51,76,64,92,26,100,93,93,99,99,76,76,93,93,93,78,83,100,92,88,88,83],"gold":124,"neow_bonus":"THREE_ENEMY_KILL","is_prod":false,"is_daily":false,"chose_seed":false,"campfire_upgraded":1,"win_rate":0,"timestamp":1566092184,"path_taken":["M","?","?","?","?","R","$","M","T","E","R","?","E","M","R","BOSS","M","?","?","$","?","M","R","?","T","M","M","$","R","E","R","BOSS","M","$","M","$","?","R","M","$","T","M","?","M","M","M","R","BOSS"],"build_version":"2019-07-17","purchased_purges":2,"victory":true,"max_hp_per_floor":[80,80,80,80,80,80,80,80,80,80,80,80,80,80,80,80,80,80,80,85,85,85,85,85,85,85,85,85,85,85,95,95,100,100,100,100,100,100,100,100,100,100,100,100,100,100,100,100,100,100],"card_choices":[{"not_picked":["Clash","Heavy Blade"],"picked":"Pommel Strike","floor":1},{"not_picked":["Heavy Blade","Pommel Strike"],"picked":"Feel No Pain","floor":3},{"not_picked":["Ghostly Armor","Headbutt"],"picked":"Sever Soul","floor":4},{"not_picked":["Pommel Strike","Iron Wave"],"picked":"Shrug It Off","floor":8},{"not_picked":["Perfected Strike","Sword Boomerang"],"picked":"Rage","floor":10},{"not_picked":["Pummel","Perfected Strike"],"picked":"Dual Wield","floor":13},{"not_picked":["Evolve","Blood for Blood"],"picked":"Iron Wave","floor":14},{"not_picked":["Feed","Fiend Fire"],"picked":"Barricade","floor":16},{"not_picked":["Twin Strike"],"picked":"SKIP","floor":18},{"not_picked":[],"picked":"Sentinel","floor":23},{"not_picked":["Cleave"],"picked":"SKIP","floor":25},{"not_picked":[],"picked":"Intimidate","floor":27},{"not_picked":[],"picked":"Thunderclap+1","floor":28},{"not_picked":[],"picked":"Inflame","floor":31},{"not_picked":[],"picked":"Reaper","floor":33},{"not_picked":["Warcry"],"picked":"SKIP","floor":35},{"not_picked":[],"picked":"Infernal Blade+1","floor":37},{"not_picked":["Twin Strike"],"picked":"SKIP","floor":39},{"not_picked":["Clash+1"],"picked":"SKIP","floor":41},{"not_picked":["Searing Blow+1"],"picked":"SKIP","floor":44},{"not_picked":[],"picked":"Fire Breathing","floor":45},{"not_picked":[],"picked":"Armaments+1","floor":46},{"not_picked":[],"picked":"Seeing Red+1","floor":47},{"not_picked":["Reckless Charge+1"],"picked":"SKIP","floor":48}],"player_experience":114659,"relics_obtained":[{"floor":9,"key":"MawBank"},{"floor":10,"key":"Ornamental Fan"},{"floor":13,"key":"Shovel"},{"floor":15,"key":"Gremlin Horn"},{"floor":24,"key":"Sundial"},{"floor":26,"key":"Incense Burner"},{"floor":31,"key":"Pear"},{"floor":40,"key":"Omamori"},{"floor":43,"key":"Toxic Egg 2"},{"floor":49,"key":"Kunai"}],"event_choices":[{"damage_healed":0,"gold_gain":75,"player_choice":"Touch","damage_taken":8,"max_hp_gain":0,"max_hp_loss":0,"event_name":"FaceTrader","floor":2,"gold_loss":0},{"damage_healed":0,"gold_gain":0,"player_choice":"Success","damage_taken":3,"relics_obtained":["Tiny Chest"],"max_hp_gain":0,"max_hp_loss":0,"event_name":"Scrap Ooze","floor":5,"gold_loss":0},{"damage_healed":0,"gold_gain":0,"player_choice":"Ignored","damage_taken":0,"max_hp_gain":0,"max_hp_loss":0,"event_name":"Shining Light","floor":12,"gold_loss":0},{"damage_healed":0,"gold_gain":0,"player_choice":"Simplicity","damage_taken":0,"max_hp_gain":0,"max_hp_loss":0,"event_name":"Back to Basics","floor":19,"gold_loss":0,"cards_upgraded":["Strike_R","Strike_R","Strike_R","Strike_R","Strike_R","Defend_R","Defend_R","Defend_R","Defend_R"]},{"damage_healed":0,"gold_gain":0,"player_choice":"Shed Blood","damage_taken":20,"max_hp_gain":5,"max_hp_loss":0,"event_name":"Forgotten Altar","floor":20,"gold_loss":0},{"damage_healed":0,"gold_gain":0,"player_choice":"3 cards matched","damage_taken":0,"max_hp_gain":0,"max_hp_loss":0,"event_name":"Match and Keep!","floor":22,"gold_loss":0,"cards_obtained":["Bandage Up","Offering","Warcry"]},{"damage_healed":0,"gold_gain":0,"player_choice":"3 cards matched","damage_taken":0,"max_hp_gain":0,"max_hp_loss":0,"event_name":"Match and Keep!","floor":22,"gold_loss":0,"cards_obtained":["Bandage Up","Offering","Warcry"]},{"damage_healed":0,"gold_gain":0,"player_choice":"3 cards matched","damage_taken":0,"max_hp_gain":0,"max_hp_loss":0,"event_name":"Match and Keep!","floor":22,"gold_loss":0,"cards_obtained":["Bandage Up","Offering","Warcry"]}],"is_beta":false,"boss_relics":[{"not_picked":["White Beast Statue","Runic Dome"],"picked":"Busted Crown"},{"not_picked":["Tiny House","Lizard Tail"],"picked":"Black Blood"}],"items_purged_floors":[29,36],"is_endless":false,"potions_floor_spawned":[4,10,13,18,25,33,39,41,44,48],"ascension_level":0}