{"gold_per_floor":[115,131,81,92,92,92,92,119,144,0,13,13],"floor_reached":12,"playtime":385,"items_purged":["Strike_B"],"score":102,"play_id":"5aa29374-130f-4c57-b676-b65b0d8f13f9","local_time":"20190723065016","is_ascension_mode":true,"campfire_choices":[{"floor":6,"key":"REST"}],"neow_cost":"TEN_PERCENT_HP_LOSS","seed_source_timestamp":973799992405693,"circlet_count":0,"master_deck":["AscendersBane","Strike_B","Strike_B","Strike_B+1","Defend_B","Defend_B","Defend_B","Defend_B","Zap","Enlightenment","Panacea","Capacitor","Conserve Battery+1","Defragment","Self Repair"],"relics":["Cracked Core","Omamori"],"potions_floor_usage":[],"damage_taken":[{"damage":13,"enemies":"Jaw Worm","floor":1,"turns":4},{"damage":12,"enemies":"2 Louse","floor":2,"turns":4},{"damage":10,"enemies":"Cultist","floor":4,"turns":5},{"damage":11,"enemies":"2 Fungi Beasts","floor":11,"turns":6},{"damage":40,"enemies":"Gremlin Gang","floor":12,"turns":3}],"seed_played":"1304620759144450555","potions_obtained":[{"floor":1,"key":"SteroidPotion"},{"floor":4,"key":"AttackPotion"}],"is_trial":false,"path_per_floor":["M","M","?","M","?","R","?","T","T","$","M","M"],"character_chosen":"DEFECT","items_purchased":["Self Repair"],"campfire_rested":1,"item_purchase_floors":[10],"current_hp_per_floor":[55,43,43,33,19,39,39,39,39,39,35,0],"gold":13,"neow_bonus":"RANDOM_COLORLESS_2","is_prod":false,"is_daily":false,"chose_seed":false,"campfire_upgraded":0,"win_rate":0,"timestamp":1563882616,"path_taken":["M","M","?","M","?","R","?","?","T","$","?","M"],"build_version":"2019-07-17","purchased_purges":1,"victory":false,"max_hp_per_floor":[68,68,68,68,68,68,68,68,68,68,68,68],"card_choices":[{"not_picked":["Hologram","Beam Cell"],"picked":"Capacitor","floor":1},{"not_picked":["Force Field","Genetic Algorithm"],"picked":"Conserve Battery","floor":2},{"not_picked":["Force Field","FTL"],"picked":"Defragment","floor":4},{"not_picked":["Hello World","Reprogram","Beam Cell"],"picked":"SKIP","floor":11}],"player_experience":2410629,"relics_obtained":[{"floor":8,"key":"Omamori"}],"event_choices":[{"cards_removed":["Dualcast"],"damage_healed":0,"gold_gain":0,"player_choice":"Card Removal","damage_taken":0,"max_hp_gain":0,"max_hp_loss":0,"event_name":"The Cleric","floor":3,"gold_loss":50},{"damage_healed":0,"gold_gain":0,"player_choice":"Entered Light","damage_taken":14,"max_hp_gain":0,"max_hp_loss":0,"event_name":"Shining Light","floor":5,"gold_loss":0,"cards_upgraded":["Conserve Battery","Strike_B"]},{"damage_healed":0,"gold_gain":0,"player_choice":"Ignored","damage_taken":0,"max_hp_gain":0,"max_hp_loss":0,"event_name":"Liars Game","floor":7,"gold_loss":0}],"is_beta":false,"boss_relics":[],"items_purged_floors":[10],"is_endless":false,"potions_floor_spawned":[1,4],"killed_by":"Gremlin Gang","ascension_level":10}