{"gold_per_floor":[116,116,66,79,4,4,20,35,61,61,71,90,90,100,100,100],"floor_reached":16,"playtime":694,"items_purged":["Strike_B"],"score":150,"play_id":"f00397ba-720d-47f2-93b7-4c822512bd7f","local_time":"20190824095905","is_ascension_mode":true,"campfire_choices":[{"data":"Zap","floor":6,"key":"SMITH"},{"floor":10,"key":"REST"},{"floor":13,"key":"REST"},{"floor":15,"key":"REST"}],"neow_cost":"NONE","seed_source_timestamp":893572102228000,"circlet_count":0,"master_deck":["AscendersBane","Strike_B","Strike_B","Defend_B","Defend_B","Defend_B","Defend_B","Zap+1","Gash","Conserve Battery","Seek","Chill"],"relics":["Cracked Core","NeowsBlessing","PreservedInsect"],"potions_floor_usage":[16,16],"damage_taken":[{"damage":0,"enemies":"Jaw Worm","floor":1,"turns":1},{"damage":0,"enemies":"Small Slimes","floor":4,"turns":1},{"damage":0,"enemies":"Cultist","floor":7,"turns":1},{"damage":31,"enemies":"Gremlin Gang","floor":8,"turns":5},{"damage":1,"enemies":"Blue Slaver","floor":11,"turns":5},{"damage":15,"enemies":"3 Louse","floor":12,"turns":4},{"damage":11,"enemies":"Exordium Thugs","floor":14,"turns":6},{"damage":70,"enemies":"Hexaghost","floor":16,"turns":9}],"seed_played":"7831415558896086906","potions_obtained":[{"floor":4,"key":"FearPotion"},{"floor":11,"key":"Ancient Potion"},{"floor":14,"key":"AttackPotion"}],"is_trial":false,"path_per_floor":["M","?","?","M","$","R","M","M","T","R","M","M","R","M","R","B"],"character_chosen":"DEFECT","items_purchased":[],"campfire_rested":3,"item_purchase_floors":[],"current_hp_per_floor":[68,61,61,61,61,61,61,30,30,52,51,36,58,47,69,0],"gold":100,"neow_bonus":"THREE_ENEMY_KILL","is_prod":false,"is_daily":false,"chose_seed":false,"campfire_upgraded":1,"win_rate":0,"timestamp":1566658745,"path_taken":["M","?","?","M","?","R","?","M","T","R","?","M","R","M","R","BOSS"],"build_version":"2019-07-17","purchased_purges":1,"victory":false,"max_hp_per_floor":[75,75,75,75,75,75,75,75,75,75,75,75,75,75,75,75],"card_choices":[{"not_picked":["Turbo","Ball Lightning"],"picked":"Gash","floor":1},{"not_picked":["Reprogram","Cold Snap"],"picked":"Conserve Battery","floor":4},{"not_picked":["Compile Driver","Streamline","Sweeping Beam"],"picked":"SKIP","floor":7},{"not_picked":["Compile Driver","Streamline","Sweeping Beam"],"picked":"SKIP","floor":7},{"not_picked":["Genetic Algorithm","Turbo","Sunder"],"picked":"SKIP","floor":8},{"not_picked":["Redo","Barrage"],"picked":"Seek","floor":11},{"not_picked":["Heatsinks","Lockon","Stack"],"picked":"SKIP","floor":12},{"not_picked":["Compile Driver","Redo"],"picked":"Chill","floor":14}],"player_experience":2894879,"relics_obtained":[{"floor":9,"key":"PreservedInsect"}],"event_choices":[{"cards_removed":["Dualcast"],"damage_healed":0,"gold_gain":0,"player_choice":"Card Removal","damage_taken":7,"max_hp_gain":0,"max_hp_loss":0,"event_name":"Golden Wing","floor":2,"gold_loss":0},{"cards_removed":["Strike_B"],"damage_healed":0,"gold_gain":0,"player_choice":"Card Removal","damage_taken":0,"max_hp_gain":0,"max_hp_loss":0,"event_name":"The Cleric","floor":3,"gold_loss":50}],"is_beta":false,"boss_relics":[],"items_purged_floors":[5],"is_endless":false,"potions_floor_spawned":[4,11,14],"killed_by":"Hexaghost","ascension_level":12}