{"gold_per_floor":[119,119,138,69,69,69,102,122,175,194,194,214,389,401,401,502,502,520,520,535,554,554,554,573,64,118,175,175,175,187,15,15,119,119,134,134,146,165,176,176,186,186,186,186,29,57,57,75,75,75],"floor_reached":50,"playtime":6556,"items_purged":["Doubt","Bite"],"score":725,"play_id":"dad98b81-3deb-4f23-8947-04db79b5d656","local_time":"20190826133519","is_ascension_mode":true,"campfire_choices":[{"data":"Blind","floor":6,"key":"SMITH"},{"data":"Noxious Fumes","floor":11,"key":"SMITH"},{"data":"Footwork","floor":15,"key":"SMITH"},{"floor":23,"key":"REST"},{"data":"Neutralize","floor":29,"key":"SMITH"},{"data":"Footwork","floor":32,"key":"SMITH"},{"data":"Outmaneuver","floor":40,"key":"SMITH"},{"data":"Well Laid Plans","floor":42,"key":"SMITH"},{"data":"Blade Dance","floor":44,"key":"SMITH"},{"floor":49,"key":"REST"}],"neow_cost":"NONE","seed_source_timestamp":569864370907500,"circlet_count":0,"master_deck":["Defend_G","Defend_G","Defend_G","Defend_G","Defend_G","Survivor","Neutralize+1","Dagger Spray","Blind+1","Blade Dance+1","Bouncing Flask","Slice","PiercingWail","Backstab","Noxious Fumes+1","Dodge and Roll","Footwork+1","Deadly Poison","Venomology","Dodge and Roll+1","Caltrops","Bite","Bite","Bite","Bite","Deflect+1","Footwork+1","Leg Sweep","Cloak And Dagger","Backflip","Blur","Well Laid Plans+1","Night Terror","Madness","Madness","Acrobatics+1","Outmaneuver+1","Finesse","Terror+1"],"relics":["Ring of the Serpent","NeowsBlessing","Potion Belt","Centennial Puzzle","Regal Pillow","Meat on the Bone","Ancient Tea Set","Tiny Chest","White Beast Statue","Kunai","Oddly Smooth Stone","Bag of Preparation"],"potions_floor_usage":[18,18,20,20,21,21,27,27,30,33,33,35,37,37,38,38,38,38,39,41,41,41,41,41,41,41,46,48,48,48,48,48,50],"damage_taken":[{"damage":0,"enemies":"2 Louse","floor":1,"turns":1},{"damage":0,"enemies":"Cultist","floor":3,"turns":1},{"damage":0,"enemies":"Lagavulin","floor":7,"turns":1},{"damage":0,"enemies":"Small Slimes","floor":8,"turns":2},{"damage":8,"enemies":"Blue Slaver","floor":10,"turns":3},{"damage":8,"enemies":"Exordium Thugs","floor":12,"turns":4},{"damage":13,"enemies":"3 Louse","floor":14,"turns":2},{"damage":8,"enemies":"The Guardian","floor":16,"turns":12},{"damage":7,"enemies":"Spheric Guardian","floor":18,"turns":4},{"damage":6,"enemies":"2 Thieves","floor":20,"turns":4},{"damage":19,"enemies":"Cultist and Chosen","floor":21,"turns":8},{"damage":23,"enemies":"Centurion and Healer","floor":24,"turns":9},{"damage":10,"enemies":"Book of Stabbing","floor":27,"turns":8},{"damage":7,"enemies":"3 Cultists","floor":30,"turns":7},{"damage":8,"enemies":"Automaton","floor":33,"turns":17},{"damage":0,"enemies":"3 Shapes","floor":35,"turns":10},{"damage":1,"enemies":"Orb Walker","floor":37,"turns":8},{"damage":10,"enemies":"Sphere and 2 Shapes","floor":38,"turns":8},{"damage":5,"enemies":"Maw","floor":39,"turns":12},{"damage":12,"enemies":"Jaw Worm Horde","floor":41,"turns":7},{"damage":16,"enemies":"Nemesis","floor":46,"turns":14},{"damage":44,"enemies":"Transient","floor":48,"turns":5},{"damage":57,"enemies":"Awakened One","floor":50,"turns":6}],"seed_played":"6645048421726463510","potions_obtained":[{"floor":10,"key":"PowerPotion"},{"floor":12,"key":"Block Potion"},{"floor":14,"key":"Swift Potion"},{"floor":16,"key":"Explosive Potion"},{"floor":18,"key":"Fire Potion"},{"floor":30,"key":"SkillPotion"},{"floor":35,"key":"AttackPotion"},{"floor":37,"key":"Energy Potion"},{"floor":38,"key":"Ancient Potion"},{"floor":39,"key":"SpeedPotion"},{"floor":41,"key":"Poison Potion"},{"floor":46,"key":"Explosive Potion"},{"floor":48,"key":"Ancient Potion"}],"is_trial":false,"path_per_floor":["M","?","M","$","?","R","E","M","T","M","R","M","?","M","R","B",null,"M","?","M","M","?","R","M","$","T","E","$","R","M","$","R","B",null,"M","?","M","M","M","R","M","R","T","R","$","E","?","M","R","B"],"character_chosen":"THE_SILENT","items_purchased":["Slice","PiercingWail","Footwork","Leg Sweep","Cloak And Dagger","Meat on the Bone","Well Laid Plans","Oddly Smooth Stone"],"campfire_rested":2,"item_purchase_floors":[4,4,25,25,25,25,31,45],"current_hp_per_floor":[63,63,63,63,56,56,56,56,56,48,48,40,40,27,27,19,57,50,37,31,12,12,42,39,39,39,37,37,37,36,36,36,44,50,52,45,52,50,52,52,48,48,48,48,48,50,50,22,52,0],"gold":75,"neow_bonus":"THREE_ENEMY_KILL","is_prod":false,"is_daily":false,"chose_seed":false,"campfire_upgraded":8,"win_rate":0,"timestamp":1566794119,"path_taken":["M","?","?","?","?","R","E","M","T","M","R","M","?","M","R","BOSS","M","?","M","M","?","R","M","$","T","E","$","R","M","$","R","BOSS","M","?","M","M","M","R","M","R","T","R","$","E","?","?","R","BOSS"],"build_version":"2019-07-17","purchased_purges":2,"victory":false,"max_hp_per_floor":[70,70,70,70,70,70,70,70,70,70,70,70,70,70,70,70,70,70,75,75,75,52,52,52,52,52,52,52,52,52,52,52,52,52,52,52,52,52,52,52,52,52,52,52,52,52,52,52,52,52],"card_choices":[{"not_picked":["Poisoned Stab","Dagger Throw"],"picked":"Dagger Spray","floor":1},{"not_picked":["Bane","Skewer"],"picked":"Bouncing Flask","floor":3},{"not_picked":["Quick Slash","Eviscerate"],"picked":"Backstab","floor":7},{"not_picked":["Blade Dance","Deadly Poison"],"picked":"Noxious Fumes","floor":8},{"not_picked":["Deflect","Reflex"],"picked":"Dodge and Roll","floor":10},{"not_picked":["Slice","Quick Slash"],"picked":"Footwork","floor":12},{"not_picked":["PiercingWail","Reflex"],"picked":"Deadly Poison","floor":14},{"not_picked":["Grand Finale","Storm of Steel"],"picked":"Venomology","floor":16},{"not_picked":["Slice","Infinite Blades"],"picked":"Dodge and Roll+1","floor":18},{"not_picked":["Noxious Fumes","Blur"],"picked":"Caltrops","floor":20},{"not_picked":["Underhanded Strike+1","Prepared","Flying Knee"],"picked":"SKIP","floor":21},{"not_picked":["Dagger Throw","Accuracy"],"picked":"Deflect+1","floor":24},{"not_picked":["A Thousand Cuts","Caltrops+1"],"picked":"Backflip","floor":27},{"not_picked":["Infinite Blades","Flying Knee"],"picked":"Blur","floor":30},{"not_picked":["Glass Knife","Doppelganger"],"picked":"Night Terror","floor":33},{"not_picked":["Concentrate","Crippling Poison","Masterful Stab"],"picked":"SKIP","floor":35},{"not_picked":["Deflect+1","Dagger Throw+1","Poisoned Stab+1"],"picked":"SKIP","floor":37},{"not_picked":["Terror","Riddle With Holes+1"],"picked":"Acrobatics+1","floor":38},{"not_picked":["Dagger Throw","Masterful Stab"],"picked":"Outmaneuver","floor":39},{"not_picked":["Backstab","Prepared","Choke+1"],"picked":"SKIP","floor":41},{"not_picked":["Prepared","Masterful Stab","Sucker Punch"],"picked":"SKIP","floor":46},{"not_picked":["PanicButton","Metamorphosis"],"picked":"Finesse","floor":47},{"not_picked":["All Out Attack+1","Deflect"],"picked":"Terror+1","floor":48}],"player_experience":411832,"relics_obtained":[{"floor":7,"key":"Centennial Puzzle"},{"floor":9,"key":"Regal Pillow"},{"floor":26,"key":"Ancient Tea Set"},{"floor":27,"key":"Tiny Chest"},{"floor":43,"key":"Kunai"},{"floor":46,"key":"Bag of Preparation"}],"event_choices":[{"damage_healed":0,"gold_gain":0,"player_choice":"2 cards matched","damage_taken":0,"max_hp_gain":0,"max_hp_loss":0,"event_name":"Match and Keep!","floor":2,"gold_loss":0,"cards_obtained":["Blind","Blade Dance"]},{"damage_healed":0,"gold_gain":0,"player_choice":"2 cards matched","damage_taken":0,"max_hp_gain":0,"max_hp_loss":0,"event_name":"Match and Keep!","floor":2,"gold_loss":0,"cards_obtained":["Blind","Blade Dance"]},{"damage_healed":0,"gold_gain":0,"player_choice":"Success","damage_taken":7,"relics_obtained":["Potion Belt"],"max_hp_gain":0,"max_hp_loss":0,"event_name":"Scrap Ooze","floor":5,"gold_loss":0},{"damage_healed":0,"gold_gain":175,"player_choice":"AGREE","damage_taken":0,"max_hp_gain":0,"max_hp_loss":0,"event_name":"Liars Game","floor":13,"gold_loss":0,"cards_obtained":["Doubt"]},{"damage_healed":0,"gold_gain":0,"player_choice":"Shed Blood","damage_taken":18,"max_hp_gain":5,"max_hp_loss":0,"event_name":"Forgotten Altar","floor":19,"gold_loss":0},{"damage_healed":0,"gold_gain":0,"player_choice":"Became a vampire","damage_taken":0,"max_hp_gain":0,"max_hp_loss":23,"event_name":"Vampires","floor":22,"gold_loss":0,"cards_obtained":["Bite","Bite","Bite","Bite","Bite"]},{"damage_healed":0,"gold_gain":0,"player_choice":"Embrace Madness","damage_taken":7,"max_hp_gain":0,"max_hp_loss":0,"event_name":"Winding Halls","floor":36,"gold_loss":0,"cards_obtained":["Madness","Madness"]},{"damage_healed":0,"gold_gain":0,"player_choice":"Memory 1","damage_taken":0,"max_hp_gain":0,"max_hp_loss":0,"event_name":"SensoryStone","floor":47,"gold_loss":0}],"is_beta":false,"boss_relics":[{"not_picked":["Sozu","Runic Dome"],"picked":"Ring of the Serpent"},{"not_picked":["Pandora\u0027s Box","Eternal Feather"],"picked":"White Beast Statue"}],"items_purged_floors":[25,31],"is_endless":false,"potions_floor_spawned":[10,12,14,16,18,30,35,37,38,39,41,46,48],"killed_by":"Awakened One","ascension_level":6}