{"gold_per_floor":[109,34,54,67,67,92,102,102,102,102,177,177,194,94,94,94],"floor_reached":16,"playtime":605,"items_purged":["Defend_G","Strike_G"],"score":115,"play_id":"0caa1e60-0c02-413a-8fcf-56e0694be930","local_time":"20181205220345","is_ascension_mode":true,"campfire_choices":[{"floor":10,"key":"RECALL"},{"floor":12,"key":"REST"},{"floor":15,"key":"REST"}],"neow_cost":"NONE","seed_source_timestamp":969242524560625,"circlet_count":0,"master_deck":["Defend_G","Defend_G","Defend_G","Defend_G","Strike_G","Strike_G","Strike_G","Strike_G","Survivor","Neutralize","Infinite Blades","Accuracy"],"relics":["Ring of the Snake","NeowsBlessing","Juzu Bracelet","Paper Crane"],"potions_floor_usage":[16],"damage_taken":[{"damage":0,"enemies":"Cultist","floor":1,"turns":1},{"damage":0,"enemies":"Small Slimes","floor":3,"turns":1},{"damage":0,"enemies":"2 Louse","floor":4,"turns":1},{"damage":38,"enemies":"Gremlin Nob","floor":6,"turns":5},{"damage":2,"enemies":"Exordium Wildlife","floor":7,"turns":6},{"damage":0,"enemies":"Red Slaver","floor":13,"turns":7},{"damage":61,"enemies":"The Guardian","floor":16,"turns":19}],"seed_played":"-5037229784542932406","potions_obtained":[{"floor":1,"key":"SpeedPotion"},{"floor":3,"key":"Energy Potion"},{"floor":13,"key":"SkillPotion"}],"is_trial":false,"path_per_floor":["M","$","M","M","?","E","M","?","T","R","?","R","M","$","R","B"],"character_chosen":"THE_SILENT","items_purchased":[],"campfire_rested":2,"item_purchase_floors":[],"current_hp_per_floor":[70,70,70,70,75,37,35,28,28,28,17,39,39,39,61,0],"gold":94,"neow_bonus":"THREE_ENEMY_KILL","is_prod":false,"is_daily":false,"chose_seed":false,"campfire_upgraded":0,"win_rate":0,"timestamp":1544069025,"path_taken":["M","$","?","M","?","E","M","?","T","R","?","R","M","$","R","BOSS"],"build_version":"2018-11-15","purchased_purges":2,"victory":false,"max_hp_per_floor":[70,70,70,70,75,75,75,75,75,75,75,75,75,75,75,75],"card_choices":[{"not_picked":["Predator","Crippling Poison","Deadly Poison"],"picked":"SKIP","floor":1},{"not_picked":["Dagger Throw","Poisoned Stab"],"picked":"Infinite Blades","floor":3},{"not_picked":["Setup","Underhanded Strike","Quick Slash"],"picked":"SKIP","floor":4},{"not_picked":["Slice","Predator","Bullet Time"],"picked":"SKIP","floor":6},{"not_picked":["Backflip","Prepared","Dodge and Roll"],"picked":"SKIP","floor":7},{"not_picked":["Expertise","Heel Hook"],"picked":"Accuracy","floor":13}],"player_experience":656307,"relics_obtained":[{"floor":6,"key":"Juzu Bracelet"}],"event_choices":[{"damage_healed":0,"gold_gain":0,"player_choice":"Donut","damage_taken":0,"max_hp_gain":5,"max_hp_loss":0,"event_name":"Big Fish","floor":5,"gold_loss":0},{"damage_healed":0,"gold_gain":0,"player_choice":"Success","damage_taken":7,"relics_obtained":["Paper Crane"],"max_hp_gain":0,"max_hp_loss":0,"event_name":"Scrap Ooze","floor":8,"gold_loss":0},{"damage_healed":0,"gold_gain":75,"player_choice":"Gather Gold","damage_taken":11,"max_hp_gain":0,"max_hp_loss":0,"event_name":"World of Goop","floor":11,"gold_loss":0}],"is_beta":false,"boss_relics":[],"items_purged_floors":[2,14],"is_endless":false,"potions_floor_spawned":[1,3,13],"killed_by":"The Guardian","ascension_level":3}