{"gold_per_floor":[119,119,119,132,152,152,43,43,43,59,77,77,77,77,77,178,178,189,189,203,203,216,216,233,245,245,245,245,245],"floor_reached":29,"playtime":2035,"items_purged":["Burning Pact"],"score":312,"play_id":"52d06b28-dfca-494c-b142-3d2fad0fe562","local_time":"20190701120016","is_ascension_mode":true,"campfire_choices":[{"floor":6,"key":"REST"},{"floor":12,"key":"REST"},{"data":"Demon Form","floor":15,"key":"SMITH"},{"floor":23,"key":"REST"},{"floor":27,"key":"REST"}],"neow_cost":"TEN_PERCENT_HP_LOSS","seed_source_timestamp":463336421838604,"circlet_count":0,"master_deck":["Strike_R","Strike_R","Strike_R","Defend_R","Defend_R","Defend_R","Defend_R","Bash+1","Pummel","Whirlwind+1","Shrug It Off","Whirlwind","Metallicize","Demon Form+1","Berserk"],"relics":["Burning Blood","WarpedTongs","Dodecahedron","Busted Crown","Turnip","Letter Opener","Strawberry"],"potions_floor_usage":[16],"damage_taken":[{"damage":55,"enemies":"Cultist","floor":1,"turns":8},{"damage":3,"enemies":"2 Louse","floor":4,"turns":2},{"damage":2,"enemies":"Jaw Worm","floor":5,"turns":3},{"damage":1,"enemies":"Lots of Slimes","floor":10,"turns":1},{"damage":5,"enemies":"Looter","floor":11,"turns":4},{"damage":17,"enemies":"Hexaghost","floor":16,"turns":7},{"damage":0,"enemies":"3 Byrds","floor":18,"turns":4},{"damage":26,"enemies":"Colosseum Slavers","floor":19,"turns":4},{"damage":27,"enemies":"Chosen","floor":20,"turns":5},{"damage":19,"enemies":"Snecko","floor":22,"turns":6},{"damage":24,"enemies":"Centurion and Healer","floor":24,"turns":6},{"damage":13,"enemies":"Sentry and Sphere","floor":25,"turns":5},{"damage":49,"enemies":"Snake Plant","floor":29,"turns":4}],"seed_played":"-449653534465269102","potions_obtained":[{"floor":1,"key":"Regen Potion"},{"floor":25,"key":"SkillPotion"}],"is_trial":false,"path_per_floor":["M","?","?","M","M","R","$","?","T","M","M","R","?","$","R","B",null,"M","?","M","T","M","R","M","M","T","R","?","M"],"character_chosen":"IRONCLAD","items_purchased":["Metallicize"],"campfire_rested":4,"item_purchase_floors":[7],"current_hp_per_floor":[23,9,9,12,16,37,37,37,37,42,43,64,57,57,57,61,69,72,52,31,31,18,39,21,14,14,35,42,0],"gold":245,"neow_bonus":"TRANSFORM_TWO_CARDS","is_prod":false,"is_daily":false,"chose_seed":false,"campfire_upgraded":1,"win_rate":0,"timestamp":1562000416,"path_taken":["M","?","?","M","?","R","$","?","T","M","?","R","?","?","R","BOSS","M","?","M","?","M","R","M","M","T","R","?","?"],"build_version":"2019-01-23","purchased_purges":1,"victory":false,"max_hp_per_floor":[72,72,72,72,72,72,72,72,72,72,72,72,72,72,72,72,72,72,72,72,72,72,72,72,72,72,72,79,79],"card_choices":[{"not_picked":["Burning Pact","Cleave"],"picked":"Whirlwind","floor":1},{"not_picked":["Perfected Strike","Pommel Strike"],"picked":"Shrug It Off","floor":4},{"not_picked":["Bloodletting","Thunderclap"],"picked":"Whirlwind","floor":5},{"not_picked":["Headbutt","Cleave","Carnage"],"picked":"SKIP","floor":10},{"not_picked":["Warcry","Armaments"],"picked":"Demon Form","floor":11},{"not_picked":["Immolate","Bludgeon"],"picked":"Berserk","floor":16},{"not_picked":["Hemokinesis"],"picked":"SKIP","floor":18},{"not_picked":["Thunderclap"],"picked":"SKIP","floor":20},{"not_picked":["Corruption"],"picked":"SKIP","floor":22},{"not_picked":["Pommel Strike"],"picked":"SKIP","floor":24},{"not_picked":["Armaments"],"picked":"SKIP","floor":25}],"player_experience":2072600,"relics_obtained":[{"floor":9,"key":"Dodecahedron"},{"floor":21,"key":"Turnip"},{"floor":26,"key":"Letter Opener"}],"event_choices":[{"damage_healed":0,"gold_gain":0,"player_choice":"Entered Light","damage_taken":14,"max_hp_gain":0,"max_hp_loss":0,"event_name":"Shining Light","floor":2,"gold_loss":0,"cards_upgraded":["Bash","Whirlwind"]},{"damage_healed":0,"gold_gain":0,"player_choice":"Bought 0 Potions","damage_taken":0,"max_hp_gain":0,"max_hp_loss":0,"event_name":"The Woman in Blue","floor":3,"gold_loss":0},{"damage_healed":0,"gold_gain":0,"player_choice":"Rummage","damage_taken":0,"relics_obtained":["WarpedTongs"],"max_hp_gain":0,"max_hp_loss":0,"event_name":"Accursed Blacksmith","floor":8,"gold_loss":0,"cards_obtained":["Pain"]},{"cards_removed":["Pain"],"damage_healed":0,"gold_gain":0,"player_choice":"Card Removal","damage_taken":7,"max_hp_gain":0,"max_hp_loss":0,"event_name":"Golden Wing","floor":13,"gold_loss":0},{"damage_healed":0,"gold_gain":0,"player_choice":"Fight","damage_taken":0,"max_hp_gain":0,"max_hp_loss":0,"event_name":"Colosseum","floor":19,"gold_loss":0},{"damage_healed":0,"gold_gain":0,"player_choice":"Fled From Nobs","damage_taken":0,"max_hp_gain":0,"max_hp_loss":0,"event_name":"Colosseum","floor":19,"gold_loss":0},{"damage_healed":0,"gold_gain":0,"player_choice":"Gave Potion","damage_taken":0,"relics_obtained":["Strawberry"],"max_hp_gain":0,"max_hp_loss":0,"event_name":"WeMeetAgain","floor":28,"gold_loss":0}],"is_beta":false,"boss_relics":[{"not_picked":["Pandora\u0027s Box","Runic Cube"],"picked":"Busted Crown"}],"items_purged_floors":[7],"is_endless":false,"potions_floor_spawned":[1,25],"killed_by":"Snake Plant","ascension_level":9}