{"gold_per_floor":[114,114,132,148,73,73,96,96,143,161,161,161,236,236,236,339,339,359,359,370,389,403,403,430,430,430,448,448],"floor_reached":28,"playtime":1459,"items_purged":["Unload"],"score":296,"play_id":"cc32d82b-6584-426a-8f70-460a70b875ec","local_time":"20190218010132","is_ascension_mode":true,"campfire_choices":[{"floor":6,"key":"REST"},{"data":"Adrenaline","floor":8,"key":"SMITH"},{"data":"Glass Knife","floor":11,"key":"SMITH"},{"data":"Backstab","floor":15,"key":"SMITH"},{"floor":23,"key":"REST"},{"floor":25,"key":"REST"}],"neow_cost":"NONE","seed_source_timestamp":440842541312587,"circlet_count":0,"master_deck":["Survivor","Neutralize","Crippling Poison+1","PiercingWail","Backstab+1","Glass Knife+1","Concentrate","Escape Plan","Adrenaline+1","Finisher","Cloak And Dagger","Backstab+1","Deadly Poison","After Image+1","Deadly Poison","Adrenaline","Deadly Poison"],"relics":["Pandora\u0027s Box","Odd Mushroom","Oddly Smooth Stone","Lantern","Singing Bowl","Matryoshka"],"potions_floor_usage":[16,16],"damage_taken":[{"damage":0,"enemies":"Small Slimes","floor":1,"turns":2},{"damage":0,"enemies":"2 Louse","floor":3,"turns":1},{"damage":0,"enemies":"Cultist","floor":4,"turns":1},{"damage":0,"enemies":"The Mushroom Lair","floor":7,"turns":2},{"damage":0,"enemies":"Red Slaver","floor":10,"turns":1},{"damage":2,"enemies":"Hexaghost","floor":16,"turns":7},{"damage":8,"enemies":"2 Thieves","floor":18,"turns":3},{"damage":0,"enemies":"3 Byrds","floor":20,"turns":4},{"damage":14,"enemies":"Snake Plant","floor":21,"turns":3},{"damage":5,"enemies":"Snecko","floor":22,"turns":5},{"damage":42,"enemies":"Gremlin Leader","floor":24,"turns":6},{"damage":31,"enemies":"Chosen and Byrds","floor":27,"turns":5}],"seed_played":"-6554495388845553824","potions_obtained":[{"floor":1,"key":"AttackPotion"},{"floor":4,"key":"Fire Potion"},{"floor":7,"key":"SkillPotion"},{"floor":10,"key":"LiquidBronze"},{"floor":18,"key":"AttackPotion"},{"floor":24,"key":"Poison Potion"}],"is_trial":false,"path_per_floor":["M","?","M","M","$","R","?","R","T","M","R","?","?","?","R","B",null,"M","?","M","M","M","R","E","R","T","M","?"],"character_chosen":"THE_SILENT","items_purchased":[],"campfire_rested":3,"item_purchase_floors":[],"current_hp_per_floor":[63,49,49,49,49,70,70,70,70,70,70,63,52,52,52,50,65,57,57,57,43,38,59,17,38,38,9,0],"gold":448,"neow_bonus":"BOSS_RELIC","is_prod":false,"is_daily":false,"chose_seed":false,"campfire_upgraded":3,"win_rate":0,"timestamp":1550473292,"path_taken":["M","?","M","M","$","R","?","R","T","M","R","?","?","?","R","BOSS","M","?","?","M","M","R","E","R","T","M","?"],"build_version":"2019-01-23","purchased_purges":1,"victory":false,"max_hp_per_floor":[70,70,70,70,70,70,70,70,70,70,70,70,70,70,70,70,70,70,70,70,70,70,70,70,70,70,72,72],"card_choices":[{"not_picked":["Distraction","Flying Knee","Tactician"],"picked":"SKIP","floor":1},{"not_picked":["Sucker Punch","Dagger Throw"],"picked":"Cloak And Dagger","floor":3},{"not_picked":["All Out Attack","PiercingWail"],"picked":"Backstab","floor":4},{"not_picked":["Finisher","Flying Knee"],"picked":"Deadly Poison","floor":10},{"not_picked":["Malaise","Corpse Explosion"],"picked":"After Image","floor":16},{"not_picked":["Prepared","Skewer","Dagger Spray"],"picked":"SKIP","floor":18},{"not_picked":["Deflect","Endless Agony","Escape Plan"],"picked":"SKIP","floor":20},{"not_picked":["Acrobatics","Outmaneuver"],"picked":"Deadly Poison","floor":21},{"not_picked":["Caltrops","Blade Dance"],"picked":"Adrenaline","floor":22},{"not_picked":["All Out Attack","Setup+1"],"picked":"Deadly Poison","floor":24},{"not_picked":["Infinite Blades","Accuracy","Predator"],"picked":"Singing Bowl","floor":27}],"player_experience":1443035,"relics_obtained":[{"floor":7,"key":"Odd Mushroom"},{"floor":9,"key":"Oddly Smooth Stone"},{"floor":24,"key":"Singing Bowl"},{"floor":26,"key":"Matryoshka"}],"event_choices":[{"damage_healed":0,"gold_gain":0,"player_choice":"Entered Light","damage_taken":14,"max_hp_gain":0,"max_hp_loss":0,"event_name":"Shining Light","floor":2,"gold_loss":0,"cards_upgraded":["Crippling Poison","Backstab"]},{"damage_healed":0,"gold_gain":0,"player_choice":"Fought Mushrooms","damage_taken":0,"max_hp_gain":0,"max_hp_loss":0,"event_name":"Mushrooms","floor":7,"gold_loss":0},{"damage_healed":0,"gold_gain":0,"player_choice":"Success","damage_taken":7,"relics_obtained":["Lantern"],"max_hp_gain":0,"max_hp_loss":0,"event_name":"Scrap Ooze","floor":12,"gold_loss":0},{"damage_healed":0,"gold_gain":75,"player_choice":"Gather Gold","damage_taken":11,"max_hp_gain":0,"max_hp_loss":0,"event_name":"World of Goop","floor":13,"gold_loss":0},{"cards_removed":["Dagger Throw"],"damage_healed":0,"gold_gain":0,"player_choice":"Purged","damage_taken":0,"max_hp_gain":0,"max_hp_loss":0,"event_name":"Purifier","floor":14,"gold_loss":0},{"damage_healed":0,"gold_gain":0,"player_choice":"Upgraded","damage_taken":0,"max_hp_gain":0,"max_hp_loss":0,"event_name":"Upgrade Shrine","floor":19,"gold_loss":0,"cards_upgraded":["After Image"]}],"is_beta":false,"boss_relics":[{"not_picked":["Ectoplasm","Runic Dome","Snecko Eye"]}],"items_purged_floors":[5],"is_endless":false,"potions_floor_spawned":[1,4,7,10,18,24],"ascension_level":6}