{"gold_per_floor":[126,138,150,337,367,379,408,420,478,500,512,536,548,587,599,611],"floor_reached":16,"playtime":630,"items_purged":[],"score":105,"play_id":"362c34c8-abe1-47e4-98d7-5d596e54278b","local_time":"20190819155100","is_ascension_mode":true,"campfire_choices":[{"data":"Neutralize","floor":6,"key":"SMITH"},{"data":"Dagger Throw","floor":8,"key":"SMITH"},{"floor":15,"key":"REST"}],"neow_cost":"NONE","seed_source_timestamp":360497206767409,"circlet_count":0,"master_deck":["Strike_G","Strike_G","Strike_G","Strike_G","Strike_G","Defend_G","Defend_G","Defend_G","Defend_G","Defend_G","Survivor","Neutralize+1","Prepared","Doubt","Dagger Throw+1","Die Die Die","Backstab"],"relics":["Ring of the Snake","MawBank","Strawberry","Dream Catcher","PreservedInsect"],"potions_floor_usage":[10,12,16],"damage_taken":[{"damage":0,"enemies":"2 Louse","floor":1,"turns":2},{"damage":5,"enemies":"Small Slimes","floor":5,"turns":4},{"damage":4,"enemies":"Jaw Worm","floor":7,"turns":4},{"damage":13,"enemies":"Red Slaver","floor":10,"turns":4},{"damage":5,"enemies":"Gremlin Gang","floor":12,"turns":4},{"damage":23,"enemies":"3 Sentries","floor":14,"turns":10},{"damage":47,"enemies":"Slime Boss","floor":16,"turns":12}],"seed_played":"-3829823049932956145","potions_obtained":[{"floor":7,"key":"Fire Potion"},{"floor":10,"key":"Fire Potion"},{"floor":14,"key":"GhostInAJar"}],"is_trial":false,"path_per_floor":["M","?","?","?","M","R","M","R","T","M","$","M","$","E","R","B"],"character_chosen":"THE_SILENT","items_purchased":[],"campfire_rested":1,"item_purchase_floors":[],"current_hp_per_floor":[70,70,70,70,65,65,61,61,61,48,48,43,43,20,43,0],"gold":611,"neow_bonus":"RANDOM_COMMON_RELIC","is_prod":false,"is_daily":false,"chose_seed":false,"campfire_upgraded":2,"win_rate":0,"timestamp":1566244260,"path_taken":["M","?","?","?","M","R","M","R","T","M","?","?","$","E","R","BOSS"],"build_version":"2019-07-17","purchased_purges":0,"victory":false,"max_hp_per_floor":[70,77,77,77,77,77,77,77,77,77,77,77,77,77,77,77],"card_choices":[{"not_picked":["Tactician","Leg Sweep"],"picked":"Prepared","floor":1},{"not_picked":["Slice","Predator"],"picked":"Dagger Throw","floor":5},{"not_picked":["Endless Agony","Riddle With Holes","Dagger Throw"],"picked":"SKIP","floor":7},{"not_picked":["Sucker Punch","Flechettes","Prepared"],"picked":"SKIP","floor":10},{"not_picked":["Deadly Poison","Prepared"],"picked":"Die Die Die","floor":12},{"not_picked":["Dodge and Roll","PiercingWail"],"picked":"Backstab","floor":14}],"player_experience":137889,"relics_obtained":[{"floor":9,"key":"Dream Catcher"},{"floor":14,"key":"PreservedInsect"}],"event_choices":[{"damage_healed":0,"gold_gain":0,"player_choice":"Success","damage_taken":7,"relics_obtained":["Strawberry"],"max_hp_gain":0,"max_hp_loss":0,"event_name":"Scrap Ooze","floor":2,"gold_loss":0},{"damage_healed":0,"gold_gain":0,"player_choice":"Leave","damage_taken":0,"max_hp_gain":0,"max_hp_loss":0,"event_name":"The Cleric","floor":3,"gold_loss":0},{"damage_healed":0,"gold_gain":175,"player_choice":"AGREE","damage_taken":0,"max_hp_gain":0,"max_hp_loss":0,"event_name":"Liars Game","floor":4,"gold_loss":0,"cards_obtained":["Doubt"]}],"is_beta":false,"boss_relics":[],"items_purged_floors":[],"is_endless":false,"potions_floor_spawned":[7,10,14],"killed_by":"Slime Boss","ascension_level":1}