{"gold_per_floor":[114,64,64,83,83,113,113,90,90,120,153,153,169,187,187,283,283,297,40,40,52,63,63,76,76],"floor_reached":25,"playtime":3549,"items_purged":["Strike_G"],"score":222,"play_id":"42595090-207c-458e-93b2-2e1a3dc5d9c0","local_time":"20190821185138","is_ascension_mode":true,"campfire_choices":[{"floor":7,"key":"REST"},{"floor":12,"key":"REST"},{"floor":15,"key":"REST"},{"data":"Doppelganger","floor":23,"key":"SMITH"}],"neow_cost":"NONE","seed_source_timestamp":541231538917124,"circlet_count":0,"master_deck":["Strike_G","Strike_G","Strike_G","Defend_G","Defend_G","Defend_G","Defend_G","Defend_G","Survivor","Neutralize","Doppelganger+1","Slice","Dagger Throw","Grand Finale","Acrobatics","Caltrops","Flying Knee","Cloak And Dagger","Tools of the Trade","Dodge and Roll","Noxious Fumes","Well Laid Plans+1","Prepared+1","Skewer"],"relics":["Ring of the Snake","Happy Flower","Sundial","Odd Mushroom","Omamori","Cursed Key","Orichalcum"],"potions_floor_usage":[6,13,14,16,22,25],"damage_taken":[{"damage":0,"enemies":"2 Louse","floor":1,"turns":3},{"damage":5,"enemies":"Jaw Worm","floor":4,"turns":4},{"damage":28,"enemies":"Gremlin Nob","floor":6,"turns":5},{"damage":13,"enemies":"The Mushroom Lair","floor":10,"turns":5},{"damage":8,"enemies":"3 Sentries","floor":11,"turns":6},{"damage":0,"enemies":"Small Slimes","floor":13,"turns":3},{"damage":1,"enemies":"3 Louse","floor":14,"turns":3},{"damage":28,"enemies":"Hexaghost","floor":16,"turns":8},{"damage":13,"enemies":"3 Byrds","floor":18,"turns":6},{"damage":6,"enemies":"Shell Parasite","floor":21,"turns":7},{"damage":10,"enemies":"Shelled Parasite and Fungi","floor":22,"turns":6},{"damage":12,"enemies":"Centurion and Healer","floor":24,"turns":10},{"damage":46,"enemies":"3 Cultists","floor":25,"turns":7}],"seed_played":"-352775631143369517","potions_obtained":[{"floor":1,"key":"SneckoOil"},{"floor":4,"key":"SkillPotion"},{"floor":10,"key":"Fire Potion"},{"floor":11,"key":"FearPotion"},{"floor":18,"key":"Weak Potion"},{"floor":21,"key":"PowerPotion"}],"is_trial":false,"path_per_floor":["M","?","?","M","?","E","R","?","T","?","E","R","M","M","R","B",null,"M","$","?","M","M","R","M","M"],"character_chosen":"THE_SILENT","items_purchased":["Orichalcum","Noxious Fumes"],"campfire_rested":3,"item_purchase_floors":[19,19],"current_hp_per_floor":[70,70,70,65,65,37,58,58,58,45,37,58,58,57,70,42,70,57,57,70,64,54,54,42,0],"gold":76,"neow_bonus":"ONE_RANDOM_RARE_CARD","is_prod":false,"is_daily":false,"chose_seed":false,"campfire_upgraded":1,"win_rate":0,"timestamp":1566427898,"path_taken":["M","?","?","M","?","E","R","?","T","?","E","R","M","M","R","BOSS","M","$","?","M","M","R","M","M"],"build_version":"2019-07-17","purchased_purges":1,"victory":false,"max_hp_per_floor":[70,70,70,70,70,70,70,70,70,70,70,70,70,70,70,70,70,70,70,70,70,70,70,70,70],"card_choices":[{"not_picked":["Bane","Outmaneuver"],"picked":"Slice","floor":1},{"not_picked":["Outmaneuver","Reflex"],"picked":"Dagger Throw","floor":4},{"not_picked":["Sucker Punch","Bane"],"picked":"Grand Finale","floor":6},{"not_picked":["Distraction","PiercingWail"],"picked":"Acrobatics","floor":10},{"not_picked":["Prepared","Distraction"],"picked":"Caltrops","floor":11},{"not_picked":["Masterful Stab","Endless Agony"],"picked":"Flying Knee","floor":13},{"not_picked":["All Out Attack","Flying Knee"],"picked":"Cloak And Dagger","floor":14},{"not_picked":["Doppelganger","Storm of Steel"],"picked":"Tools of the Trade","floor":16},{"not_picked":["Deadly Poison","Dagger Spray"],"picked":"Dodge and Roll","floor":18},{"not_picked":["Bouncing Flask","Slice+1"],"picked":"Well Laid Plans+1","floor":21},{"not_picked":["Quick Slash","Choke"],"picked":"Prepared+1","floor":22},{"not_picked":["Accuracy+1","Dodge and Roll"],"picked":"Skewer","floor":24}],"player_experience":150691,"relics_obtained":[{"floor":6,"key":"Happy Flower"},{"floor":9,"key":"Sundial"},{"floor":10,"key":"Odd Mushroom"},{"floor":11,"key":"Omamori"}],"event_choices":[{"cards_removed":["Strike_G"],"damage_healed":0,"gold_gain":0,"player_choice":"Card Removal","damage_taken":0,"max_hp_gain":0,"max_hp_loss":0,"event_name":"The Cleric","floor":2,"gold_loss":50},{"damage_healed":0,"gold_gain":0,"player_choice":"Ignored","damage_taken":0,"max_hp_gain":0,"max_hp_loss":0,"event_name":"Liars Game","floor":3,"gold_loss":0},{"damage_healed":0,"gold_gain":0,"player_choice":"Ignored","damage_taken":0,"max_hp_gain":0,"max_hp_loss":0,"event_name":"Shining Light","floor":5,"gold_loss":0},{"damage_healed":0,"gold_gain":0,"player_choice":"Left Gold","damage_taken":0,"max_hp_gain":0,"max_hp_loss":0,"event_name":"World of Goop","floor":8,"gold_loss":23},{"damage_healed":0,"gold_gain":0,"player_choice":"Fought Mushrooms","damage_taken":0,"max_hp_gain":0,"max_hp_loss":0,"event_name":"Mushrooms","floor":10,"gold_loss":0},{"damage_healed":23,"gold_gain":0,"player_choice":"Heal","damage_taken":0,"max_hp_gain":0,"max_hp_loss":0,"event_name":"The Library","floor":20,"gold_loss":0}],"is_beta":false,"boss_relics":[{"not_picked":["Velvet Choker","Runic Pyramid"],"picked":"Cursed Key"}],"items_purged_floors":[19],"is_endless":false,"potions_floor_spawned":[1,4,10,11,18,21],"killed_by":"3 Cultists","ascension_level":1}