{"gold_per_floor":[110,110,110,35,35,35,74,92,92,92,105,105,55,93,93,221,221,237,237,137,161,175,219,94,128,177,177,191,212,237,237,237,357,357,378,378,378,228,353,353,392,392,392,392,413,456,456,472,472,472,472,472,219,255,255],"floor_reached":55,"playtime":3471,"items_purged":["Strike_G","Distraction","Skewer","Flechettes","Escape Plan"],"score":919,"play_id":"1d8406ad-0a42-4bcd-b976-3f1e7eae5c98","local_time":"20181219235640","is_ascension_mode":true,"campfire_choices":[{"data":"Survivor","floor":6,"key":"SMITH"},{"floor":10,"key":"RECALL"},{"data":"Noxious Fumes","floor":12,"key":"SMITH"},{"floor":15,"key":"REST"},{"floor":27,"key":"REST"},{"floor":32,"key":"REST"},{"data":"Leg Sweep","floor":40,"key":"SMITH"},{"floor":42,"key":"REST"},{"floor":44,"key":"REST"},{"data":"Dash","floor":49,"key":"SMITH"},{"data":"Corpse Explosion","floor":52,"key":"SMITH"}],"neow_cost":"NONE","seed_source_timestamp":623240143227714,"circlet_count":0,"master_deck":["Survivor+1","Neutralize+1","Noxious Fumes+1","Infinite Blades","Glass Knife","Infinite Blades","Noxious Fumes+1","Cloak And Dagger","Leg Sweep+1","Corpse Explosion+1","Dash+1","Catalyst+1","Backstab+1","Noxious Fumes"],"relics":["Ring of the Snake","NeowsBlessing","Golden Idol","FossilizedHelix","Centennial Puzzle","Thread and Needle","Pandora\u0027s Box","Boot","Snake Skull","Blood Vial","Sozu","Incense Burner","Mercury Hourglass","Du-Vu Doll","Turnip"],"potions_floor_usage":[16,25,25,33,33],"damage_taken":[{"damage":0,"enemies":"Jaw Worm","floor":1,"turns":1},{"damage":0,"enemies":"3 Sentries","floor":7,"turns":1},{"damage":0,"enemies":"Small Slimes","floor":8,"turns":1},{"damage":0,"enemies":"Cultist","floor":11,"turns":4},{"damage":18,"enemies":"Gremlin Nob","floor":14,"turns":4},{"damage":6,"enemies":"The Guardian","floor":16,"turns":12},{"damage":5,"enemies":"Shell Parasite","floor":18,"turns":4},{"damage":11,"enemies":"2 Thieves","floor":21,"turns":4},{"damage":9,"enemies":"Snecko","floor":22,"turns":4},{"damage":30,"enemies":"Book of Stabbing","floor":23,"turns":5},{"damage":30,"enemies":"Slavers","floor":25,"turns":5},{"damage":6,"enemies":"Centurion and Healer","floor":28,"turns":5},{"damage":10,"enemies":"Sentry and Sphere","floor":29,"turns":5},{"damage":2,"enemies":"Cultist and Chosen","floor":30,"turns":5},{"damage":1,"enemies":"Champ","floor":33,"turns":13},{"damage":10,"enemies":"3 Shapes","floor":35,"turns":3},{"damage":0,"enemies":"Mind Bloom Boss Battle","floor":39,"turns":7},{"damage":52,"enemies":"Reptomancer","floor":41,"turns":8},{"damage":0,"enemies":"Orb Walker","floor":45,"turns":4},{"damage":5,"enemies":"Nemesis","floor":46,"turns":5},{"damage":0,"enemies":"Transient","floor":48,"turns":5},{"damage":47,"enemies":"Time Eater","floor":50,"turns":12},{"damage":39,"enemies":"Shield and Spear","floor":54,"turns":5},{"damage":80,"enemies":"The Heart","floor":55,"turns":5}],"seed_played":"1804165149484048788","potions_obtained":[{"floor":11,"key":"SneckoOil"},{"floor":14,"key":"AttackPotion"},{"floor":21,"key":"Explosive Potion"},{"floor":23,"key":"Regen Potion"},{"floor":25,"key":"SteroidPotion"},{"floor":28,"key":"Strength Potion"},{"floor":30,"key":"Ancient Potion"}],"is_trial":false,"path_per_floor":["M","?","?","$","?","R","E","M","T","R","M","R","?","E","R","B",null,"M","?","$","M","M","E","$","E","T","R","M","M","M","?","R","B",null,"M","?","?","$","?","R","E","R","T","R","M","E","?","M","R","B",null,"R","$","E","B"],"character_chosen":"THE_SILENT","items_purchased":["Noxious Fumes"],"campfire_rested":5,"item_purchase_floors":[53],"current_hp_per_floor":[70,70,53,53,53,53,53,53,53,53,53,53,53,35,56,50,70,65,80,80,69,60,30,30,12,12,36,32,24,24,24,48,49,80,70,70,70,70,72,72,22,44,44,66,68,65,60,62,62,17,76,76,76,37,0],"gold":255,"neow_bonus":"THREE_ENEMY_KILL","is_prod":false,"is_daily":false,"chose_seed":false,"campfire_upgraded":5,"win_rate":0,"timestamp":1545285400,"path_taken":["M","?","?","$","?","R","E","M","T","R","?","R","?","E","R","BOSS","M","?","$","M","M","E","$","E","T","R","?","M","M","?","R","BOSS","M","?","?","$","?","R","E","R","T","R","?","E","?","M","R","BOSS","R","$","E","BOSS"],"build_version":"2018-12-13","purchased_purges":5,"victory":false,"max_hp_per_floor":[70,70,70,70,70,70,70,70,70,70,70,70,70,70,70,70,70,70,80,80,80,80,80,80,80,80,80,80,80,80,80,80,80,80,80,80,76,76,76,76,76,76,76,76,76,76,76,76,76,76,76,76,76,76,76],"card_choices":[{"not_picked":["Slice","Poisoned Stab","Backflip"],"picked":"SKIP","floor":1},{"not_picked":["Tactician","Masterful Stab","Finisher"],"picked":"SKIP","floor":7},{"not_picked":["Bane","Dodge and Roll","Expertise"],"picked":"SKIP","floor":8},{"not_picked":["Backstab","Dodge and Roll"],"picked":"Noxious Fumes","floor":11},{"not_picked":["Reflex","Setup","Acrobatics"],"picked":"SKIP","floor":14},{"not_picked":["Flying Knee+1","Bane"],"picked":"Infinite Blades","floor":18},{"not_picked":["Sucker Punch","Quick Slash+1"],"picked":"Noxious Fumes+1","floor":21},{"not_picked":["Poisoned Stab+1","Bouncing Flask","PiercingWail"],"picked":"SKIP","floor":22},{"not_picked":["Phantasmal Killer","All Out Attack","Sucker Punch"],"picked":"SKIP","floor":23},{"not_picked":["Poisoned Stab","Sucker Punch"],"picked":"Cloak And Dagger","floor":25},{"not_picked":["Outmaneuver","Poisoned Stab","A Thousand Cuts"],"picked":"SKIP","floor":28},{"not_picked":["Slice","Prepared","Eviscerate"],"picked":"SKIP","floor":29},{"not_picked":["Flying Knee+1","Blur"],"picked":"Leg Sweep","floor":30},{"not_picked":["Bullet Time","Die Die Die"],"picked":"Corpse Explosion","floor":33},{"not_picked":["Backflip","Dodge and Roll+1"],"picked":"Dash","floor":35},{"not_picked":["Well Laid Plans","PiercingWail+1"],"picked":"Catalyst+1","floor":41},{"not_picked":["Deflect+1","Dagger Spray+1"],"picked":"Backstab+1","floor":45},{"not_picked":["Deflect","Poisoned Stab","Eviscerate"],"picked":"SKIP","floor":46},{"not_picked":["Dagger Throw","Prepared","Poisoned Stab"],"picked":"SKIP","floor":48},{"not_picked":["PiercingWail+1","Riddle With Holes","Doppelganger"],"picked":"SKIP","floor":54}],"player_experience":800729,"relics_obtained":[{"floor":7,"key":"FossilizedHelix"},{"floor":9,"key":"Centennial Puzzle"},{"floor":14,"key":"Thread and Needle"},{"floor":23,"key":"Boot"},{"floor":25,"key":"Snake Skull"},{"floor":26,"key":"Blood Vial"},{"floor":39,"key":"Incense Burner"},{"floor":41,"key":"Mercury Hourglass"},{"floor":46,"key":"Du-Vu Doll"},{"floor":54,"key":"Turnip"}],"event_choices":[{"cards_removed":["Defend_G"],"damage_healed":0,"gold_gain":0,"player_choice":"Forget","damage_taken":0,"max_hp_gain":0,"max_hp_loss":0,"event_name":"Living Wall","floor":2,"gold_loss":0},{"damage_healed":0,"gold_gain":0,"player_choice":"Take Damage","damage_taken":17,"relics_obtained":["Golden Idol"],"max_hp_gain":0,"max_hp_loss":0,"event_name":"Golden Idol","floor":3,"gold_loss":0},{"damage_healed":0,"gold_gain":0,"player_choice":"Upgraded","damage_taken":0,"max_hp_gain":0,"max_hp_loss":0,"event_name":"Upgrade Shrine","floor":5,"gold_loss":0,"cards_upgraded":["Neutralize"]},{"cards_removed":["Defend_G"],"damage_healed":0,"gold_gain":0,"player_choice":"Card Removal","damage_taken":0,"max_hp_gain":0,"max_hp_loss":0,"event_name":"The Cleric","floor":13,"gold_loss":50},{"cards_removed":["Grand Finale"],"damage_healed":5,"gold_gain":0,"player_choice":"Offered Rare","damage_taken":0,"max_hp_gain":10,"max_hp_loss":0,"event_name":"Bonfire Elementals","floor":19,"gold_loss":0},{"damage_healed":0,"gold_gain":0,"player_choice":"Ignored","damage_taken":0,"max_hp_gain":0,"max_hp_loss":0,"event_name":"Ghosts","floor":31,"gold_loss":0},{"damage_healed":0,"gold_gain":0,"player_choice":"Ignored","damage_taken":0,"max_hp_gain":0,"max_hp_loss":0,"event_name":"Tomb of Lord Red Mask","floor":36,"gold_loss":0},{"damage_healed":0,"gold_gain":0,"player_choice":"Max HP","damage_taken":0,"max_hp_gain":0,"max_hp_loss":4,"event_name":"Winding Halls","floor":37,"gold_loss":0},{"damage_healed":0,"gold_gain":0,"player_choice":"Fight","damage_taken":0,"max_hp_gain":0,"max_hp_loss":0,"event_name":"MindBloom","floor":39,"gold_loss":0},{"damage_healed":0,"gold_gain":0,"player_choice":"Memory 2","damage_taken":5,"max_hp_gain":0,"max_hp_loss":0,"event_name":"SensoryStone","floor":47,"gold_loss":0}],"is_beta":false,"boss_relics":[{"not_picked":["Black Star","White Beast Statue"],"picked":"Pandora\u0027s Box"},{"not_picked":["Astrolabe","Cursed Key"],"picked":"Sozu"}],"items_purged_floors":[4,20,24,38,53],"is_endless":false,"potions_floor_spawned":[11,14,21,23,25,28,30,35,45,46,54],"killed_by":"The Heart","ascension_level":3}