{"gold_per_floor":[117,135,154,172,172,200,216,216,216,233,158,190,210,229,229,325,325,342,342,358,258,258,258,258,258,305,305,324,357,8,23,23,23],"floor_reached":33,"playtime":5272,"items_purged":["Defend_G","Acrobatics"],"score":304,"play_id":"34a2a72b-7219-422a-9b5e-8a4aa5478040","local_time":"20190831205341","is_ascension_mode":false,"campfire_choices":[{"floor":15.0,"key":"REST"},{"data":"Blade Dance","floor":23,"key":"SMITH"},{"data":"Deflect","floor":25,"key":"SMITH"},{"floor":27,"key":"REST"},{"floor":32,"key":"REST"}],"neow_cost":"NONE","seed_source_timestamp":0,"circlet_count":0,"master_deck":["Defend_G","Defend_G","Defend_G","Survivor+1","Neutralize+1","Infinite Blades","Deflect+1","Prepared","Escape Plan","Backstab","Prepared","A Thousand Cuts","Die Die Die","Flying Knee+1","Backstab","Blade Dance+1","Bite","Bite","Bite","Bite","Deep Breath","Slice+1"],"special_seed":0,"relics":["Ring of the Snake","Whetstone","Ginger","Gremlin Horn","Empty Cage","Vajra","Thread and Needle","Strawberry","Sling"],"potions_floor_usage":[33,33],"damage_taken":[{"damage":0.0,"enemies":"Cultist","floor":1.0,"turns":5.0},{"damage":0.0,"enemies":"Jaw Worm","floor":2.0,"turns":4.0},{"damage":5.0,"enemies":"Small Slimes","floor":3.0,"turns":5.0},{"damage":9.0,"enemies":"2 Fungi Beasts","floor":4.0,"turns":5.0},{"damage":19.0,"enemies":"3 Sentries","floor":6.0,"turns":11.0},{"damage":0.0,"enemies":"Red Slaver","floor":7.0,"turns":7.0},{"damage":0.0,"enemies":"Blue Slaver","floor":10.0,"turns":5.0},{"damage":8.0,"enemies":"Lagavulin","floor":12.0,"turns":8.0},{"damage":8.0,"enemies":"Exordium Wildlife","floor":13.0,"turns":6.0},{"damage":0.0,"enemies":"Red Slaver","floor":14.0,"turns":4.0},{"damage":41.0,"enemies":"Hexaghost","floor":16.0,"turns":16.0},{"damage":24.0,"enemies":"Spheric Guardian","floor":18.0,"turns":7.0},{"damage":18.0,"enemies":"Shell Parasite","floor":20.0,"turns":6.0},{"damage":14,"enemies":"Sentry and Sphere","floor":28,"turns":4},{"damage":32,"enemies":"Slavers","floor":29,"turns":5},{"damage":13,"enemies":"Cultist and Chosen","floor":31,"turns":5},{"damage":82,"enemies":"Champ","floor":33,"turns":13}],"seed_played":"-4828302709126176476","potions_obtained":[{"floor":6.0,"key":"SkillPotion"},{"floor":12.0,"key":"SneckoOil"},{"floor":13.0,"key":"Energy Potion"},{"floor":14.0,"key":"SpeedPotion"},{"floor":16.0,"key":"Poison Potion"},{"floor":28,"key":"SkillPotion"},{"floor":29,"key":"Block Potion"}],"is_trial":false,"path_per_floor":["M","M","M","M","?","E","M","?","T","M","$","E","M","M","R","B",null,"M","?","M","$","?","R","?","R","T","R","M","E","$","M","R","B"],"character_chosen":"THE_SILENT","items_purchased":["Strawberry","Sling"],"campfire_rested":3,"item_purchase_floors":[30,30],"current_hp_per_floor":[70,70,65,56,56,37,37,37,37,37,37,29,21,21,42,1,70,46,46,28,28,28,28,28,28,28,42,38,20,27,26,42,0],"gold":23,"neow_bonus":"UPGRADE_CARD","is_prod":false,"is_daily":false,"chose_seed":false,"campfire_upgraded":2,"win_rate":0.0,"timestamp":1567277621,"path_taken":["M","M","?","M","?","E","?","?","T","M","$","E","M","M","R","BOSS","M","?","M","$","?","R","?","R","T","R","?","E","$","M","R","BOSS"],"build_version":"2019-07-17","purchased_purges":2,"victory":false,"max_hp_per_floor":[70,70,70,70,70,70,70,70,70,70,70,70,70,70,70,70,70,70,70,70,70,49,49,49,49,49,49,49,49,56,56,56,56],"card_choices":[{"not_picked":["Dodge and Roll","Slice"],"picked":"Infinite Blades","floor":1.0},{"not_picked":["Dodge and Roll","Underhanded Strike"],"picked":"Acrobatics","floor":2.0},{"not_picked":["Bane","Dagger Throw"],"picked":"Deflect","floor":3.0},{"not_picked":["Riddle With Holes","Dodge and Roll","Quick Slash"],"picked":"SKIP","floor":4.0},{"not_picked":["Underhanded Strike","Caltrops"],"picked":"Prepared","floor":6.0},{"not_picked":["Bouncing Flask","Backflip"],"picked":"Escape Plan","floor":7.0},{"not_picked":["Blur","Quick Slash","Infinite Blades"],"picked":"SKIP","floor":10.0},{"not_picked":["Escape Plan","Flying Knee"],"picked":"Backstab","floor":12.0},{"not_picked":["Poisoned Stab","Bane"],"picked":"Prepared","floor":13.0},{"not_picked":["All Out Attack","Outmaneuver"],"picked":"A Thousand Cuts","floor":14.0},{"not_picked":["Storm of Steel","Night Terror"],"picked":"Die Die Die","floor":16.0},{"not_picked":["Dagger Throw","Distraction"],"picked":"Flying Knee+1","floor":18.0},{"not_picked":["Dagger Throw","Acrobatics"],"picked":"Blade Dance","floor":20.0},{"not_picked":["Dagger Spray+1","Footwork"],"picked":"Slice+1","floor":28},{"not_picked":["Heel Hook+1","Outmaneuver","Dash"],"picked":"SKIP","floor":29},{"not_picked":["Leg Sweep","PiercingWail","Flechettes+1"],"picked":"SKIP","floor":31}],"player_experience":28617,"relics_obtained":[{"floor":6.0,"key":"Whetstone"},{"floor":9.0,"key":"Ginger"},{"floor":12.0,"key":"Gremlin Horn"},{"floor":26,"key":"Vajra"},{"floor":29,"key":"Thread and Needle"}],"event_choices":[{"damage_healed":0.0,"max_hp_gain":0.0,"max_hp_loss":0.0,"gold_gain":0.0,"event_name":"The Woman in Blue","player_choice":"Bought 0 Potions","floor":5.0,"gold_loss":0.0,"damage_taken":0.0},{"damage_healed":0.0,"max_hp_gain":0.0,"max_hp_loss":0.0,"gold_gain":0.0,"event_name":"Liars Game","player_choice":"Ignored","floor":8.0,"gold_loss":0.0,"damage_taken":0.0},{"damage_healed":0.0,"max_hp_gain":0.0,"max_hp_loss":0.0,"gold_gain":0.0,"event_name":"The Library","player_choice":"Read","floor":19.0,"gold_loss":0.0,"damage_taken":0.0,"cards_obtained":["Backstab"]},{"damage_healed":0,"gold_gain":0,"player_choice":"Became a vampire","damage_taken":0,"max_hp_gain":0,"max_hp_loss":21,"event_name":"Vampires","floor":22,"gold_loss":0,"cards_obtained":["Bite","Bite","Bite","Bite","Bite"]},{"damage_healed":0,"gold_gain":0,"cards_transformed":["Bite"],"player_choice":"Transformed","damage_taken":0,"max_hp_gain":0,"max_hp_loss":0,"event_name":"Transmorgrifier","floor":24,"gold_loss":0,"cards_obtained":["Deep Breath"]}],"is_beta":false,"boss_relics":[{"not_picked":["Coffee Dripper","Orrery"],"picked":"Empty Cage"}],"items_purged_floors":[11,21],"is_endless":false,"potions_floor_spawned":[6,12,13,14,16,28,29,31],"killed_by":"Champ","ascension_level":0}