{"gold_per_floor":[367,367,385,102,102,102,116,116,143,162,175,175,188,200,200,300,300,313,313,313,313,20,20,47,47,47,57,67,67,67,67,67,172,172,187,187,201,217,92,92],"floor_reached":40,"playtime":1745,"items_purged":["Injury","Strike_R","Strike_R"],"score":470,"play_id":"4c583058-6d66-491e-97d9-f691479f782d","local_time":"20190203095514","is_ascension_mode":true,"campfire_choices":[{"data":"Juggernaut","floor":6,"key":"SMITH"},{"data":"Panache","floor":12,"key":"SMITH"},{"data":"Battle Trance","floor":15,"key":"SMITH"},{"floor":23,"key":"REST"},{"data":"Apotheosis","floor":25,"key":"SMITH"},{"floor":30,"key":"REST"},{"data":"Demon Form","floor":32,"key":"SMITH"}],"neow_cost":"CURSE","seed_source_timestamp":2092258648466183,"circlet_count":0,"master_deck":["Strike_R","Defend_R","Defend_R","Defend_R","Defend_R","Bash","Juggernaut+1","Body Slam","Panache+1","Shrug It Off","Battle Trance+1","Shrug It Off","Demon Form+1","Flame Barrier","Apotheosis+1","Shrug It Off","Feed"],"relics":["Burning Blood","Bronze Scales","Busted Crown","Orichalcum","Shuriken","Cursed Key"],"potions_floor_usage":[7,10,13,16,16,16,21,40,40],"damage_taken":[{"damage":8,"enemies":"Jaw Worm","floor":1,"turns":4},{"damage":9,"enemies":"Cultist","floor":3,"turns":5},{"damage":2,"enemies":"Small Slimes","floor":7,"turns":3},{"damage":1,"enemies":"Looter","floor":10,"turns":3},{"damage":11,"enemies":"Exordium Wildlife","floor":11,"turns":5},{"damage":0,"enemies":"2 Fungi Beasts","floor":13,"turns":3},{"damage":15,"enemies":"3 Louse","floor":14,"turns":5},{"damage":48,"enemies":"Hexaghost","floor":16,"turns":10},{"damage":6,"enemies":"Spheric Guardian","floor":18,"turns":3},{"damage":20,"enemies":"Colosseum Slavers","floor":21,"turns":5},{"damage":6,"enemies":"Shell Parasite","floor":27,"turns":2},{"damage":31,"enemies":"Snake Plant","floor":28,"turns":4},{"damage":35,"enemies":"Collector","floor":33,"turns":9},{"damage":0,"enemies":"Orb Walker","floor":35,"turns":3},{"damage":21,"enemies":"3 Darklings","floor":37,"turns":3},{"damage":24,"enemies":"Spire Growth","floor":38,"turns":4},{"damage":45,"enemies":"Reptomancer","floor":40,"turns":6}],"seed_played":"6716385334288675114","potions_obtained":[{"floor":3,"key":"Block Potion"},{"floor":5,"key":"Ancient Potion"},{"floor":5,"key":"Energy Potion"},{"floor":10,"key":"SkillPotion"},{"floor":11,"key":"Ancient Potion"},{"floor":14,"key":"Dexterity Potion"},{"floor":18,"key":"Weak Potion"},{"floor":33,"key":"Ancient Potion"},{"floor":37,"key":"Ancient Potion"}],"is_trial":false,"path_per_floor":["M","?","M","$","?","R","M","?","T","M","M","R","M","M","R","B",null,"M","?","?","?","$","R","T","R","T","M","M","?","R","?","R","B",null,"M","?","M","M","$","E"],"character_chosen":"IRONCLAD","items_purchased":["Panache","Shrug It Off","Apotheosis"],"campfire_rested":2,"item_purchase_floors":[4,4,22],"current_hp_per_floor":[78,78,75,75,75,75,79,72,72,77,72,72,78,69,69,27,67,67,67,67,53,53,77,77,77,77,77,52,52,76,76,76,47,72,78,76,61,43,43,0],"gold":92,"neow_bonus":"TWO_FIFTY_GOLD","is_prod":false,"is_daily":false,"chose_seed":false,"campfire_upgraded":5,"win_rate":0,"timestamp":1549209314,"path_taken":["M","?","M","$","?","R","?","?","T","M","M","R","M","M","R","BOSS","M","?","?","?","$","R","?","R","T","M","?","?","R","?","R","BOSS","M","?","M","M","$","E"],"build_version":"2019-01-23","purchased_purges":3,"victory":false,"max_hp_per_floor":[80,80,80,80,80,80,80,80,80,80,80,80,80,80,80,80,80,80,80,80,80,80,80,80,80,80,80,80,80,80,80,80,80,80,80,76,76,76,76,76],"card_choices":[{"not_picked":["Seeing Red","Dropkick","Flex"],"picked":"SKIP","floor":1},{"not_picked":["Sword Boomerang","Twin Strike"],"picked":"Body Slam","floor":3},{"not_picked":["Clothesline","Anger"],"picked":"Battle Trance","floor":7},{"not_picked":["Pommel Strike","Feel No Pain","Battle Trance"],"picked":"SKIP","floor":10},{"not_picked":["Cleave","Clash","Rupture"],"picked":"SKIP","floor":11},{"not_picked":["Heavy Blade","Thunderclap"],"picked":"Shrug It Off","floor":13},{"not_picked":["True Grit","Cleave","Bloodletting"],"picked":"SKIP","floor":14},{"not_picked":["Offering","Reaper"],"picked":"Demon Form","floor":16},{"not_picked":["Perfected Strike"],"picked":"SKIP","floor":18},{"not_picked":[],"picked":"Shrug It Off","floor":27},{"not_picked":["Pummel"],"picked":"SKIP","floor":28},{"not_picked":[],"picked":"Feed","floor":33},{"not_picked":["Sword Boomerang+1"],"picked":"SKIP","floor":35},{"not_picked":["Shockwave+1"],"picked":"SKIP","floor":37},{"not_picked":["Twin Strike+1"],"picked":"SKIP","floor":38}],"player_experience":1245987,"relics_obtained":[{"floor":9,"key":"Bronze Scales"},{"floor":24,"key":"Orichalcum"},{"floor":26,"key":"Shuriken"}],"event_choices":[{"damage_healed":0,"gold_gain":0,"player_choice":"1 cards matched","damage_taken":0,"max_hp_gain":0,"max_hp_loss":0,"event_name":"Match and Keep!","floor":2,"gold_loss":0,"cards_obtained":["Juggernaut"]},{"damage_healed":0,"gold_gain":0,"player_choice":"Got Potions","damage_taken":0,"max_hp_gain":0,"max_hp_loss":0,"event_name":"Lab","floor":5,"gold_loss":0},{"cards_removed":["Strike_R"],"damage_healed":0,"gold_gain":0,"player_choice":"Card Removal","damage_taken":7,"max_hp_gain":0,"max_hp_loss":0,"event_name":"Golden Wing","floor":8,"gold_loss":0},{"damage_healed":0,"gold_gain":0,"player_choice":"Ignored","damage_taken":0,"max_hp_gain":0,"max_hp_loss":0,"event_name":"Ghosts","floor":19,"gold_loss":0},{"damage_healed":0,"gold_gain":0,"player_choice":"Read","damage_taken":0,"max_hp_gain":0,"max_hp_loss":0,"event_name":"The Library","floor":20,"gold_loss":0,"cards_obtained":["Flame Barrier"]},{"damage_healed":0,"gold_gain":0,"player_choice":"Fight","damage_taken":0,"max_hp_gain":0,"max_hp_loss":0,"event_name":"Colosseum","floor":21,"gold_loss":0},{"damage_healed":0,"gold_gain":0,"player_choice":"Fled From Nobs","damage_taken":0,"max_hp_gain":0,"max_hp_loss":0,"event_name":"Colosseum","floor":21,"gold_loss":0},{"cards_removed":["Strike_R"],"damage_healed":0,"gold_gain":0,"player_choice":"Elegance","damage_taken":0,"max_hp_gain":0,"max_hp_loss":0,"event_name":"Back to Basics","floor":29,"gold_loss":0},{"damage_healed":0,"gold_gain":0,"player_choice":"Ignored","damage_taken":0,"max_hp_gain":0,"max_hp_loss":0,"event_name":"Beggar","floor":31,"gold_loss":0},{"damage_healed":0,"gold_gain":0,"player_choice":"Max HP","damage_taken":0,"max_hp_gain":0,"max_hp_loss":4,"event_name":"Winding Halls","floor":36,"gold_loss":0}],"is_beta":false,"boss_relics":[{"not_picked":["Pandora\u0027s Box","Lizard Tail"],"picked":"Busted Crown"},{"not_picked":["Philosopher\u0027s Stone","Coffee Dripper"],"picked":"Cursed Key"}],"items_purged_floors":[4,22,39],"is_endless":false,"potions_floor_spawned":[3,10,11,14,18,33,37],"killed_by":"Reptomancer","ascension_level":5}