{"gold_per_floor":[211,230,31,31,106,106,30,30,30,45,63,133,153,165,165,266,266,284,334,27,40,52,3,3,3,3,23,23,35,49,67,67,67],"floor_reached":33,"playtime":11895,"items_purged":["Dualcast","Normality"],"score":337,"play_id":"598b698d-ca19-44a1-a10b-df200e72cfa9","local_time":"20190501232646","is_ascension_mode":true,"campfire_choices":[{"floor":6,"key":"REST"},{"data":"Zap","floor":8,"key":"SMITH"},{"floor":15,"key":"REST"},{"data":"Loop","floor":25,"key":"SMITH"},{"data":"Cold Snap","floor":28,"key":"SMITH"},{"data":"Self Repair","floor":32,"key":"SMITH"}],"neow_cost":"NONE","seed_source_timestamp":1874875292785069,"circlet_count":0,"master_deck":["Strike_B","Strike_B","Strike_B","Strike_B","Defend_B","Defend_B","Defend_B","Defend_B","Zap+1","Reinforced Body+1","Loop+1","Chill+1","Injury","Injury","Cold Snap+1","Apotheosis+1","Self Repair+1","Reinforced Body+1","Madness+1","BootSequence+1"],"relics":["Cracked Core","Membership Card","StoneCalendar","Toxic Egg 2","Calling Bell","Regal Pillow","Question Card","Torii","WingedGreaves"],"potions_floor_usage":[16,16,18,33],"damage_taken":[{"damage":3,"enemies":"Jaw Worm","floor":1,"turns":4},{"damage":1,"enemies":"Cultist","floor":2,"turns":6},{"damage":2,"enemies":"2 Louse","floor":10,"turns":3},{"damage":12,"enemies":"Large Slime","floor":11,"turns":5},{"damage":6,"enemies":"3 Louse","floor":13,"turns":5},{"damage":15,"enemies":"Exordium Wildlife","floor":14,"turns":7},{"damage":15,"enemies":"Slime Boss","floor":16,"turns":7},{"damage":9,"enemies":"Shell Parasite","floor":18,"turns":8},{"damage":14,"enemies":"Chosen","floor":21,"turns":6},{"damage":9,"enemies":"Snake Plant","floor":22,"turns":7},{"damage":0,"enemies":"Snecko","floor":27,"turns":7},{"damage":0,"enemies":"Chosen and Byrds","floor":29,"turns":8},{"damage":15,"enemies":"Sentry and Sphere","floor":30,"turns":10},{"damage":11,"enemies":"3 Cultists","floor":31,"turns":7},{"damage":81,"enemies":"Collector","floor":33,"turns":7}],"seed_played":"-3995979543505432856","potions_obtained":[{"floor":1,"key":"FearPotion"},{"floor":11,"key":"Poison Potion"},{"floor":16,"key":"Dexterity Potion"},{"floor":18,"key":"Fruit Juice"},{"floor":21,"key":"Energy Potion"},{"floor":30,"key":"SteroidPotion"}],"is_trial":false,"path_per_floor":["M","M","$","?","?","R","$","R","T","M","M","T","M","M","R","B",null,"M","?","$","M","M","$","?","R","T","M","R","M","M","M","R","B"],"character_chosen":"DEFECT","items_purchased":["Membership Card","Loop","Apotheosis+1","WingedGreaves","Self Repair","Madness+1"],"campfire_rested":2,"item_purchase_floors":[3,7,20,20,20,23],"current_hp_per_floor":[65,64,64,64,53,75,75,75,75,73,61,61,55,40,62,47,68,64,64,64,57,58,58,58,58,58,68,68,75,70,69,69,0],"gold":67,"neow_bonus":"HUNDRED_GOLD","is_prod":false,"is_daily":false,"chose_seed":false,"campfire_upgraded":4,"win_rate":0,"timestamp":1556771206,"path_taken":["M","M","$","?","?","R","?","R","T","M","M","?","M","M","R","BOSS","M","?","$","M","?","$","?","R","T","M","R","M","?","M","R","BOSS"],"build_version":"2019-01-23","purchased_purges":2,"victory":false,"max_hp_per_floor":[75,75,75,75,75,75,75,75,75,75,75,75,75,75,75,75,75,80,80,80,80,80,80,80,80,80,80,80,80,80,80,80,80],"card_choices":[{"not_picked":["Sweeping Beam","Rebound"],"picked":"Reinforced Body","floor":1},{"not_picked":["Redo","Double Energy","Streamline"],"picked":"SKIP","floor":2},{"not_picked":["Redo","Stack","Sweeping Beam"],"picked":"SKIP","floor":10},{"not_picked":["Go for the Eyes","Turbo","Beam Cell"],"picked":"SKIP","floor":11},{"not_picked":["Coolheaded+1","Barrage","Gash"],"picked":"SKIP","floor":13},{"not_picked":["Turbo+1","Steam+1"],"picked":"Chill+1","floor":14},{"not_picked":["Sweeping Beam","Lockon","Conserve Battery+1"],"picked":"Cold Snap","floor":18},{"not_picked":["Fission+1","Steam+1","Undo+1"],"picked":"Reinforced Body+1","floor":21},{"not_picked":["Doom and Gloom","Compile Driver","Go for the Eyes","Beam Cell"],"picked":"SKIP","floor":22},{"not_picked":["Barrage+1","Gash","Coolheaded+1","Darkness+1"],"picked":"SKIP","floor":27},{"not_picked":["Tempest+1","Hologram+1","Amplify+1"],"picked":"BootSequence+1","floor":29},{"not_picked":["Steam+1","Gash+1","Genetic Algorithm+1","Reprogram+1"],"picked":"SKIP","floor":30},{"not_picked":["Leap+1","Rebound","Hologram+1","Barrage"],"picked":"SKIP","floor":31}],"player_experience":1889014,"relics_obtained":[{"floor":9,"key":"StoneCalendar"},{"floor":12,"key":"Toxic Egg 2"},{"floor":17,"key":"Regal Pillow"},{"floor":17,"key":"Question Card"},{"floor":17,"key":"Torii"}],"event_choices":[{"damage_healed":0,"gold_gain":0,"player_choice":"Leave","damage_taken":0,"max_hp_gain":0,"max_hp_loss":0,"event_name":"The Cleric","floor":4,"gold_loss":0},{"damage_healed":0,"gold_gain":75,"player_choice":"Gather Gold","damage_taken":11,"max_hp_gain":0,"max_hp_loss":0,"event_name":"World of Goop","floor":5,"gold_loss":0},{"damage_healed":0,"gold_gain":100,"player_choice":"Bet on Murderer","damage_taken":0,"max_hp_gain":0,"max_hp_loss":0,"event_name":"The Joust","floor":19,"gold_loss":50},{"damage_healed":0,"gold_gain":0,"player_choice":"Upgraded","damage_taken":0,"max_hp_gain":0,"max_hp_loss":0,"event_name":"Upgrade Shrine","floor":24,"gold_loss":0,"cards_upgraded":["Reinforced Body"]}],"is_beta":false,"boss_relics":[{"not_picked":["Runic Dome","Snecko Eye"],"picked":"Calling Bell"}],"items_purged_floors":[7,20],"is_endless":false,"potions_floor_spawned":[1,11,16,18,21,30],"killed_by":"Collector","ascension_level":8}