{"gold_per_floor":[118,193,193,213,213,248,262,262],"floor_reached":8,"playtime":520,"items_purged":[],"score":89,"play_id":"94d2fc0e-69d7-4483-90bb-e0bb0dc5c116","local_time":"20190824175848","is_ascension_mode":true,"campfire_choices":[],"neow_cost":"CURSE","seed_source_timestamp":922529186144100,"circlet_count":0,"master_deck":["AscendersBane","Strike_B","Strike_B","Strike_B","Strike_B","Defend_B","Defend_B","Defend_B","Defend_B","Zap","Dualcast","Cold Snap","Seek","Conserve Battery"],"relics":["Cracked Core","Unceasing Top","Letter Opener","Spirit Poop","Prayer Wheel"],"potions_floor_usage":[6],"damage_taken":[{"damage":9,"enemies":"2 Louse","floor":1,"turns":4},{"damage":8,"enemies":"Jaw Worm","floor":4,"turns":4},{"damage":31,"enemies":"3 Sentries","floor":6,"turns":7},{"damage":3,"enemies":"Cultist","floor":7,"turns":4},{"damage":8,"enemies":"Lots of Slimes","floor":8,"turns":1}],"seed_played":"-1301905867665393409","potions_obtained":[{"floor":1,"key":"LiquidBronze"},{"floor":6,"key":"Ancient Potion"}],"is_trial":false,"path_per_floor":["M","?","T","M","?","E","M","M"],"character_chosen":"DEFECT","items_purchased":[],"campfire_rested":0,"item_purchase_floors":[],"current_hp_per_floor":[59,48,48,40,40,9,6,0],"gold":262,"neow_bonus":"ONE_RARE_RELIC","is_prod":false,"is_daily":false,"chose_seed":false,"campfire_upgraded":0,"win_rate":0,"timestamp":1566687528,"path_taken":["M","?","?","M","?","E","M","M"],"build_version":"2019-07-17","purchased_purges":0,"victory":false,"max_hp_per_floor":[75,75,75,75,75,75,75,75],"card_choices":[{"not_picked":["Compile Driver","Hologram","Streamline"],"picked":"SKIP","floor":1},{"not_picked":["Double Energy","Compile Driver"],"picked":"Cold Snap","floor":4},{"not_picked":["Coolheaded","Double Energy"],"picked":"Seek","floor":6},{"not_picked":["Compile Driver","Go for the Eyes"],"picked":"Conserve Battery","floor":7},{"not_picked":["Stack","Lockon","White Noise"],"picked":"SKIP","floor":7}],"player_experience":2900810,"relics_obtained":[{"floor":3,"key":"Letter Opener"},{"floor":6,"key":"Prayer Wheel"}],"event_choices":[{"damage_healed":0,"gold_gain":75,"player_choice":"Gather Gold","damage_taken":11,"max_hp_gain":0,"max_hp_loss":0,"event_name":"World of Goop","floor":2,"gold_loss":0},{"cards_removed":["Shame"],"damage_healed":0,"gold_gain":0,"player_choice":"Offered Curse","damage_taken":0,"relics_obtained":["Spirit Poop"],"max_hp_gain":0,"max_hp_loss":0,"event_name":"Bonfire Elementals","floor":5,"gold_loss":0}],"is_beta":false,"boss_relics":[],"items_purged_floors":[],"is_endless":false,"potions_floor_spawned":[1,6],"killed_by":"Lots of Slimes","ascension_level":12}