{"gold_per_floor":[116,116,116,116,132,132,178,198,250,6,19,43,43,43,43,171,171,194,194,194,217,240,274,274,274,354,368,368,382,395,395,395,514,514,527,527,652,265,278,278,278],"floor_reached":41,"playtime":2300,"items_purged":["Strike_R","Strike_R"],"score":541,"play_id":"a0bdeb56-dc43-487d-b066-c98322d40b1b","local_time":"20190221220106","is_ascension_mode":true,"campfire_choices":[{"floor":6.0,"key":"REST"},{"data":"Apotheosis","floor":13.0,"key":"SMITH"},{"data":"Demon Form","floor":15.0,"key":"SMITH"},{"floor":24.0,"key":"REST"},{"floor":28,"key":"REST"},{"floor":32,"key":"REST"},{"floor":40,"key":"REST"}],"neow_cost":"NONE","seed_source_timestamp":0,"circlet_count":0,"master_deck":["Strike_R","Strike_R","Strike_R","Defend_R","Defend_R","Defend_R+1","Defend_R+1","Bash","Rampage","Metallicize+1","Apotheosis+1","Demon Form+1","Impervious","Seeing Red","Double Tap","Madness","Madness","Body Slam","Bandage Up","Metallicize+1"],"special_seed":0,"relics":["Burning Blood","NeowsBlessing","Golden Idol","Happy Flower","Omamori","Sozu","Boot","Nilry\u0027s Codex","Singing Bowl","Mummified Hand","MutagenicStrength","Philosopher\u0027s Stone","Peace Pipe","DollysMirror"],"potions_floor_usage":[],"damage_taken":[{"damage":0.0,"enemies":"2 Louse","floor":1.0,"turns":1.0},{"damage":0.0,"enemies":"Small Slimes","floor":5.0,"turns":1.0},{"damage":0.0,"enemies":"Cultist","floor":8.0,"turns":1.0},{"damage":6.0,"enemies":"Large Slime","floor":11.0,"turns":7.0},{"damage":14.0,"enemies":"Exordium Thugs","floor":12.0,"turns":8.0},{"damage":23.0,"enemies":"The Guardian","floor":16.0,"turns":11.0},{"damage":6.0,"enemies":"Spheric Guardian","floor":18.0,"turns":6.0},{"damage":2.0,"enemies":"2 Thieves","floor":21.0,"turns":5.0},{"damage":7.0,"enemies":"Snecko","floor":22.0,"turns":5.0},{"damage":59.0,"enemies":"Slavers","floor":23.0,"turns":9.0},{"damage":43.0,"enemies":"Chosen and Byrds","floor":27.0,"turns":9.0},{"damage":16,"enemies":"Snake Plant","floor":29,"turns":7},{"damage":5,"enemies":"Centurion and Healer","floor":30,"turns":7},{"damage":63,"enemies":"Collector","floor":33,"turns":9},{"damage":12,"enemies":"3 Shapes","floor":35,"turns":6},{"damage":27,"enemies":"Mind Bloom Boss Battle","floor":37,"turns":8},{"damage":12,"enemies":"3 Darklings","floor":39,"turns":5},{"damage":68,"enemies":"Nemesis","floor":41,"turns":3}],"seed_played":"-8150783666693216539","potions_obtained":[{"floor":1.0,"key":"AttackPotion"},{"floor":5.0,"key":"Explosive Potion"},{"floor":16.0,"key":"Fire Potion"}],"is_trial":false,"path_per_floor":["M","?","?","?","M","R","T","M","T","$","M","M","R","?","R","B",null,"M","?","?","M","M","E","R","?","T","M","R","M","M","?","R","B",null,"M","?","?","$","M","R","E"],"character_chosen":"IRONCLAD","items_purchased":["Apotheosis","Bandage Up","DollysMirror"],"campfire_rested":5,"item_purchase_floors":[10,38,38],"current_hp_per_floor":[78,58,58,42,48,72,72,78,78,78,78,70,70,70,70,53,73,73,73,57,61,60,9,33,60,60,25,50,42,43,43,68,11,67,63,52,31,31,33,60,0],"gold":278,"neow_bonus":"THREE_ENEMY_KILL","is_prod":false,"is_daily":false,"chose_seed":false,"campfire_upgraded":2,"win_rate":0,"timestamp":1550808066,"path_taken":["M","?","?","?","M","R","?","M","T","$","?","M","R","?","R","BOSS","M","?","?","M","M","E","R","?","T","M","R","M","?","?","R","BOSS","M","?","?","$","M","R","E"],"build_version":"2019-01-23","purchased_purges":2,"victory":false,"max_hp_per_floor":[80,80,80,80,80,80,80,80,80,80,80,80,80,80,80,80,80,80,80,80,80,80,82,82,82,82,84,84,86,86,86,86,86,86,88,88,88,88,90,90,90],"card_choices":[{"not_picked":["Clothesline","Anger"],"picked":"Rampage","floor":1.0},{"not_picked":["Iron Wave","Intimidate"],"picked":"Metallicize","floor":5.0},{"not_picked":["Havoc","Exhume","Uppercut"],"picked":"SKIP","floor":8.0},{"not_picked":["Cleave","Armaments","True Grit"],"picked":"SKIP","floor":11.0},{"not_picked":["Body Slam","Clothesline"],"picked":"Demon Form","floor":12.0},{"not_picked":["Bludgeon","Demon Form"],"picked":"Impervious","floor":16.0},{"not_picked":["Infernal Blade","Havoc+1","Carnage+1"],"picked":"SKIP","floor":18.0},{"not_picked":["Armaments","Reckless Charge+1","Clothesline"],"picked":"SKIP","floor":21.0},{"not_picked":["Feel No Pain","Second Wind","Cleave"],"picked":"SKIP","floor":22.0},{"not_picked":["Warcry","True Grit","Pummel"],"picked":"Singing Bowl","floor":23.0},{"not_picked":["Sword Boomerang","Hemokinesis+1","Bloodletting"],"picked":"Singing Bowl","floor":27.0},{"not_picked":["Rupture","Rampage+1","Thunderclap"],"picked":"Singing Bowl","floor":29},{"not_picked":["Pommel Strike+1","Thunderclap+1"],"picked":"Seeing Red","floor":30},{"not_picked":["Immolate","Fiend Fire"],"picked":"Double Tap","floor":33},{"not_picked":["Sword Boomerang","Blood for Blood+1","Cleave"],"picked":"Singing Bowl","floor":35},{"not_picked":["Battle Trance+1","Evolve+1"],"picked":"Body Slam","floor":37},{"not_picked":["Clothesline+1","Sentinel+1","Sword Boomerang+1"],"picked":"Singing Bowl","floor":39}],"player_experience":1487266,"relics_obtained":[{"floor":7.0,"key":"Happy Flower"},{"floor":9.0,"key":"Omamori"},{"floor":20.0,"key":"Nilry\u0027s Codex"},{"floor":23.0,"key":"Singing Bowl"},{"floor":26.0,"key":"Mummified Hand"},{"floor":37,"key":"Peace Pipe"}],"event_choices":[{"damage_healed":0.0,"max_hp_gain":0.0,"max_hp_loss":0.0,"gold_gain":0.0,"event_name":"Golden Idol","player_choice":"Take Damage","floor":2.0,"gold_loss":0.0,"damage_taken":20.0,"relics_obtained":["Golden Idol"]},{"damage_healed":0.0,"max_hp_gain":0.0,"max_hp_loss":0.0,"gold_gain":0.0,"event_name":"Liars Game","player_choice":"Ignored","floor":3.0,"gold_loss":0.0,"damage_taken":0.0},{"damage_healed":0.0,"max_hp_gain":0.0,"max_hp_loss":0.0,"gold_gain":0.0,"event_name":"Shining Light","player_choice":"Entered Light","floor":4.0,"gold_loss":0.0,"damage_taken":16.0,"cards_upgraded":["Defend_R","Defend_R"]},{"damage_healed":0.0,"max_hp_gain":0.0,"max_hp_loss":0.0,"gold_gain":0.0,"event_name":"Accursed Blacksmith","player_choice":"Forge","floor":14.0,"gold_loss":0.0,"damage_taken":0.0,"cards_upgraded":["Metallicize"]},{"damage_healed":0.0,"max_hp_gain":0.0,"max_hp_loss":0.0,"gold_gain":0.0,"event_name":"The Mausoleum","player_choice":"Opened","floor":19.0,"gold_loss":0.0,"damage_taken":0.0,"relics_obtained":["Boot"],"cards_obtained":["Writhe"]},{"damage_healed":0.0,"max_hp_gain":0.0,"max_hp_loss":0.0,"gold_gain":0.0,"event_name":"Cursed Tome","player_choice":"Obtained Book","floor":20.0,"gold_loss":0.0,"damage_taken":16.0},{"damage_healed":27.0,"max_hp_gain":0.0,"max_hp_loss":0.0,"gold_gain":0.0,"event_name":"The Library","player_choice":"Heal","floor":25.0,"gold_loss":0.0,"damage_taken":0.0},{"damage_healed":0,"gold_gain":0,"player_choice":"Inject Mutagens","damage_taken":0,"relics_obtained":["MutagenicStrength"],"max_hp_gain":0,"max_hp_loss":0,"event_name":"Drug Dealer","floor":31,"gold_loss":0},{"damage_healed":0,"gold_gain":0,"player_choice":"Embrace Madness","damage_taken":11,"max_hp_gain":0,"max_hp_loss":0,"event_name":"Winding Halls","floor":36,"gold_loss":0,"cards_obtained":["Madness","Madness"]},{"damage_healed":0,"gold_gain":0,"player_choice":"Fight","damage_taken":0,"max_hp_gain":0,"max_hp_loss":0,"event_name":"MindBloom","floor":37,"gold_loss":0}],"is_beta":false,"boss_relics":[{"not_picked":["Orrery","Runic Pyramid"],"picked":"Sozu"},{"not_picked":["Snecko Eye","Coffee Dripper"],"picked":"Philosopher\u0027s Stone"}],"items_purged_floors":[10,38],"is_endless":false,"potions_floor_spawned":[1,5,16,21,22,33],"killed_by":"Nemesis","ascension_level":7}