{"gold_per_floor":[109,124,49,49,49,49,76,76,76,76,92,112,112,122,122,219,219,229,328,243,254,268,268,283,283,335,354,279,292,292,308,308,308],"floor_reached":33,"playtime":1802,"items_purged":["Strike_G"],"score":463,"play_id":"ab2a4469-0609-4651-b3a9-e563ea836d3e","local_time":"20190807233048","is_ascension_mode":true,"campfire_choices":[{"data":"Survivor","floor":6,"key":"SMITH"},{"data":"Defend_G","floor":8,"key":"SMITH"},{"data":"Defend_G","floor":10,"key":"SMITH"},{"floor":15,"key":"REST"},{"floor":23,"key":"REST"},{"floor":32,"key":"REST"}],"neow_cost":"NONE","seed_source_timestamp":427035444133100,"circlet_count":0,"master_deck":["AscendersBane","Strike_G","Strike_G","Defend_G","Defend_G","Defend_G","Defend_G+1","Defend_G+1","Survivor+1","Neutralize","Caltrops","Noxious Fumes","Footwork","Bullet Time","Backflip","Catalyst","Blur+1","Deadly Poison","Escape Plan"],"relics":["Ring of the Snake","NeowsBlessing","Pear","Letter Opener","Snecko Eye","Boot","Omamori"],"potions_floor_usage":[12,16,33,33],"damage_taken":[{"damage":0,"enemies":"Cultist","floor":1,"turns":1},{"damage":0,"enemies":"2 Louse","floor":2,"turns":1},{"damage":0,"enemies":"Lagavulin","floor":7,"turns":1},{"damage":13,"enemies":"Small Slimes","floor":11,"turns":4},{"damage":17,"enemies":"Gremlin Gang","floor":12,"turns":4},{"damage":0,"enemies":"Blue Slaver","floor":14,"turns":5},{"damage":46,"enemies":"Hexaghost","floor":16,"turns":12},{"damage":11,"enemies":"3 Byrds","floor":18,"turns":3},{"damage":8,"enemies":"Spheric Guardian","floor":21,"turns":6},{"damage":12,"enemies":"Cultist and Chosen","floor":22,"turns":9},{"damage":0,"enemies":"3 Cultists","floor":24,"turns":5},{"damage":5,"enemies":"Centurion and Healer","floor":27,"turns":12},{"damage":8,"enemies":"Snake Plant","floor":29,"turns":4},{"damage":27,"enemies":"Cultist and Chosen","floor":31,"turns":8},{"damage":40,"enemies":"Automaton","floor":33,"turns":6}],"seed_played":"-4352569748335050750","potions_obtained":[{"floor":1,"key":"PowerPotion"},{"floor":7,"key":"LiquidBronze"},{"floor":18,"key":"AttackPotion"},{"floor":22,"key":"Poison Potion"}],"is_trial":false,"path_per_floor":["M","M","$","?","?","R","E","R","T","R","M","M","?","M","R","B",null,"M","?","?","M","M","R","M","?","T","M","?","M","?","M","R","B"],"character_chosen":"THE_SILENT","items_purchased":[],"campfire_rested":3,"item_purchase_floors":[],"current_hp_per_floor":[63,63,63,68,68,68,78,78,78,78,65,48,48,48,73,27,71,60,60,60,52,40,65,65,49,49,44,44,36,36,9,36,0],"gold":308,"neow_bonus":"THREE_ENEMY_KILL","is_prod":false,"is_daily":false,"chose_seed":false,"campfire_upgraded":3,"win_rate":0,"timestamp":1565238648,"path_taken":["M","M","$","?","?","R","E","R","T","R","M","M","?","?","R","BOSS","M","?","?","M","M","R","M","?","T","M","?","M","?","M","R","BOSS"],"build_version":"2019-07-17","purchased_purges":1,"victory":false,"max_hp_per_floor":[70,70,70,75,75,75,85,85,85,85,85,85,85,85,85,85,85,85,85,85,85,85,85,85,90,90,90,90,90,90,90,90,90],"card_choices":[{"not_picked":["Masterful Stab","Dagger Throw","Deflect"],"picked":"SKIP","floor":1},{"not_picked":["Poisoned Stab","Distraction"],"picked":"Caltrops","floor":2},{"not_picked":["Catalyst","Cloak And Dagger"],"picked":"Noxious Fumes","floor":7},{"not_picked":["Concentrate","Blur"],"picked":"Footwork","floor":11},{"not_picked":["Riddle With Holes","Quick Slash","Blade Dance"],"picked":"SKIP","floor":12},{"not_picked":["Poisoned Stab","Flying Knee","Dagger Throw"],"picked":"SKIP","floor":14},{"not_picked":["Malaise","Night Terror"],"picked":"Bullet Time","floor":16},{"not_picked":["Bane","Endless Agony"],"picked":"Backflip","floor":18},{"not_picked":["Prepared","Envenom"],"picked":"Catalyst","floor":21},{"not_picked":["Outmaneuver","PiercingWail","Riddle With Holes"],"picked":"SKIP","floor":22},{"not_picked":["Well Laid Plans+1","Poisoned Stab"],"picked":"Blur+1","floor":24},{"not_picked":["Dagger Throw","Calculated Gamble+1"],"picked":"Deadly Poison","floor":27},{"not_picked":["Dash","Finisher+1"],"picked":"Escape Plan","floor":29},{"not_picked":["Deflect","Eviscerate","Acrobatics"],"picked":"SKIP","floor":31}],"player_experience":2740454,"relics_obtained":[{"floor":7,"key":"Pear"},{"floor":9,"key":"Letter Opener"},{"floor":26,"key":"Omamori"}],"event_choices":[{"damage_healed":0,"gold_gain":0,"player_choice":"Donut","damage_taken":0,"max_hp_gain":5,"max_hp_loss":0,"event_name":"Big Fish","floor":4,"gold_loss":0},{"damage_healed":0,"gold_gain":0,"player_choice":"Ignored","damage_taken":0,"max_hp_gain":0,"max_hp_loss":0,"event_name":"Liars Game","floor":5,"gold_loss":0},{"cards_removed":["Strike_G"],"damage_healed":0,"gold_gain":0,"player_choice":"Purged","damage_taken":0,"max_hp_gain":0,"max_hp_loss":0,"event_name":"Purifier","floor":13,"gold_loss":0},{"damage_healed":0,"gold_gain":99,"player_choice":"Stole From Cult","damage_taken":0,"max_hp_gain":0,"max_hp_loss":0,"event_name":"Nest","floor":19,"gold_loss":0},{"damage_healed":0,"gold_gain":0,"player_choice":"Obtained Relic","damage_taken":0,"relics_obtained":["Boot"],"max_hp_gain":0,"max_hp_loss":0,"event_name":"Addict","floor":20,"gold_loss":85},{"damage_healed":0,"gold_gain":0,"player_choice":"Shed Blood","damage_taken":21,"max_hp_gain":5,"max_hp_loss":0,"event_name":"Forgotten Altar","floor":25,"gold_loss":0},{"cards_removed":["Strike_G"],"damage_healed":0,"gold_gain":0,"player_choice":"Gave Gold","damage_taken":0,"max_hp_gain":0,"max_hp_loss":0,"event_name":"Beggar","floor":28,"gold_loss":75},{"damage_healed":0,"gold_gain":0,"player_choice":"Ignored","damage_taken":0,"max_hp_gain":0,"max_hp_loss":0,"event_name":"Ghosts","floor":30,"gold_loss":0}],"is_beta":false,"boss_relics":[{"not_picked":["Ectoplasm","Runic Dome"],"picked":"Snecko Eye"}],"items_purged_floors":[3],"is_endless":false,"potions_floor_spawned":[1,7,11,18,22,24],"killed_by":"Automaton","ascension_level":12}