{"gold_per_floor":[16,16,28,41,41,41,72,72,72,106,119,119,44,60,60,159,159,178,193,205,205,217,217,230,230,253,253,271,288,111,128,128,128],"floor_reached":33,"playtime":21186,"items_purged":["Pain","Strike_B"],"score":365,"play_id":"61dd1fa0-cbf0-4f51-bdb5-e4aa94aac1a7","local_time":"20190531230858","is_ascension_mode":true,"campfire_choices":[{"floor":6,"key":"REST"},{"data":"Zap","floor":8,"key":"SMITH"},{"floor":15,"key":"REST"},{"floor":23,"key":"REST"},{"floor":25,"key":"REST"},{"floor":32,"key":"REST"}],"neow_cost":"NO_GOLD","seed_source_timestamp":1275100683556381,"circlet_count":0,"master_deck":["Strike_B","Strike_B","Defend_B","Defend_B","Defend_B","Defend_B","Zap+1","Streamline+1","Static Discharge","Chill","Electrodynamics","Cold Snap+1","Loop","Loop","Conserve Battery","Reinforced Body","Self Repair","Defragment"],"relics":["Cracked Core","WarpedTongs","Pen Nib","Bottled Lightning","Bottled Tornado","Runic Pyramid","Vajra"],"potions_floor_usage":[16,16,31,31,33,33],"damage_taken":[{"damage":9,"enemies":"Jaw Worm","floor":1,"turns":5},{"damage":2,"enemies":"2 Louse","floor":3,"turns":3},{"damage":6,"enemies":"Cultist","floor":4,"turns":4},{"damage":15,"enemies":"Lagavulin","floor":7,"turns":5},{"damage":18,"enemies":"3 Sentries","floor":10,"turns":9},{"damage":12,"enemies":"Blue Slaver","floor":11,"turns":3},{"damage":9,"enemies":"Lots of Slimes","floor":14,"turns":3},{"damage":1,"enemies":"The Guardian","floor":16,"turns":10},{"damage":18,"enemies":"Spheric Guardian","floor":18,"turns":5},{"damage":10,"enemies":"3 Byrds","floor":19,"turns":3},{"damage":21,"enemies":"Centurion and Healer","floor":20,"turns":3},{"damage":3,"enemies":"Chosen and Byrds","floor":22,"turns":6},{"damage":12,"enemies":"Cultist and Chosen","floor":24,"turns":4},{"damage":13,"enemies":"Snake Plant","floor":28,"turns":3},{"damage":11,"enemies":"Shelled Parasite and Fungi","floor":29,"turns":7},{"damage":1,"enemies":"Chosen and Byrds","floor":31,"turns":4},{"damage":43,"enemies":"Collector","floor":33,"turns":6}],"seed_played":"7465316717915049591","potions_obtained":[{"floor":1,"key":"Ancient Potion"},{"floor":7,"key":"Swift Potion"},{"floor":14,"key":"Strength Potion"},{"floor":20,"key":"Fire Potion"},{"floor":24,"key":"Poison Potion"},{"floor":29,"key":"SkillPotion"},{"floor":31,"key":"EssenceOfSteel"}],"is_trial":false,"path_per_floor":["M","?","M","M","?","R","E","R","T","E","M","?","$","M","R","B",null,"M","M","M","?","M","R","M","R","T","?","M","M","$","M","R","B"],"character_chosen":"DEFECT","items_purchased":["Self Repair"],"campfire_rested":5,"item_purchase_floors":[30],"current_hp_per_floor":[59,59,57,51,51,73,58,58,58,40,28,28,28,19,41,40,66,48,38,17,17,14,36,24,46,46,39,26,15,15,21,43,0],"gold":128,"neow_bonus":"TRANSFORM_TWO_CARDS","is_prod":false,"is_daily":false,"chose_seed":false,"campfire_upgraded":1,"win_rate":0,"timestamp":1559362138,"path_taken":["M","?","M","M","?","R","E","R","T","E","?","?","$","M","R","BOSS","M","M","?","?","M","R","?","R","T","?","?","M","?","M","R","BOSS"],"build_version":"2019-01-23","purchased_purges":2,"victory":false,"max_hp_per_floor":[75,75,75,75,75,75,75,75,75,75,75,75,75,75,75,75,75,75,75,75,75,75,75,75,75,75,75,75,75,75,75,75,75],"card_choices":[{"not_picked":["Blizzard","Chaos","Compile Driver"],"picked":"SKIP","floor":1},{"not_picked":["Gash","Steam","Chaos"],"picked":"SKIP","floor":3},{"not_picked":["Barrage","Go for the Eyes","Meteor Strike"],"picked":"SKIP","floor":4},{"not_picked":["Leap","Rebound"],"picked":"Chill","floor":7},{"not_picked":["Static Discharge","Hologram","Streamline"],"picked":"SKIP","floor":10},{"not_picked":["Go for the Eyes","Coolheaded","Stack"],"picked":"SKIP","floor":11},{"not_picked":["Stack","Steam","Consume"],"picked":"SKIP","floor":14},{"not_picked":["Multi-Cast","Thunder Strike"],"picked":"Electrodynamics","floor":16},{"not_picked":["Turbo","Aggregate","Streamline"],"picked":"SKIP","floor":18},{"not_picked":["Redo+1","Sweeping Beam"],"picked":"Cold Snap+1","floor":19},{"not_picked":["Hologram","Sunder"],"picked":"Loop","floor":20},{"not_picked":["Sunder","Coolheaded"],"picked":"Loop","floor":22},{"not_picked":["Steam","Heatsinks"],"picked":"Conserve Battery","floor":24},{"not_picked":["Turbo","Darkness+1","Beam Cell"],"picked":"SKIP","floor":28},{"not_picked":["Hyperbeam","Reprogram"],"picked":"Reinforced Body","floor":29},{"not_picked":["Rebound","Redo"],"picked":"Defragment","floor":31}],"player_experience":1953242,"relics_obtained":[{"floor":7,"key":"Pen Nib"},{"floor":9,"key":"Bottled Lightning"},{"floor":10,"key":"Bottled Tornado"},{"floor":26,"key":"Vajra"}],"event_choices":[{"damage_healed":0,"gold_gain":0,"player_choice":"Ignored","damage_taken":0,"max_hp_gain":0,"max_hp_loss":0,"event_name":"Liars Game","floor":2,"gold_loss":0},{"damage_healed":0,"gold_gain":0,"player_choice":"Rummage","damage_taken":0,"relics_obtained":["WarpedTongs"],"max_hp_gain":0,"max_hp_loss":0,"event_name":"Accursed Blacksmith","floor":5,"gold_loss":0,"cards_obtained":["Pain"]},{"damage_healed":0,"gold_gain":0,"player_choice":"Upgraded","damage_taken":0,"max_hp_gain":0,"max_hp_loss":0,"event_name":"Upgrade Shrine","floor":12,"gold_loss":0,"cards_upgraded":["Streamline"]},{"damage_healed":0,"gold_gain":0,"player_choice":"Bought 0 Potions","damage_taken":0,"max_hp_gain":0,"max_hp_loss":0,"event_name":"The Woman in Blue","floor":21,"gold_loss":0},{"damage_healed":0,"gold_gain":0,"player_choice":"","damage_taken":7,"max_hp_gain":0,"max_hp_loss":0,"event_name":"Knowing Skull","floor":27,"potions_obtained":[],"gold_loss":0,"cards_obtained":[]}],"is_beta":false,"boss_relics":[{"not_picked":["Snecko Eye","Empty Cage"],"picked":"Runic Pyramid"}],"items_purged_floors":[13,30],"is_endless":false,"potions_floor_spawned":[1,7,14,20,24,29,31],"killed_by":"Collector","ascension_level":8}