{"gold_per_floor":[13,13,33,47,47,47,74,74,99,22,71,101,111,131,131,227,227,239,164,164,164,180,180,180,192,247,274,274,288,203,216,216,319,319,338,104,104,117,132,132,142,142,142,160,175,175,175,175,175,175],"floor_reached":51,"playtime":3491,"items_purged":["Injury"],"score":905,"play_id":"4d40b9b4-e4ef-4c4f-a413-82991fb7ea4a","local_time":"20190827201637","is_ascension_mode":true,"campfire_choices":[{"data":"Entrench","floor":6,"key":"SMITH"},{"data":"Body Slam","floor":8,"key":"SMITH"},{"data":"Armaments","floor":15,"key":"SMITH"},{"data":"Immolate","floor":23,"key":"SMITH"},{"data":"Entrench","floor":28,"key":"SMITH"},{"data":"Flame Barrier","floor":32,"key":"SMITH"},{"floor":40,"key":"REST"},{"data":"Power Through","floor":42,"key":"SMITH"},{"data":"Juggernaut","floor":47,"key":"SMITH"},{"floor":49,"key":"REST"}],"neow_cost":"NO_GOLD","seed_source_timestamp":683404449366100,"circlet_count":0,"master_deck":["Strike_R+1","Strike_R+1","Strike_R+1","Defend_R+1","Defend_R+1","Defend_R+1","Defend_R+1","Bash+1","Impervious","Entrench+1","Anger+1","Flame Barrier+1","Body Slam+1","Power Through+1","Entrench+1","Armaments+1","True Grit+1","Immolate+1","Uppercut+1","Shockwave","Shrug It Off+1","Body Slam+1","Juggernaut+1","Fiend Fire","Finesse","Enlightenment","Shrug It Off+1","Writhe","Body Slam+1","Feel No Pain+1"],"relics":["Burning Blood","Juzu Bracelet","Strawberry","Art of War","Red Skull","Self Forming Clay","Cursed Key","Bronze Scales","Whetstone","Pantograph","Lizard Tail","Bottled Lightning"],"potions_floor_usage":[7,12,33,41,41,50,50],"damage_taken":[{"damage":2,"enemies":"Jaw Worm","floor":1,"turns":4},{"damage":1,"enemies":"Cultist","floor":3,"turns":4},{"damage":15,"enemies":"2 Louse","floor":4,"turns":4},{"damage":31,"enemies":"Lagavulin","floor":7,"turns":6},{"damage":16,"enemies":"Gremlin Nob","floor":12,"turns":4},{"damage":8,"enemies":"Exordium Thugs","floor":13,"turns":4},{"damage":0,"enemies":"Looter","floor":14,"turns":3},{"damage":11,"enemies":"The Guardian","floor":16,"turns":10},{"damage":22,"enemies":"Spheric Guardian","floor":18,"turns":8},{"damage":0,"enemies":"Chosen","floor":22,"turns":3},{"damage":10,"enemies":"Shelled Parasite and Fungi","floor":25,"turns":4},{"damage":25,"enemies":"Slavers","floor":27,"turns":4},{"damage":9,"enemies":"Snecko","floor":29,"turns":4},{"damage":5,"enemies":"Snake Plant","floor":31,"turns":4},{"damage":40,"enemies":"Champ","floor":33,"turns":14},{"damage":16,"enemies":"Orb Walker","floor":35,"turns":3},{"damage":13,"enemies":"3 Darklings","floor":38,"turns":5},{"damage":28,"enemies":"Spire Growth","floor":39,"turns":6},{"damage":15,"enemies":"Writhing Mass","floor":41,"turns":8},{"damage":25,"enemies":"3 Darklings","floor":44,"turns":5},{"damage":0,"enemies":"Spire Growth","floor":45,"turns":5},{"damage":107,"enemies":"Awakened One","floor":50,"turns":23}],"seed_played":"-1606803530611321493","potions_obtained":[{"floor":1,"key":"Explosive Potion"},{"floor":3,"key":"SteroidPotion"},{"floor":7,"key":"Swift Potion"},{"floor":27,"key":"Regen Potion"},{"floor":29,"key":"AttackPotion"},{"floor":31,"key":"Fire Potion"},{"floor":38,"key":"Explosive Potion"},{"floor":44,"key":"SpeedPotion"}],"is_trial":false,"path_per_floor":["M","?","M","M","?","R","E","R","T","$","T","E","M","M","R","B",null,"M","?","?","?","M","R","?","M","T","E","R","M","?","M","R","B",null,"M","$","?","M","M","R","M","R","T","M","M","?","R","?","R","B",null],"character_chosen":"IRONCLAD","items_purchased":["Power Through","Fiend Fire"],"campfire_rested":2,"item_purchase_floors":[10,36],"current_hp_per_floor":[76,76,80,71,71,71,53,53,53,53,53,43,41,47,47,42,76,60,60,60,60,66,66,66,62,62,43,43,40,40,41,41,32,73,63,63,58,51,29,55,46,46,46,27,33,33,33,33,59,49],"gold":175,"neow_bonus":"THREE_RARE_CARDS","is_prod":false,"is_daily":false,"chose_seed":false,"campfire_upgraded":8,"win_rate":0,"timestamp":1566904597,"path_taken":["M","?","?","M","?","R","E","R","T","$","?","E","M","M","R","BOSS","M","?","?","?","M","R","?","M","T","E","R","M","?","M","R","BOSS","M","$","?","M","M","R","M","R","T","M","M","?","R","?","R","BOSS"],"build_version":"2019-07-17","purchased_purges":1,"victory":true,"max_hp_per_floor":[80,80,80,80,80,80,87,87,87,87,87,87,87,87,87,87,87,87,87,87,87,87,87,87,87,87,87,87,87,87,87,87,87,87,87,87,87,87,87,87,87,87,87,87,87,87,87,87,87,87],"card_choices":[{"not_picked":["Exhume","Brutality"],"picked":"Impervious","floor":0},{"not_picked":["Bloodletting","Feel No Pain"],"picked":"Entrench","floor":1},{"not_picked":["Flex","Reckless Charge"],"picked":"Anger","floor":3},{"not_picked":["Bloodletting","Intimidate"],"picked":"Flame Barrier","floor":4},{"not_picked":["Havoc","Flex"],"picked":"Body Slam","floor":7},{"not_picked":["Twin Strike","Pummel"],"picked":"Entrench","floor":12},{"not_picked":["Feel No Pain","Heavy Blade"],"picked":"Armaments","floor":13},{"not_picked":["Hemokinesis","Rage"],"picked":"True Grit","floor":14},{"not_picked":["Feed","Brutality"],"picked":"Immolate","floor":16},{"not_picked":["Headbutt","Twin Strike"],"picked":"Uppercut+1","floor":18},{"not_picked":["Cleave","Iron Wave","Twin Strike"],"picked":"SKIP","floor":22},{"not_picked":["Thunderclap","Pommel Strike"],"picked":"Shrug It Off+1","floor":25},{"not_picked":["Sword Boomerang","Seeing Red"],"picked":"Body Slam","floor":27},{"not_picked":["Headbutt","Flame Barrier","Dropkick+1"],"picked":"SKIP","floor":29},{"not_picked":["Body Slam","Inflame+1","Heavy Blade"],"picked":"SKIP","floor":31},{"not_picked":["Berserk","Offering"],"picked":"Juggernaut","floor":33},{"not_picked":["Rampage","True Grit","Flex+1"],"picked":"SKIP","floor":35},{"not_picked":["Flash of Steel","Jack Of All Trades"],"picked":"Finesse","floor":37},{"not_picked":["Dramatic Entrance","Forethought"],"picked":"Enlightenment","floor":37},{"not_picked":["Flame Barrier","Sword Boomerang","True Grit"],"picked":"SKIP","floor":38},{"not_picked":["Thunderclap+1","Corruption+1"],"picked":"Shrug It Off+1","floor":39},{"not_picked":["Anger","Heavy Blade","Rampage+1"],"picked":"SKIP","floor":41},{"not_picked":["Spot Weakness+1","Twin Strike+1"],"picked":"Body Slam+1","floor":44},{"not_picked":["Armaments+1","Havoc+1"],"picked":"Feel No Pain+1","floor":45}],"player_experience":434433,"relics_obtained":[{"floor":7,"key":"Strawberry"},{"floor":9,"key":"Art of War"},{"floor":11,"key":"Red Skull"},{"floor":12,"key":"Self Forming Clay"},{"floor":26,"key":"Bronze Scales"},{"floor":27,"key":"Whetstone"},{"floor":43,"key":"Bottled Lightning"}],"event_choices":[{"damage_healed":0,"gold_gain":0,"player_choice":"Upgraded","damage_taken":0,"max_hp_gain":0,"max_hp_loss":0,"event_name":"Upgrade Shrine","floor":2,"gold_loss":0,"cards_upgraded":["Bash"]},{"damage_healed":0,"gold_gain":0,"player_choice":"Gave Potion","damage_taken":0,"relics_obtained":["Juzu Bracelet"],"max_hp_gain":0,"max_hp_loss":0,"event_name":"WeMeetAgain","floor":5,"gold_loss":0},{"cards_removed":["Strike_R"],"damage_healed":0,"gold_gain":0,"player_choice":"Gave Gold","damage_taken":0,"max_hp_gain":0,"max_hp_loss":0,"event_name":"Beggar","floor":19,"gold_loss":75},{"damage_healed":0,"gold_gain":0,"player_choice":"Simplicity","damage_taken":0,"max_hp_gain":0,"max_hp_loss":0,"event_name":"Back to Basics","floor":20,"gold_loss":0,"cards_upgraded":["Strike_R","Strike_R","Strike_R","Strike_R","Defend_R","Defend_R","Defend_R","Defend_R"]},{"damage_healed":0,"gold_gain":0,"player_choice":"Forge","damage_taken":0,"max_hp_gain":0,"max_hp_loss":0,"event_name":"Accursed Blacksmith","floor":21,"gold_loss":0,"cards_upgraded":["True Grit"]},{"damage_healed":0,"gold_gain":0,"player_choice":"Read","damage_taken":0,"max_hp_gain":0,"max_hp_loss":0,"event_name":"The Library","floor":24,"gold_loss":0,"cards_obtained":["Shockwave"]},{"damage_healed":0,"gold_gain":0,"player_choice":"Obtained Relic","damage_taken":0,"relics_obtained":["Pantograph"],"max_hp_gain":0,"max_hp_loss":0,"event_name":"Addict","floor":30,"gold_loss":85},{"damage_healed":0,"gold_gain":0,"player_choice":"Memory 2","damage_taken":5,"max_hp_gain":0,"max_hp_loss":0,"event_name":"SensoryStone","floor":37,"gold_loss":0},{"damage_healed":0,"gold_gain":0,"player_choice":"Ignored","damage_taken":0,"max_hp_gain":0,"max_hp_loss":0,"event_name":"Mysterious Sphere","floor":46,"gold_loss":0},{"cards_removed":["Strike_R"],"damage_healed":0,"gold_gain":0,"player_choice":"Removed Attack","damage_taken":0,"max_hp_gain":0,"max_hp_loss":0,"event_name":"Falling","floor":48,"gold_loss":0}],"is_beta":false,"boss_relics":[{"not_picked":["Velvet Choker","Calling Bell"],"picked":"Cursed Key"},{"not_picked":["Pandora\u0027s Box","Orrery"],"picked":"Lizard Tail"}],"items_purged_floors":[36],"is_endless":false,"potions_floor_spawned":[1,3,7,27,29,31,38,44],"ascension_level":7}