{"gold_per_floor":[111,111,111,126,138,138,108,108,132,163,179,179,194,208,208,305,305,315,315,85,15,0],"floor_reached":22,"playtime":928,"items_purged":["Dualcast"],"score":298,"play_id":"49bed341-a9bb-433d-9e2d-14f84e587bbe","local_time":"20190829222816","is_ascension_mode":true,"campfire_choices":[{"floor":6,"key":"REST"},{"floor":8,"key":"REST"},{"floor":12,"key":"REST"},{"floor":15,"key":"REST"}],"neow_cost":"TEN_PERCENT_HP_LOSS","seed_source_timestamp":1370294298987700,"circlet_count":0,"master_deck":["AscendersBane","Strike_B","Strike_B","Strike_B","Strike_B","Defend_B+1","Defend_B+1","Defend_B+1","Defend_B","Zap+1","Loop","Conserve Battery","Cold Snap","Electrodynamics","Loop"],"relics":["Cracked Core","StoneCalendar","Omamori","War Paint","White Beast Statue","Juzu Bracelet"],"potions_floor_usage":[7,10,16],"damage_taken":[{"damage":18,"enemies":"Jaw Worm","floor":1,"turns":4},{"damage":7,"enemies":"Small Slimes","floor":4,"turns":4},{"damage":0,"enemies":"Cultist","floor":5,"turns":4},{"damage":30,"enemies":"Exordium Thugs","floor":7,"turns":6},{"damage":37,"enemies":"3 Sentries","floor":10,"turns":7},{"damage":0,"enemies":"Blue Slaver","floor":11,"turns":5},{"damage":13,"enemies":"Lots of Slimes","floor":13,"turns":5},{"damage":1,"enemies":"Large Slime","floor":14,"turns":6},{"damage":37,"enemies":"The Guardian","floor":16,"turns":13},{"damage":12,"enemies":"Spheric Guardian","floor":18,"turns":5},{"damage":48,"enemies":"2 Thieves","floor":22,"turns":3}],"seed_played":"-2927198473294627804","potions_obtained":[{"floor":1,"key":"Regen Potion"},{"floor":5,"key":"Weak Potion"},{"floor":7,"key":"FearPotion"},{"floor":16,"key":"LiquidBronze"},{"floor":18,"key":"Ancient Potion"}],"is_trial":false,"path_per_floor":["M","?","?","M","M","R","M","R","T","E","M","R","M","M","R","B",null,"M","?","$","$","M"],"character_chosen":"DEFECT","items_purchased":["Juzu Bracelet","Loop"],"campfire_rested":4,"item_purchase_floors":[20,21],"current_hp_per_floor":[50,36,36,29,29,49,34,54,54,17,17,37,24,23,43,6,53,41,41,41,41,0],"gold":0,"neow_bonus":"ONE_RARE_RELIC","is_prod":false,"is_daily":false,"chose_seed":false,"campfire_upgraded":0,"win_rate":0,"timestamp":1567135696,"path_taken":["M","?","?","M","M","R","M","R","T","E","?","R","M","M","R","BOSS","M","?","?","$","M"],"build_version":"2019-07-17","purchased_purges":1,"victory":false,"max_hp_per_floor":[68,68,68,68,68,68,68,68,68,68,68,68,68,68,68,68,68,68,68,68,68,68],"card_choices":[{"not_picked":["Scrape","Hologram","Static Discharge"],"picked":"SKIP","floor":1},{"not_picked":["Turbo","Coolheaded"],"picked":"Loop","floor":4},{"not_picked":["Redo","Coolheaded","Rebound"],"picked":"SKIP","floor":5},{"not_picked":["Rip and Tear","Leap","Beam Cell"],"picked":"SKIP","floor":7},{"not_picked":["Sweeping Beam","Consume","Thunder Strike"],"picked":"SKIP","floor":10},{"not_picked":["Stack","Barrage","Static Discharge"],"picked":"SKIP","floor":11},{"not_picked":["Steam","Go for the Eyes"],"picked":"Conserve Battery","floor":13},{"not_picked":["Steam","Melter"],"picked":"Cold Snap","floor":14},{"not_picked":["Fission","Buffer"],"picked":"Electrodynamics","floor":16},{"not_picked":["Stack","Force Field","Turbo+1"],"picked":"SKIP","floor":18}],"player_experience":2927009,"relics_obtained":[{"floor":9,"key":"Omamori"},{"floor":10,"key":"War Paint"}],"event_choices":[{"damage_healed":0,"gold_gain":0,"player_choice":"Entered Light","damage_taken":14,"max_hp_gain":0,"max_hp_loss":0,"event_name":"Shining Light","floor":2,"gold_loss":0,"cards_upgraded":["Zap","Defend_B"]},{"damage_healed":0,"gold_gain":0,"player_choice":"Ignored","damage_taken":0,"max_hp_gain":0,"max_hp_loss":0,"event_name":"Liars Game","floor":3,"gold_loss":0},{"damage_healed":0,"gold_gain":0,"player_choice":"Got Potions","damage_taken":0,"max_hp_gain":0,"max_hp_loss":0,"event_name":"Lab","floor":19,"gold_loss":0}],"is_beta":false,"boss_relics":[{"not_picked":["Runic Dome","Velvet Choker"],"picked":"White Beast Statue"}],"items_purged_floors":[20],"is_endless":false,"potions_floor_spawned":[1,5,7,16,18],"killed_by":"2 Thieves","ascension_level":12}