{"gold_per_floor":[109,109,73,23,33,68,68,86,86,119,119,119,119,119,119,214,214,228,228,327,15,28,28,62,62,62,62,12,12,24,43,43,140,140,154,154,51,51,51,51,67,67,67,98,98,110,13,30,30,30],"floor_reached":51,"playtime":2689,"items_purged":["Defend_G","Strike_G","Prepared"],"score":747,"play_id":"c62d5b12-f370-4cba-8da1-5c9769ba99b4","local_time":"20190817191109","is_ascension_mode":false,"campfire_choices":[{"floor":7,"key":"REST"},{"floor":15,"key":"REST"},{"floor":23,"key":"REST"},{"floor":32,"key":"REST"},{"data":"Bouncing Flask","floor":40,"key":"SMITH"},{"data":"Burst","floor":42,"key":"SMITH"},{"floor":45,"key":"REST"},{"floor":49,"key":"REST"}],"neow_cost":"NONE","seed_source_timestamp":197618925815695,"circlet_count":0,"master_deck":["Strike_G","Strike_G","Defend_G","Defend_G","Survivor","Neutralize","Setup","Bouncing Flask","Dagger Throw","Bouncing Flask+1","Catalyst+1","Riddle With Holes","Die Die Die","Bane+1","Distraction","Catalyst+1","Deadly Poison","Burst+1","Dash+1","Noxious Fumes","Underhanded Strike"],"relics":["Ring of the Snake","Juzu Bracelet","Anchor","Gremlin Horn","White Beast Statue","Nloth\u0027s Gift","Membership Card","Lantern","Blue Candle","Art of War","Snecko Eye","Lee\u0027s Waffle","Shuriken","Bottled Flame"],"potions_floor_usage":[16,30,33,33,35,35,44,48,50],"damage_taken":[{"damage":2,"enemies":"2 Louse","floor":1,"turns":4},{"damage":2,"enemies":"Jaw Worm","floor":5,"turns":5},{"damage":17,"enemies":"Lagavulin","floor":6,"turns":7},{"damage":5,"enemies":"Small Slimes","floor":8,"turns":5},{"damage":34,"enemies":"3 Sentries","floor":10,"turns":11},{"damage":15,"enemies":"The Guardian","floor":16,"turns":5},{"damage":15,"enemies":"Spheric Guardian","floor":18,"turns":5},{"damage":0,"enemies":"Chosen","floor":22,"turns":3},{"damage":3,"enemies":"Gremlin Leader","floor":24,"turns":3},{"damage":0,"enemies":"3 Cultists","floor":30,"turns":3},{"damage":7,"enemies":"Sentry and Sphere","floor":31,"turns":3},{"damage":15,"enemies":"Collector","floor":33,"turns":3},{"damage":73,"enemies":"3 Darklings","floor":35,"turns":8},{"damage":0,"enemies":"3 Shapes","floor":41,"turns":2},{"damage":60,"enemies":"Reptomancer","floor":44,"turns":5},{"damage":0,"enemies":"Spire Growth","floor":46,"turns":1},{"damage":0,"enemies":"Maw","floor":48,"turns":2},{"damage":31,"enemies":"Time Eater","floor":50,"turns":5}],"seed_played":"-2576432536519004866","potions_obtained":[{"floor":6,"key":"AttackPotion"},{"floor":10,"key":"Explosive Potion"},{"floor":16,"key":"LiquidBronze"},{"floor":18,"key":"Swift Potion"},{"floor":22,"key":"AttackPotion"},{"floor":30,"key":"SpeedPotion"},{"floor":33,"key":"Fire Potion"},{"floor":35,"key":"Dexterity Potion"},{"floor":41,"key":"Fire Potion"},{"floor":44,"key":"Explosive Potion"},{"floor":46,"key":"Fire Potion"},{"floor":48,"key":"GhostInAJar"}],"is_trial":false,"path_per_floor":["M","?","$","?","M","E","R","M","T","E","?","T","?","?","R","B",null,"M","?","?","$","M","R","E","?","T","?","$","?","M","M","R","B",null,"M","?","$","?","?","R","M","R","T","E","R","M","$","M","R","B",null],"character_chosen":"THE_SILENT","items_purchased":["Bouncing Flask","Membership Card","Lantern","Lee\u0027s Waffle","Noxious Fumes"],"campfire_rested":6,"item_purchase_floors":[3,21,21,37,47],"current_hp_per_floor":[68,68,68,68,66,49,70,65,65,31,31,31,31,31,52,37,70,55,55,55,55,55,70,67,54,54,54,54,38,38,31,53,38,75,2,2,82,82,82,82,82,82,82,22,46,46,46,46,70,39],"gold":30,"neow_bonus":"TRANSFORM_CARD","is_prod":false,"is_daily":false,"chose_seed":false,"campfire_upgraded":2,"win_rate":0.0,"timestamp":1566083469,"path_taken":["M","?","?","?","M","E","R","M","T","E","?","?","?","?","R","BOSS","M","?","?","$","M","R","E","?","T","?","$","?","M","M","R","BOSS","M","?","$","?","?","R","M","R","T","E","R","M","$","M","R","BOSS"],"build_version":"2019-07-17","purchased_purges":3,"victory":true,"max_hp_per_floor":[70,70,70,70,70,70,70,70,70,70,70,70,70,70,70,70,70,70,70,70,70,70,70,70,75,75,75,75,75,75,75,75,75,75,75,75,82,82,82,82,82,82,82,82,82,82,82,82,82,82],"card_choices":[{"not_picked":["Blade Dance","Slice","Underhanded Strike"],"picked":"SKIP","floor":1},{"not_picked":["Underhanded Strike","Finisher"],"picked":"Dagger Throw","floor":5},{"not_picked":["Footwork","Sucker Punch"],"picked":"Bouncing Flask","floor":6},{"not_picked":["After Image","Underhanded Strike"],"picked":"Catalyst","floor":8},{"not_picked":["Calculated Gamble","Heel Hook","Slice"],"picked":"SKIP","floor":10},{"not_picked":["Tools of the Trade","Grand Finale"],"picked":"Die Die Die","floor":16},{"not_picked":["Dodge and Roll+1","Quick Slash"],"picked":"Bane+1","floor":18},{"not_picked":["Deflect","Setup"],"picked":"Distraction","floor":22},{"not_picked":["Bouncing Flask","Deadly Poison+1"],"picked":"Catalyst+1","floor":24},{"not_picked":["Deflect","Setup","Calculated Gamble+1"],"picked":"SKIP","floor":30},{"not_picked":["Outmaneuver","Finisher+1"],"picked":"Prepared","floor":31},{"not_picked":["Phantasmal Killer","Malaise"],"picked":"Tools of the Trade","floor":33},{"not_picked":["Dodge and Roll","Prepared"],"picked":"Deadly Poison","floor":35},{"not_picked":["Leg Sweep+1","Quick Slash+1"],"picked":"Burst","floor":41},{"not_picked":["Malaise","Unload","Dodge and Roll"],"picked":"SKIP","floor":44},{"not_picked":["Flying Knee","Underhanded Strike"],"picked":"Dash+1","floor":46},{"not_picked":["Distraction+1","Skewer+1"],"picked":"Underhanded Strike","floor":48}],"player_experience":109061,"relics_obtained":[{"floor":6,"key":"Juzu Bracelet"},{"floor":9,"key":"The Courier"},{"floor":10,"key":"Anchor"},{"floor":12,"key":"Gremlin Horn"},{"floor":24,"key":"Blue Candle"},{"floor":26,"key":"Art of War"},{"floor":43,"key":"Shuriken"},{"floor":44,"key":"Bottled Flame"}],"event_choices":[{"damage_healed":0,"gold_gain":0,"player_choice":"Ignored","damage_taken":0,"max_hp_gain":0,"max_hp_loss":0,"event_name":"Shining Light","floor":2,"gold_loss":0},{"cards_removed":["Defend_G"],"damage_healed":0,"gold_gain":0,"player_choice":"Card Removal","damage_taken":0,"max_hp_gain":0,"max_hp_loss":0,"event_name":"The Cleric","floor":4,"gold_loss":50},{"damage_healed":0,"gold_gain":0,"cards_transformed":["Strike_G"],"player_choice":"Transformed","damage_taken":0,"max_hp_gain":0,"max_hp_loss":0,"event_name":"Transmorgrifier","floor":11,"gold_loss":0,"cards_obtained":["Riddle With Holes"]},{"damage_healed":0,"gold_gain":0,"player_choice":"Bought 0 Potions","damage_taken":0,"max_hp_gain":0,"max_hp_loss":0,"event_name":"The Woman in Blue","floor":13,"gold_loss":0},{"damage_healed":0,"gold_gain":0,"player_choice":"Grow","damage_taken":0,"max_hp_gain":0,"max_hp_loss":0,"event_name":"Living Wall","floor":14,"gold_loss":0,"cards_upgraded":["Catalyst"]},{"damage_healed":0,"gold_gain":0,"player_choice":"Traded Relic","damage_taken":0,"relics_obtained":["Nloth\u0027s Gift"],"max_hp_gain":0,"max_hp_loss":0,"event_name":"N\u0027loth","floor":19,"relics_lost":["The Courier"],"gold_loss":0},{"damage_healed":0,"gold_gain":99,"player_choice":"Stole From Cult","damage_taken":0,"max_hp_gain":0,"max_hp_loss":0,"event_name":"Nest","floor":20,"gold_loss":0},{"damage_healed":0,"gold_gain":0,"player_choice":"Shed Blood","damage_taken":18,"max_hp_gain":5,"max_hp_loss":0,"event_name":"Forgotten Altar","floor":25,"gold_loss":0},{"damage_healed":0,"gold_gain":0,"player_choice":"Obtained Book","damage_taken":16,"max_hp_gain":0,"max_hp_loss":0,"event_name":"Cursed Tome","floor":29,"gold_loss":0},{"cards_removed":["Tools of the Trade"],"damage_healed":0,"gold_gain":0,"player_choice":"Removed Power","damage_taken":0,"max_hp_gain":0,"max_hp_loss":0,"event_name":"Falling","floor":36,"gold_loss":0},{"damage_healed":0,"gold_gain":0,"player_choice":"Ignored","damage_taken":0,"max_hp_gain":0,"max_hp_loss":0,"event_name":"Mysterious Sphere","floor":38,"gold_loss":0},{"cards_removed":["Defend_G"],"damage_healed":0,"gold_gain":0,"player_choice":"Purged","damage_taken":0,"max_hp_gain":0,"max_hp_loss":0,"event_name":"Purifier","floor":39,"gold_loss":0}],"is_beta":false,"boss_relics":[{"not_picked":["Runic Dome","Astrolabe"],"picked":"White Beast Statue"},{"not_picked":["Runic Pyramid","Eternal Feather"],"picked":"Snecko Eye"}],"items_purged_floors":[21,28,47],"is_endless":false,"potions_floor_spawned":[6,10,16,18,22,24,30,31,33,35,41,44,46,48],"ascension_level":0}