{"gold_per_floor":[109,109,121,133,148,177,177,197,222,249,265,294,308,320,320,320],"floor_reached":16,"playtime":800,"items_purged":[],"score":162,"play_id":"653edac5-3949-4d18-84a8-b69f1329c9d1","local_time":"20181120233154","is_ascension_mode":true,"campfire_choices":[{"floor":7,"key":"RECALL"},{"floor":15,"key":"REST"}],"neow_cost":"NONE","seed_source_timestamp":541814653707299,"circlet_count":0,"master_deck":["Strike_R","Strike_R","Strike_R","Strike_R","Strike_R","Defend_R","Defend_R","Defend_R","Defend_R+1","Bash","Uppercut","Whirlwind","Flame Barrier","Shockwave","Flame Barrier"],"relics":["Burning Blood","Art of War","Oddly Smooth Stone","Potion Belt","Juzu Bracelet"],"potions_floor_usage":[6,6,6,12,12],"damage_taken":[{"damage":14,"enemies":"Jaw Worm","floor":1,"turns":5},{"damage":5,"enemies":"Cultist","floor":3,"turns":4},{"damage":9,"enemies":"Small Slimes","floor":4,"turns":3},{"damage":20,"enemies":"3 Louse","floor":5,"turns":6},{"damage":49,"enemies":"3 Sentries","floor":6,"turns":10},{"damage":8,"enemies":"2 Fungi Beasts","floor":8,"turns":4},{"damage":2,"enemies":"Looter","floor":11,"turns":4},{"damage":0,"enemies":"Lagavulin","floor":12,"turns":8},{"damage":2,"enemies":"Red Slaver","floor":13,"turns":6},{"damage":0,"enemies":"3 Louse","floor":14,"turns":1},{"damage":55,"enemies":"Hexaghost","floor":16,"turns":14}],"seed_played":"6941361981493815916","potions_obtained":[{"floor":1,"key":"FearPotion"},{"floor":3,"key":"Poison Potion"},{"floor":5,"key":"AttackPotion"},{"floor":8,"key":"AttackPotion"},{"floor":11,"key":"PowerPotion"}],"is_trial":false,"path_per_floor":["M","?","M","M","M","E","R","M","T","T","M","E","M","M","R","B"],"character_chosen":"IRONCLAD","items_purchased":[],"campfire_rested":1,"item_purchase_floors":[],"current_hp_per_floor":[72,72,73,70,56,13,13,11,11,11,15,21,25,31,55,0],"gold":320,"neow_bonus":"RANDOM_COMMON_RELIC","is_prod":false,"is_daily":false,"chose_seed":false,"campfire_upgraded":0,"win_rate":0,"timestamp":1542778314,"path_taken":["M","?","M","?","M","E","R","?","T","?","M","E","M","M","R","BOSS"],"build_version":"2018-11-15","purchased_purges":0,"victory":false,"max_hp_per_floor":[80,80,80,80,80,80,80,80,80,80,80,80,80,80,80,80],"card_choices":[{"not_picked":["Power Through","Clash","Hemokinesis"],"picked":"SKIP","floor":1},{"not_picked":["Sentinel","Inflame"],"picked":"Uppercut","floor":3},{"not_picked":["Clash","Pummel","Bloodletting"],"picked":"SKIP","floor":4},{"not_picked":["Second Wind","Armaments"],"picked":"Whirlwind","floor":5},{"not_picked":["Exhume","True Grit"],"picked":"Flame Barrier","floor":6},{"not_picked":["Armaments","Iron Wave"],"picked":"Shockwave","floor":8},{"not_picked":["Armaments","Thunderclap"],"picked":"Flame Barrier","floor":11},{"not_picked":["Clothesline","Flex","Sword Boomerang"],"picked":"SKIP","floor":12},{"not_picked":["Iron Wave","Seeing Red","True Grit"],"picked":"SKIP","floor":13},{"not_picked":["Armaments","Fire Breathing","Iron Wave"],"picked":"SKIP","floor":14}],"player_experience":465458,"relics_obtained":[{"floor":6,"key":"Oddly Smooth Stone"},{"floor":10,"key":"Potion Belt"},{"floor":12,"key":"Juzu Bracelet"}],"event_choices":[{"damage_healed":0,"gold_gain":0,"player_choice":"Upgraded","damage_taken":0,"max_hp_gain":0,"max_hp_loss":0,"event_name":"Upgrade Shrine","floor":2,"gold_loss":0,"cards_upgraded":["Defend_R"]}],"is_beta":false,"boss_relics":[],"items_purged_floors":[],"is_endless":false,"potions_floor_spawned":[1,3,5,8,11],"killed_by":"Hexaghost","ascension_level":3}