{"gold_per_floor":[216,216,216,216,226,20,20,20,69,86,120,139,139,174,174,276,276,294,14,14,113,124,124,124],"floor_reached":24,"playtime":1012,"items_purged":[],"score":323,"play_id":"a2584f35-731f-45ee-af0a-094de944b97b","local_time":"20190813164622","is_ascension_mode":true,"campfire_choices":[{"floor":7,"key":"REST"},{"floor":13,"key":"REST"},{"floor":15,"key":"REST"},{"floor":23,"key":"REST"}],"neow_cost":"NONE","seed_source_timestamp":921965812806900,"circlet_count":0,"master_deck":["AscendersBane","Strike_B","Strike_B","Strike_B","Strike_B","Defend_B+1","Defend_B","Defend_B+1","Defend_B","Zap+1","Gash","Undo+1","Undo","Conserve Battery","The Bomb","Bandage Up","Writhe"],"relics":["Cracked Core","Medical Kit","Bag of Preparation","Regal Pillow","War Paint","Philosopher\u0027s Stone","Boot"],"potions_floor_usage":[16,16],"damage_taken":[{"damage":5,"enemies":"2 Louse","floor":1,"turns":4},{"damage":0,"enemies":"Small Slimes","floor":5,"turns":4},{"damage":2,"enemies":"Jaw Worm","floor":10,"turns":3},{"damage":24,"enemies":"3 Sentries","floor":11,"turns":8},{"damage":3,"enemies":"Looter","floor":12,"turns":4},{"damage":35,"enemies":"Lagavulin","floor":14,"turns":7},{"damage":8,"enemies":"The Guardian","floor":16,"turns":12},{"damage":4,"enemies":"Chosen","floor":18,"turns":7},{"damage":35,"enemies":"3 Byrds","floor":22,"turns":5},{"damage":82,"enemies":"Book of Stabbing","floor":24,"turns":7}],"seed_played":"86281879190352798","potions_obtained":[{"floor":1,"key":"LiquidBronze"},{"floor":11,"key":"Energy Potion"},{"floor":12,"key":"Dexterity Potion"},{"floor":16,"key":"Ancient Potion"}],"is_trial":false,"path_per_floor":["M","?","?","?","M","$","R","$","T","M","E","M","R","E","R","B",null,"M","$","?","?","M","R","E"],"character_chosen":"DEFECT","items_purchased":["Medical Kit","The Bomb","Bandage Up"],"campfire_rested":4,"item_purchase_floors":[6,19,19],"current_hp_per_floor":[63,56,56,41,41,41,63,63,63,61,37,34,71,36,73,65,73,69,69,69,69,38,75,0],"gold":124,"neow_bonus":"HUNDRED_GOLD","is_prod":false,"is_daily":false,"chose_seed":false,"campfire_upgraded":0,"win_rate":0,"timestamp":1565732782,"path_taken":["M","?","?","?","M","$","R","?","T","M","E","?","R","E","R","BOSS","M","$","?","?","M","R","E"],"build_version":"2019-07-17","purchased_purges":0,"victory":false,"max_hp_per_floor":[75,75,75,75,75,75,75,75,75,75,75,75,75,75,75,75,75,75,75,75,75,75,75,75],"card_choices":[{"not_picked":["Redo","Conserve Battery"],"picked":"Gash","floor":1},{"not_picked":["Sweeping Beam","Go for the Eyes","Hello World"],"picked":"SKIP","floor":5},{"not_picked":["Steam","Ball Lightning"],"picked":"Undo","floor":10},{"not_picked":["Conserve Battery","Static Discharge"],"picked":"Undo","floor":11},{"not_picked":["Sweeping Beam","Beam Cell","Streamline"],"picked":"SKIP","floor":12},{"not_picked":["Streamline","Hyperbeam","Beam Cell"],"picked":"SKIP","floor":14},{"not_picked":["Go for the Eyes+1","Steam Power"],"picked":"Conserve Battery","floor":18},{"not_picked":["Ball Lightning","Sweeping Beam","Beam Cell"],"picked":"SKIP","floor":22}],"player_experience":2819234,"relics_obtained":[{"floor":9,"key":"Bag of Preparation"},{"floor":11,"key":"Regal Pillow"},{"floor":14,"key":"War Paint"}],"event_choices":[{"cards_removed":["Dualcast"],"damage_healed":0,"gold_gain":0,"player_choice":"Card Removal","damage_taken":7,"max_hp_gain":0,"max_hp_loss":0,"event_name":"Golden Wing","floor":2,"gold_loss":0},{"damage_healed":0,"gold_gain":0,"player_choice":"Ignored","damage_taken":0,"max_hp_gain":0,"max_hp_loss":0,"event_name":"Liars Game","floor":3,"gold_loss":0},{"damage_healed":0,"gold_gain":0,"player_choice":"Entered Light","damage_taken":15,"max_hp_gain":0,"max_hp_loss":0,"event_name":"Shining Light","floor":4,"gold_loss":0,"cards_upgraded":["Zap","Defend_B"]},{"damage_healed":0,"gold_gain":0,"player_choice":"Opened","damage_taken":0,"relics_obtained":["Boot"],"max_hp_gain":0,"max_hp_loss":0,"event_name":"The Mausoleum","floor":20,"gold_loss":0,"cards_obtained":["Writhe"]},{"damage_healed":0,"gold_gain":99,"player_choice":"Stole From Cult","damage_taken":0,"max_hp_gain":0,"max_hp_loss":0,"event_name":"Nest","floor":21,"gold_loss":0}],"is_beta":false,"boss_relics":[{"not_picked":["Coffee Dripper","Nuclear Battery"],"picked":"Philosopher\u0027s Stone"}],"items_purged_floors":[],"is_endless":false,"potions_floor_spawned":[1,11,12,16],"killed_by":"Book of Stabbing","ascension_level":12}