{"path_per_floor":["M","$","?","?","M","R","M","E","T","E","M","R","?","M","R","B",null,"M","T","?","?","$","E","R","M","T","M","M","?","M","?","R","B",null,"M","?","M","?","?","E","R","?","T","R","M","T","M","M","R"],"character_chosen":"IRONCLAD","items_purchased":["Inflame","Double Tap","Cleave"],"gold_per_floor":[114,39,39,4,20,20,40,72,98,127,143,143,243,257,257,361,361,373,399,314,314,55,90,90,109,135,151,165,165,184,184,184,283,283,302,302,316,316,0,34,34,34,34,34,53,53,66,82,82],"floor_reached":50,"campfire_rested":1,"playtime":3371,"current_hp_per_floor":[78,78,62,80,80,80,80,66,66,64,60,60,60,66,66,61,80,73,80,90,90,90,92,92,94,94,92,85,69,62,62,62,13,97,91,91,95,95,95,80,80,70,70,70,68,68,66,67,96],"items_purged":["Strike_R"],"gold":82,"play_id":"a6b6bbbf-0093-42f6-aadd-1d676dc386b3","is_prod":false,"is_daily":false,"campfire_rituals":0,"campfire_upgraded":7,"is_hardmode":false,"path_taken":["M","$","?","?","M","R","M","E","T","E","M","R","?","M","R","BOSS","M","?","?","?","$","E","R","M","T","M","?","?","M","?","R","BOSS","M","?","?","?","?","E","R","?","T","R","M","?","M","?","R","BOSS"],"build_version":"2018-01-18-PROD4","purchased_purges":1,"victory":false,"master_deck":["Strike_R","Strike_R","Strike_R","Defend_R","Defend_R","Defend_R","Defend_R","Bash","Whirlwind","Burning Pact","Inflame","Twin Strike","Metallicize","Armaments","Thunderclap","Twin Strike","Offering","Impervious","Double Tap","Cleave","Body Slam","Metallicize","Searing Blow","Jack Of All Trades","Inflame","Battle Trance","Infernal Blade","Madness","Madness","Dropkick","Spot Weakness","Rupture","Barricade"],"max_hp_per_floor":[80,80,80,80,80,80,80,80,80,80,80,80,80,80,80,80,80,80,87,97,97,97,97,97,97,97,97,97,97,97,97,97,97,97,97,97,97,97,97,97,97,97,97,97,97,97,97,97,97],"relics":["Burning Blood","Omamori","Bag of Marbles","Oddly Smooth Stone","Philosopher\u0027s Stone","Strawberry","Pear","Ornamental Fan","Dream Catcher","Cursed Key","Red Mask","Matryoshka","Prayer Wheel","Frozen Egg","Dodecahedron","Magic Flower"],"campfire_meditates":0,"card_choices":[{"not_picked":["Pommel Strike","Sentinel"],"picked":"Whirlwind"},{"not_picked":["Rage","Bloodletting"],"picked":"Burning Pact"},{"not_picked":["Perfected Strike","Fire Breathing"],"picked":"Twin Strike"},{"not_picked":["Headbutt","Shrug It Off"],"picked":"Metallicize"},{"not_picked":["Sword Boomerang","Dual Wield"],"picked":"Armaments"},{"not_picked":["Fiend Fire","Wild Strike"],"picked":"Thunderclap"},{"not_picked":["Wild Strike","Havoc"],"picked":"Twin Strike"},{"not_picked":["Flame Barrier","Headbutt"],"picked":"Offering"},{"not_picked":["Brutality","Bludgeon"],"picked":"Impervious"},{"not_picked":["Iron Wave","Rupture"],"picked":"Body Slam"},{"not_picked":["Pummel","Wild Strike"],"picked":"Metallicize"},{"not_picked":["Burning Pact","Armaments"],"picked":"Searing Blow"},{"not_picked":["Shrug It Off","Clash"],"picked":"Inflame"},{"not_picked":["Clash","Cleave"],"picked":"Pommel Strike"},{"not_picked":["True Grit","Rage"],"picked":"Battle Trance"},{"not_picked":["Power Through","Heavy Blade"],"picked":"Infernal Blade"},{"not_picked":["Flex","Twin Strike"],"picked":"Dropkick"},{"not_picked":["Shockwave","Armaments"],"picked":"Spot Weakness"},{"not_picked":["Power Through","Twin Strike"],"picked":"Rupture"},{"not_picked":["Hemokinesis","Reckless Charge"],"picked":"Barricade"}],"player_experience":66326,"potions_floor_usage":[10,10,23,30,33,45,47,50,50],"damage_taken":[{"damage":8,"enemies":"Blue Slaver","floor":1,"turns":6},{"damage":1,"enemies":"Jaw Worm","floor":5,"turns":3},{"damage":5,"enemies":"Small Slimes","floor":7,"turns":3},{"damage":20,"enemies":"Gremlin Nob","floor":8,"turns":4},{"damage":23,"enemies":"3 Sentries","floor":10,"turns":7},{"damage":10,"enemies":"Looter","floor":11,"turns":2},{"damage":0,"enemies":"2 Fungi Beasts","floor":14,"turns":3},{"damage":11,"enemies":"Slime Boss","floor":16,"turns":7},{"damage":13,"enemies":"3 Byrds","floor":18,"turns":3},{"damage":4,"enemies":"Gremlin Leader","floor":23,"turns":4},{"damage":4,"enemies":"Chosen","floor":25,"turns":3},{"damage":8,"enemies":"Snecko","floor":27,"turns":4},{"damage":13,"enemies":"Snake Plant","floor":28,"turns":4},{"damage":25,"enemies":"Centurion and Healer","floor":30,"turns":5},{"damage":55,"enemies":"Automaton","floor":33,"turns":7},{"damage":12,"enemies":"3 Darklings","floor":35,"turns":2},{"damage":2,"enemies":"Orb Walker","floor":37,"turns":3},{"damage":25,"enemies":"Giant Head","floor":40,"turns":6},{"damage":8,"enemies":"Sphere and 2 Shapes","floor":45,"turns":3},{"damage":11,"enemies":"3 Darklings","floor":47,"turns":3},{"damage":8,"enemies":"Maw","floor":48,"turns":6},{"damage":100,"enemies":"Time Eater","floor":50,"turns":10}],"event_choices":[{"event_name":"Shining Light","player_choice":"Entered Light","floor":3,"damage_taken":0},{"event_name":"The Cleric","player_choice":"Healed","floor":4,"damage_taken":0},{"event_name":"Wheel of Change","player_choice":"Gold","floor":13,"damage_taken":0},{"event_name":"Addict","player_choice":"Obtained Relic","floor":20,"damage_taken":0},{"event_name":"Back to Basics","player_choice":"Simplicity","floor":21,"damage_taken":0},{"event_name":"Knowing Skull","player_choice":"CARD ","floor":29,"damage_taken":0},{"event_name":"Bonfire Elementals","player_choice":"BASIC","floor":31,"damage_taken":0},{"event_name":"The Lab","player_choice":"Got Potions","floor":38,"damage_taken":0},{"event_name":"Tomb of Lord Red Mask","player_choice":"Paid","floor":39,"damage_taken":0},{"event_name":"Winding Halls","player_choice":"Embrace Madness","floor":42,"damage_taken":0}],"boss_relics":[{"not_picked":["Ectoplasm","Runic Cube"],"picked":"Philosopher\u0027s Stone"},{"not_picked":["Velvet Choker","Runic Dome"],"picked":"Cursed Key"}],"potions_floor_spawned":[1,7,11,16,27,30,33,40,47],"seed_played":"-7368640487474032445","killed_by":"Time Eater","is_trial":false}