{"gold_per_floor":[112,112,62,62,76,76,92,92,116,131,131,147,157,169,169,169],"floor_reached":16,"playtime":1050,"items_purged":[],"score":136,"play_id":"0dd3e77b-2db1-4402-8d07-ae4511c311ce","local_time":"20190627141317","is_ascension_mode":true,"campfire_choices":[{"data":"Body Slam","floor":6,"key":"SMITH"},{"data":"Metallicize","floor":8,"key":"SMITH"},{"data":"Reaper","floor":15,"key":"SMITH"}],"neow_cost":"NONE","seed_source_timestamp":126699605489145,"circlet_count":0,"master_deck":["Strike_R","Strike_R","Strike_R","Defend_R","Defend_R","Defend_R","Defend_R","Bash","Shrug It Off","Body Slam+1","Metallicize+1","Flame Barrier","Reaper+1"],"relics":["Sozu","Smiling Mask"],"potions_floor_usage":[],"damage_taken":[{"damage":2,"enemies":"Small Slimes","floor":1,"turns":4},{"damage":0,"enemies":"2 Louse","floor":5,"turns":3},{"damage":0,"enemies":"Jaw Worm","floor":7,"turns":3},{"damage":0,"enemies":"Looter","floor":10,"turns":3},{"damage":0,"enemies":"Exordium Wildlife","floor":12,"turns":3},{"damage":6,"enemies":"Lots of Slimes","floor":13,"turns":5},{"damage":0,"enemies":"Large Slime","floor":14,"turns":5},{"damage":71,"enemies":"Slime Boss","floor":16,"turns":12}],"seed_played":"4801724536962751826","potions_obtained":[],"is_trial":false,"path_per_floor":["M","?","?","?","M","R","M","R","T","M","?","M","M","M","R","B"],"character_chosen":"IRONCLAD","items_purchased":[],"campfire_rested":0,"item_purchase_floors":[],"current_hp_per_floor":[70,70,70,63,63,63,63,63,63,63,63,63,57,61,61,0],"gold":169,"neow_bonus":"BOSS_RELIC","is_prod":false,"is_daily":false,"chose_seed":false,"campfire_upgraded":3,"win_rate":0,"timestamp":1561662797,"path_taken":["M","?","?","?","?","R","M","R","T","M","?","M","M","M","R","BOSS"],"build_version":"2019-01-23","purchased_purges":0,"victory":false,"max_hp_per_floor":[80,80,80,80,80,80,80,80,80,80,80,80,80,80,80,80],"card_choices":[{"not_picked":["Reckless Charge","Dropkick"],"picked":"Shrug It Off","floor":1},{"not_picked":["Flame Barrier","Clothesline"],"picked":"Body Slam","floor":5},{"not_picked":["Headbutt","Pummel"],"picked":"Metallicize","floor":7},{"not_picked":["Armaments","Iron Wave"],"picked":"Flame Barrier","floor":10},{"not_picked":["Wild Strike","Flex","Thunderclap"],"picked":"SKIP","floor":12},{"not_picked":["Bloodletting","Shrug It Off"],"picked":"Reaper","floor":13},{"not_picked":["Reckless Charge","Thunderclap","Dropkick"],"picked":"SKIP","floor":14}],"player_experience":2067615,"relics_obtained":[{"floor":9,"key":"Smiling Mask"}],"event_choices":[{"damage_healed":0,"gold_gain":0,"cards_transformed":["Strike_R"],"player_choice":"Change","damage_taken":0,"max_hp_gain":0,"max_hp_loss":0,"event_name":"Living Wall","floor":2,"gold_loss":0,"cards_obtained":["Hemokinesis"]},{"cards_removed":["Hemokinesis"],"damage_healed":0,"gold_gain":0,"player_choice":"Card Removal","damage_taken":0,"max_hp_gain":0,"max_hp_loss":0,"event_name":"The Cleric","floor":3,"gold_loss":50},{"cards_removed":["Strike_R"],"damage_healed":0,"gold_gain":0,"player_choice":"Card Removal","damage_taken":7,"max_hp_gain":0,"max_hp_loss":0,"event_name":"Golden Wing","floor":4,"gold_loss":0},{"damage_healed":0,"gold_gain":0,"player_choice":"Ignored","damage_taken":0,"max_hp_gain":0,"max_hp_loss":0,"event_name":"Liars Game","floor":11,"gold_loss":0}],"is_beta":false,"boss_relics":[],"items_purged_floors":[],"is_endless":false,"potions_floor_spawned":[5,7,10],"killed_by":"Slime Boss","ascension_level":9}