{"gold_per_floor":[218,234,251,251,223,250,54,54,54,54,71,88,104,4,4,101,101,111,123,123,137,150,150,163,176,203,203,217,217,132,132,132,233,233,249,249,249],"floor_reached":37,"playtime":2761,"items_purged":["Strike_B","Defend_B"],"score":375,"play_id":"52985ded-5188-4180-9034-1f4ddae3d9fa","local_time":"20190819134348","is_ascension_mode":false,"campfire_choices":[{"floor":10,"key":"REST"},{"floor":15,"key":"REST"},{"data":"Defragment","floor":23,"key":"SMITH"},{"data":"Amplify","floor":27,"key":"SMITH"},{"data":"Beam Cell","floor":29,"key":"SMITH"},{"data":"Defragment","floor":32,"key":"SMITH"}],"neow_cost":"NONE","seed_source_timestamp":350731874458072,"circlet_count":0,"master_deck":["Strike_B","Strike_B","Strike_B","Defend_B","Defend_B","Defend_B","Zap","Dualcast","Capacitor","Redo","Defragment","Self Repair","Coolheaded","Melter","Beam Cell+1","Defragment+1","Amplify+1","Defragment+1","Self Repair","Electrodynamics","Cold Snap","Rebound"],"relics":["FrozenCore","Omamori","Orichalcum","Vajra","Blue Candle","Velvet Choker"],"potions_floor_usage":[3,5,6,11,11,16,16,19,37,37,37],"damage_taken":[{"damage":0,"enemies":"Cultist","floor":1,"turns":4},{"damage":0,"enemies":"Small Slimes","floor":2,"turns":3},{"damage":6,"enemies":"Jaw Worm","floor":3,"turns":3},{"damage":24,"enemies":"Exordium Thugs","floor":5,"turns":5},{"damage":43,"enemies":"3 Sentries","floor":6,"turns":9},{"damage":5,"enemies":"Looter","floor":11,"turns":4},{"damage":7,"enemies":"2 Fungi Beasts","floor":12,"turns":4},{"damage":4,"enemies":"Blue Slaver","floor":13,"turns":4},{"damage":17,"enemies":"The Guardian","floor":16,"turns":11},{"damage":45,"enemies":"3 Byrds","floor":18,"turns":8},{"damage":3,"enemies":"Shell Parasite","floor":19,"turns":8},{"damage":12,"enemies":"Snake Plant","floor":21,"turns":7},{"damage":11,"enemies":"Centurion and Healer","floor":22,"turns":14},{"damage":1,"enemies":"Sentry and Sphere","floor":24,"turns":5},{"damage":15,"enemies":"Shelled Parasite and Fungi","floor":25,"turns":7},{"damage":18,"enemies":"Snake Plant","floor":28,"turns":7},{"damage":5,"enemies":"Champ","floor":33,"turns":13},{"damage":19,"enemies":"3 Darklings","floor":35,"turns":6},{"damage":79,"enemies":"2 Orb Walkers","floor":37,"turns":10}],"seed_played":"3166752187974772198","potions_obtained":[{"floor":1,"key":"SkillPotion"},{"floor":2,"key":"SkillPotion"},{"floor":5,"key":"Block Potion"},{"floor":8,"key":"GamblersBrew"},{"floor":8,"key":"SpeedPotion"},{"floor":8,"key":"FocusPotion"},{"floor":11,"key":"Poison Potion"},{"floor":18,"key":"AttackPotion"},{"floor":22,"key":"Poison Potion"},{"floor":24,"key":"SteroidPotion"},{"floor":25,"key":"Poison Potion"}],"is_trial":false,"path_per_floor":["M","M","M","?","M","E","$","?","T","R","M","M","M","$","R","B",null,"M","M","?","M","M","R","M","M","T","R","M","R","?","?","R","B",null,"M","?","?"],"character_chosen":"DEFECT","items_purchased":["Self Repair","Coolheaded"],"campfire_rested":2,"item_purchase_floors":[7,7],"current_hp_per_floor":[75,75,69,74,50,7,7,7,7,31,33,33,36,36,60,43,80,42,46,46,55,65,65,80,79,79,79,75,75,75,72,72,80,80,75,75,0],"gold":249,"neow_bonus":"HUNDRED_GOLD","is_prod":false,"is_daily":false,"chose_seed":false,"campfire_upgraded":4,"win_rate":0.0,"timestamp":1566236628,"path_taken":["M","?","?","?","M","E","$","?","T","R","M","M","?","?","R","BOSS","M","?","?","M","?","R","M","M","T","R","M","R","?","?","R","BOSS","M","?","?"],"build_version":"2019-07-17","purchased_purges":2,"victory":false,"max_hp_per_floor":[75,75,75,80,80,80,80,80,80,80,80,80,80,80,80,80,80,80,80,80,80,80,80,80,80,80,80,80,80,80,80,80,80,80,80,80,80],"card_choices":[{"not_picked":["Fusion","Ball Lightning"],"picked":"Capacitor","floor":1},{"not_picked":["Heatsinks","Reinforced Body","Steam"],"picked":"SKIP","floor":2},{"not_picked":["Steam","Static Discharge"],"picked":"Redo","floor":3},{"not_picked":["Barrage","Skim","Rebound"],"picked":"SKIP","floor":5},{"not_picked":["Thunder Strike","Steam Power"],"picked":"Defragment","floor":6},{"not_picked":["Beam Cell","Redo"],"picked":"Melter","floor":11},{"not_picked":["Go for the Eyes","Hologram"],"picked":"Beam Cell","floor":12},{"not_picked":["Force Field","Compile Driver"],"picked":"Defragment","floor":13},{"not_picked":["Seek","Rainbow"],"picked":"Amplify","floor":16},{"not_picked":["Go for the Eyes","Glacier","Reprogram"],"picked":"SKIP","floor":18},{"not_picked":["Sweeping Beam","Hologram"],"picked":"Defragment","floor":19},{"not_picked":["Gash+1","Aggregate","Compile Driver"],"picked":"SKIP","floor":21},{"not_picked":["Undo+1","Beam Cell"],"picked":"Electrodynamics","floor":22},{"not_picked":["Steam+1","Tempest","Hologram"],"picked":"SKIP","floor":24},{"not_picked":["Hello World","Steam+1","Hologram"],"picked":"SKIP","floor":25},{"not_picked":["Coolheaded","Gash"],"picked":"Cold Snap","floor":28},{"not_picked":["Steam Power","Auto Shields"],"picked":"Rebound","floor":35}],"player_experience":132525,"relics_obtained":[{"floor":6,"key":"Omamori"},{"floor":9,"key":"Orichalcum"},{"floor":26,"key":"Vajra"}],"event_choices":[{"damage_healed":0,"gold_gain":0,"player_choice":"Donut","damage_taken":0,"max_hp_gain":5,"max_hp_loss":0,"event_name":"Big Fish","floor":4,"gold_loss":0},{"damage_healed":0,"gold_gain":0,"player_choice":"Got Potions","damage_taken":0,"max_hp_gain":0,"max_hp_loss":0,"event_name":"Lab","floor":8,"gold_loss":0},{"damage_healed":0,"gold_gain":0,"player_choice":"Copied","damage_taken":0,"max_hp_gain":0,"max_hp_loss":0,"event_name":"Duplicator","floor":20,"gold_loss":0,"cards_obtained":["Self Repair"]},{"damage_healed":0,"gold_gain":0,"player_choice":"Obtained Relic","damage_taken":0,"relics_obtained":["Blue Candle"],"max_hp_gain":0,"max_hp_loss":0,"event_name":"Addict","floor":30,"gold_loss":85},{"damage_healed":0,"gold_gain":0,"player_choice":"Punched","damage_taken":3,"max_hp_gain":0,"max_hp_loss":0,"event_name":"Designer","floor":31,"gold_loss":0},{"damage_healed":0,"gold_gain":0,"player_choice":"Memory 1","damage_taken":0,"max_hp_gain":0,"max_hp_loss":0,"event_name":"SensoryStone","floor":36,"gold_loss":0},{"damage_healed":0,"gold_gain":0,"player_choice":"Fight","damage_taken":0,"max_hp_gain":0,"max_hp_loss":0,"event_name":"Mysterious Sphere","floor":37,"gold_loss":0}],"is_beta":false,"boss_relics":[{"not_picked":["Philosopher\u0027s Stone","Orrery"],"picked":"FrozenCore"},{"not_picked":["Empty Cage","White Beast Statue"],"picked":"Velvet Choker"}],"items_purged_floors":[7,14],"is_endless":false,"potions_floor_spawned":[1,2,5,11,18,22,24,25],"killed_by":"2 Orb Walkers","ascension_level":0}