{"gold_per_floor":[111,36,36,1,20,35,35,47,73,73],"floor_reached":10,"playtime":696,"items_purged":["Decay"],"score":61,"play_id":"12bbe0be-0cbd-42c8-ad2b-d656bbaafcf6","local_time":"20181106223706","is_ascension_mode":true,"campfire_choices":[{"data":"Intimidate","floor":7,"key":"SMITH"}],"neow_cost":"NONE","seed_source_timestamp":2416275944302185,"circlet_count":0,"master_deck":["Strike_R","Strike_R","Strike_R","Strike_R","Strike_R","Defend_R","Defend_R","Defend_R","Defend_R","Bash","Clumsy","Regret","Shrug It Off","Intimidate+1","Anger"],"relics":["Calling Bell","Boot","Kunai","StoneCalendar","Lantern","Potion Belt"],"potions_floor_usage":[],"damage_taken":[{"damage":23,"enemies":"Cultist","floor":1,"turns":6},{"damage":0,"enemies":"2 Louse","floor":5,"turns":2},{"damage":17,"enemies":"Jaw Worm","floor":6,"turns":5},{"damage":26,"enemies":"Gremlin Gang","floor":8,"turns":6},{"damage":31,"enemies":"3 Sentries","floor":10,"turns":6}],"seed_played":"2088389586846073951","potions_obtained":[{"floor":6,"key":"EssenceOfSteel"},{"floor":8,"key":"Explosive Potion"}],"is_trial":false,"path_per_floor":["M","$","?","?","M","M","R","M","T","E"],"character_chosen":"IRONCLAD","items_purchased":[],"campfire_rested":0,"item_purchase_floors":[],"current_hp_per_floor":[57,57,54,74,74,57,57,31,31,0],"gold":73,"neow_bonus":"BOSS_RELIC","is_prod":false,"is_daily":false,"chose_seed":false,"campfire_upgraded":1,"win_rate":0,"timestamp":1541565426,"path_taken":["M","$","?","?","?","M","R","?","T","E"],"build_version":"2018-11-01","purchased_purges":1,"victory":false,"max_hp_per_floor":[80,80,80,80,80,80,80,80,80,80],"card_choices":[{"not_picked":["Perfected Strike","Sword Boomerang"],"picked":"Shrug It Off","floor":1},{"not_picked":["Cleave","Dual Wield"],"picked":"Intimidate","floor":5},{"not_picked":["Thunderclap","Cleave"],"picked":"Anger","floor":6},{"not_picked":["Heavy Blade","Rupture","Wild Strike"],"picked":"SKIP","floor":8}],"player_experience":28364,"relics_obtained":[{"floor":0,"key":"Boot"},{"floor":0,"key":"Kunai"},{"floor":0,"key":"StoneCalendar"},{"floor":9,"key":"Potion Belt"}],"event_choices":[{"damage_healed":0,"gold_gain":0,"player_choice":"Success","damage_taken":3,"relics_obtained":["Lantern"],"max_hp_gain":0,"max_hp_loss":0,"event_name":"Scrap Ooze","floor":3,"gold_loss":0},{"damage_healed":20,"gold_gain":0,"player_choice":"Healed","damage_taken":0,"max_hp_gain":0,"max_hp_loss":0,"event_name":"The Cleric","floor":4,"gold_loss":35}],"is_beta":false,"boss_relics":[],"items_purged_floors":[2],"is_endless":false,"potions_floor_spawned":[6,8],"killed_by":"3 Sentries","ascension_level":1}