{"gold_per_floor":[117,292,302,22,42,42,59,59,59,86,86,98,114,14,14,115,115,129,129,155,155,142,142,142,175,175,175],"floor_reached":27,"playtime":1108,"items_purged":["Doubt","Dualcast"],"score":358,"play_id":"19431838-b7bd-48cb-b218-35c2cb0e207e","local_time":"20190805144843","is_ascension_mode":true,"campfire_choices":[{"data":"Zap","floor":6,"key":"SMITH"},{"floor":8,"key":"REST"},{"data":"Undo","floor":15,"key":"SMITH"},{"data":"Darkness","floor":23,"key":"SMITH"}],"neow_cost":"NONE","seed_source_timestamp":223601133502800,"circlet_count":0,"master_deck":["AscendersBane","Strike_B","Strike_B","Strike_B","Strike_B","Defend_B","Defend_B","Defend_B","Defend_B","Zap+1","BootSequence","Undo+1","Go for the Eyes","Loop+1","FTL","Darkness+1"],"relics":["Cracked Core","NeowsBlessing","Medical Kit","Pear","Incense Burner","Runic Pyramid","Dream Catcher","Toxic Egg 2","Dodecahedron","WingedGreaves"],"potions_floor_usage":[10,16,16],"damage_taken":[{"damage":0,"enemies":"Cultist","floor":1,"turns":1},{"damage":0,"enemies":"Jaw Worm","floor":3,"turns":1},{"damage":0,"enemies":"Small Slimes","floor":5,"turns":1},{"damage":18,"enemies":"Exordium Thugs","floor":7,"turns":6},{"damage":12,"enemies":"3 Sentries","floor":10,"turns":9},{"damage":0,"enemies":"3 Louse","floor":12,"turns":4},{"damage":2,"enemies":"Exordium Wildlife","floor":13,"turns":4},{"damage":38,"enemies":"Hexaghost","floor":16,"turns":10},{"damage":6,"enemies":"Spheric Guardian","floor":18,"turns":5},{"damage":2,"enemies":"2 Thieves","floor":22,"turns":4},{"damage":44,"enemies":"Book of Stabbing","floor":25,"turns":7},{"damage":20,"enemies":"Snecko","floor":27,"turns":5}],"seed_played":"-2758504521866541602","potions_obtained":[{"floor":1,"key":"Dexterity Potion"},{"floor":10,"key":"SteroidPotion"},{"floor":12,"key":"Strength Potion"},{"floor":13,"key":"Explosive Potion"}],"is_trial":false,"path_per_floor":["M","?","M","$","M","R","M","R","T","E","?","M","M","$","R","B",null,"M","?","T","?","M","R","?","E","T","M"],"character_chosen":"DEFECT","items_purchased":["Medical Kit"],"campfire_rested":1,"item_purchase_floors":[4],"current_hp_per_floor":[68,68,68,68,68,68,50,72,82,70,70,70,68,68,68,30,71,65,65,65,65,63,63,63,19,19,0],"gold":175,"neow_bonus":"THREE_ENEMY_KILL","is_prod":false,"is_daily":false,"chose_seed":false,"campfire_upgraded":3,"win_rate":0,"timestamp":1565034523,"path_taken":["M","?","M","$","M","R","M","R","T","E","?","M","?","?","R","BOSS","M","?","?","?","?","R","?","E","T","M"],"build_version":"2019-07-17","purchased_purges":2,"victory":false,"max_hp_per_floor":[75,75,75,75,75,75,75,75,85,85,85,85,85,85,85,85,85,85,85,85,85,85,85,85,85,85,85],"card_choices":[{"not_picked":["Turbo","Coolheaded"],"picked":"BootSequence","floor":1},{"not_picked":["Hologram","Recycle"],"picked":"Undo","floor":3},{"not_picked":["Go for the Eyes","Steam Power","Ball Lightning"],"picked":"SKIP","floor":5},{"not_picked":["Rebound","Barrage"],"picked":"Go for the Eyes","floor":7},{"not_picked":["Steam","Barrage"],"picked":"Loop","floor":10},{"not_picked":["Thunder Strike","Go for the Eyes","Hologram"],"picked":"SKIP","floor":12},{"not_picked":["Beam Cell","Turbo"],"picked":"FTL","floor":13},{"not_picked":["Redo","Reprogram+1","Static Discharge+1"],"picked":"SKIP","floor":18},{"not_picked":["Steam Power","Turbo"],"picked":"Darkness","floor":22},{"not_picked":["Double Energy+1","Ball Lightning+1","Coolheaded+1"],"picked":"SKIP","floor":25}],"player_experience":2681404,"relics_obtained":[{"floor":9,"key":"Pear"},{"floor":10,"key":"Incense Burner"},{"floor":20,"key":"Dream Catcher"},{"floor":25,"key":"Dodecahedron"},{"floor":26,"key":"WingedGreaves"}],"event_choices":[{"damage_healed":0,"gold_gain":175,"player_choice":"AGREE","damage_taken":0,"max_hp_gain":0,"max_hp_loss":0,"event_name":"Liars Game","floor":2,"gold_loss":0,"cards_obtained":["Doubt"]},{"damage_healed":0,"gold_gain":0,"player_choice":"Upgraded","damage_taken":0,"max_hp_gain":0,"max_hp_loss":0,"event_name":"Upgrade Shrine","floor":11,"gold_loss":0,"cards_upgraded":["Loop"]},{"damage_healed":0,"gold_gain":0,"player_choice":"Ignored","damage_taken":0,"max_hp_gain":0,"max_hp_loss":0,"event_name":"Vampires","floor":19,"gold_loss":0},{"damage_healed":0,"gold_gain":0,"player_choice":"Ignored","damage_taken":0,"max_hp_gain":0,"max_hp_loss":0,"event_name":"Ghosts","floor":21,"gold_loss":0},{"damage_healed":0,"gold_gain":0,"player_choice":"Opened","damage_taken":0,"relics_obtained":["Toxic Egg 2"],"max_hp_gain":0,"max_hp_loss":0,"event_name":"The Mausoleum","floor":24,"gold_loss":0}],"is_beta":false,"boss_relics":[{"not_picked":["Empty Cage","Busted Crown"],"picked":"Runic Pyramid"}],"items_purged_floors":[4,14],"is_endless":false,"potions_floor_spawned":[1,10,12,13],"killed_by":"Snecko","ascension_level":11}