{"gold_per_floor":[118,129,129,129,1,1,11,11,36,36,47,60,77,93,93,192,192,210,221,18,18],"floor_reached":21,"playtime":5198,"items_purged":["Strike_B"],"score":312,"play_id":"0383c5ca-cd39-4b64-9bac-db67810ca8e5","local_time":"20190506194315","is_ascension_mode":true,"campfire_choices":[{"data":"Zap","floor":6,"key":"SMITH"},{"data":"Cold Snap","floor":8,"key":"SMITH"},{"data":"Defend_B","floor":10,"key":"SMITH"},{"data":"Machine Learning","floor":15,"key":"SMITH"}],"neow_cost":"NONE","seed_source_timestamp":220057003799827,"circlet_count":0,"master_deck":["Strike_B","Strike_B","Strike_B","Defend_B","Defend_B","Defend_B","Defend_B+1","Zap+1","Cold Snap+1","Conserve Battery","Machine Learning+1","Buffer","Regret","Shame","Shame","Cold Snap"],"relics":["Cracked Core","NeowsBlessing","Blood Vial","Calling Bell","Oddly Smooth Stone","Pantograph","Nunchaku","Runic Capacitor"],"potions_floor_usage":[16,16,16],"damage_taken":[{"damage":0,"enemies":"Jaw Worm","floor":1,"turns":1},{"damage":0,"enemies":"Small Slimes","floor":2,"turns":1},{"damage":0,"enemies":"Cultist","floor":7,"turns":1},{"damage":0,"enemies":"2 Fungi Beasts","floor":11,"turns":3},{"damage":0,"enemies":"Blue Slaver","floor":12,"turns":4},{"damage":0,"enemies":"Looter","floor":13,"turns":4},{"damage":2,"enemies":"3 Louse","floor":14,"turns":3},{"damage":0,"enemies":"The Guardian","floor":16,"turns":12},{"damage":40,"enemies":"3 Byrds","floor":18,"turns":7},{"damage":19,"enemies":"Spheric Guardian","floor":19,"turns":8},{"damage":26,"enemies":"Snake Plant","floor":21,"turns":2}],"seed_played":"-8089341586486502560","potions_obtained":[{"floor":1,"key":"EntropicBrew"},{"floor":7,"key":"Weak Potion"},{"floor":11,"key":"Fire Potion"},{"floor":19,"key":"Weak Potion"}],"is_trial":false,"path_per_floor":["M","M","?","?","$","R","M","R","T","R","M","M","M","M","R","B",null,"M","M","$","M"],"character_chosen":"DEFECT","items_purchased":["Cold Snap","Runic Capacitor"],"campfire_rested":0,"item_purchase_floors":[5,20],"current_hp_per_floor":[68,68,73,73,73,73,73,73,73,73,75,77,79,78,78,80,80,40,23,23,0],"gold":18,"neow_bonus":"THREE_ENEMY_KILL","is_prod":false,"is_daily":false,"chose_seed":false,"campfire_upgraded":4,"win_rate":0,"timestamp":1557189795,"path_taken":["M","M","?","?","$","R","M","R","T","R","?","M","M","M","R","BOSS","M","M","$","M"],"build_version":"2019-01-23","purchased_purges":1,"victory":false,"max_hp_per_floor":[75,75,80,80,80,80,80,80,80,80,80,80,80,80,80,80,80,80,80,80,80],"card_choices":[{"not_picked":["Turbo","Barrage","Blizzard"],"picked":"SKIP","floor":1},{"not_picked":["Coolheaded","Leap","Steam"],"picked":"SKIP","floor":2},{"not_picked":["Turbo","Chaos","Coolheaded"],"picked":"SKIP","floor":7},{"not_picked":["Compile Driver","Beam Cell"],"picked":"Conserve Battery","floor":11},{"not_picked":["Reprogram","Tempest","Rip and Tear"],"picked":"SKIP","floor":12},{"not_picked":["Conserve Battery","Turbo"],"picked":"Machine Learning","floor":13},{"not_picked":["Beam Cell","Leap","Ball Lightning"],"picked":"SKIP","floor":14},{"not_picked":["Hyperbeam","Biased Cognition"],"picked":"Buffer","floor":16},{"not_picked":["Blizzard+1","Skim"],"picked":"Cold Snap","floor":18},{"not_picked":["Aggregate+1","Tempest","Steam Power"],"picked":"SKIP","floor":19}],"player_experience":1901293,"relics_obtained":[{"floor":9,"key":"Blood Vial"},{"floor":17,"key":"Oddly Smooth Stone"},{"floor":17,"key":"Pantograph"},{"floor":17,"key":"Nunchaku"}],"event_choices":[{"damage_healed":0,"gold_gain":0,"player_choice":"Donut","damage_taken":0,"max_hp_gain":5,"max_hp_loss":0,"event_name":"Big Fish","floor":3,"gold_loss":0},{"cards_removed":["Dualcast"],"damage_healed":0,"gold_gain":0,"player_choice":"Card Removal","damage_taken":0,"max_hp_gain":0,"max_hp_loss":0,"event_name":"Wheel of Change","floor":4,"gold_loss":0}],"is_beta":false,"boss_relics":[{"not_picked":["Runic Dome","Nuclear Battery"],"picked":"Calling Bell"}],"items_purged_floors":[5],"is_endless":false,"potions_floor_spawned":[1,7,11,14,19],"killed_by":"Snake Plant","ascension_level":8}