{"gold_per_floor":[117,292,292,144,158,158,192,212,290,301,301,301,301,321,321,424,424,439,439,359,458,426,426,426],"floor_reached":24,"playtime":806,"items_purged":["Doubt","Dualcast"],"score":375,"play_id":"28450487-138f-47aa-86b9-af1bf358c61f","local_time":"20190817000829","is_ascension_mode":true,"campfire_choices":[{"data":"Loop","floor":6,"key":"SMITH"},{"data":"1","floor":13,"key":"LIFT"},{"data":"2","floor":15,"key":"LIFT"},{"data":"3","floor":23,"key":"LIFT"}],"neow_cost":"NONE","seed_source_timestamp":253215600225800,"circlet_count":0,"master_deck":["AscendersBane","Strike_B","Strike_B","Strike_B","Strike_B","Defend_B","Defend_B","Defend_B","Defend_B","Zap+1","Conserve Battery","Loop+1","Reinforced Body","Conserve Battery","Cold Snap","Chill","Machine Learning","Capacitor"],"relics":["Cracked Core","NeowsBlessing","Boot","Pear","Girya","The Courier","Fusion Hammer"],"potions_floor_usage":[16,16,22],"damage_taken":[{"damage":0,"enemies":"2 Louse","floor":1,"turns":1},{"damage":0,"enemies":"Small Slimes","floor":5,"turns":1},{"damage":0,"enemies":"Gremlin Nob","floor":7,"turns":1},{"damage":5,"enemies":"Cultist","floor":8,"turns":4},{"damage":1,"enemies":"3 Louse","floor":10,"turns":5},{"damage":6,"enemies":"Blue Slaver","floor":14,"turns":4},{"damage":23,"enemies":"The Guardian","floor":16,"turns":15},{"damage":22,"enemies":"Spheric Guardian","floor":18,"turns":4},{"damage":15,"enemies":"2 Thieves","floor":22,"turns":5},{"damage":26,"enemies":"Centurion and Healer","floor":24,"turns":9}],"seed_played":"7020347623530473838","potions_obtained":[{"floor":7,"key":"PowerPotion"},{"floor":14,"key":"Dexterity Potion"},{"floor":18,"key":"Swift Potion"},{"floor":22,"key":"Fire Potion"}],"is_trial":false,"path_per_floor":["M","?","?","$","M","R","E","M","T","M","?","T","R","M","R","B",null,"M","?","$","?","M","R","M"],"character_chosen":"DEFECT","items_purchased":["Loop"],"campfire_rested":0,"item_purchase_floors":[4],"current_hp_per_floor":[68,68,68,68,68,68,68,63,73,72,65,65,65,59,59,36,73,51,35,35,35,20,20,0],"gold":426,"neow_bonus":"THREE_ENEMY_KILL","is_prod":false,"is_daily":false,"chose_seed":false,"campfire_upgraded":1,"win_rate":0,"timestamp":1566018509,"path_taken":["M","?","?","$","M","R","E","?","T","M","?","?","R","M","R","BOSS","M","?","$","?","?","R","M"],"build_version":"2019-07-17","purchased_purges":2,"victory":false,"max_hp_per_floor":[75,75,75,75,75,75,75,75,85,85,85,85,85,85,85,85,85,85,90,90,90,90,90,90],"card_choices":[{"not_picked":["Stack","Go for the Eyes"],"picked":"Conserve Battery","floor":1},{"not_picked":["Streamline","Melter","Skim"],"picked":"SKIP","floor":5},{"not_picked":["Sweeping Beam","Aggregate"],"picked":"Reinforced Body","floor":7},{"not_picked":["Coolheaded","Redo"],"picked":"Conserve Battery","floor":8},{"not_picked":["Biased Cognition","Skim"],"picked":"Cold Snap","floor":10},{"not_picked":["Cold Snap","Go for the Eyes"],"picked":"Chill","floor":14},{"not_picked":["Rainbow","Hyperbeam"],"picked":"Machine Learning","floor":16},{"not_picked":["Blizzard","Steam","Ball Lightning"],"picked":"SKIP","floor":18},{"not_picked":["Compile Driver","Coolheaded"],"picked":"Capacitor","floor":22}],"player_experience":2839707,"relics_obtained":[{"floor":7,"key":"Boot"},{"floor":9,"key":"Pear"},{"floor":12,"key":"The Courier"}],"event_choices":[{"damage_healed":0,"gold_gain":175,"player_choice":"AGREE","damage_taken":0,"max_hp_gain":0,"max_hp_loss":0,"event_name":"Liars Game","floor":2,"gold_loss":0,"cards_obtained":["Doubt"]},{"damage_healed":0,"gold_gain":0,"player_choice":"Upgraded","damage_taken":0,"max_hp_gain":0,"max_hp_loss":0,"event_name":"Upgrade Shrine","floor":3,"gold_loss":0,"cards_upgraded":["Zap"]},{"damage_healed":0,"gold_gain":0,"player_choice":"Success","damage_taken":7,"relics_obtained":["Girya"],"max_hp_gain":0,"max_hp_loss":0,"event_name":"Scrap Ooze","floor":11,"gold_loss":0},{"damage_healed":0,"gold_gain":0,"player_choice":"Shed Blood","damage_taken":21,"max_hp_gain":5,"max_hp_loss":0,"event_name":"Forgotten Altar","floor":19,"gold_loss":0},{"damage_healed":0,"gold_gain":99,"player_choice":"Stole From Cult","damage_taken":0,"max_hp_gain":0,"max_hp_loss":0,"event_name":"Nest","floor":21,"gold_loss":0}],"is_beta":false,"boss_relics":[{"not_picked":["Orrery","Runic Dome"],"picked":"Fusion Hammer"}],"items_purged_floors":[4,20],"is_endless":false,"potions_floor_spawned":[7,14,18,22],"killed_by":"Centurion and Healer","ascension_level":12}