{"gold_per_floor":[113,113,63,63,63,63,83,119,182,194,281,317,364,394,406,544,556,587,622,127,163,163,163,176,176,176,190,190,210,210,230,230,330,330,349,349,349,571,671,671,691,726,749,749,257,63,63,12,12,12],"floor_reached":51,"playtime":17630,"items_purged":["Buffer","Darkness","Compile Driver"],"score":1009,"play_id":"3714f6bf-805d-403a-a91a-202f312a7445","local_time":"20190805215357","is_ascension_mode":true,"campfire_choices":[{"floor":6,"key":"REST"},{"floor":10,"key":"REST"},{"floor":15,"key":"REST"},{"floor":23,"key":"REST"},{"floor":25,"key":"REST"},{"data":"Echo Form","floor":28,"key":"SMITH"},{"floor":32,"key":"REST"},{"floor":40,"key":"RECALL"},{"floor":44,"key":"REST"},{"floor":49,"key":"REST"}],"neow_cost":"NONE","seed_source_timestamp":232326167952200,"circlet_count":0,"master_deck":["AscendersBane","Zap+1","Cold Snap","Electrodynamics","Undo","All For One","Sunder","Barrage","Loop","Redo+1","Streamline","Conserve Battery+1","Echo Form+1","Undo","Core Surge","Flash of Steel","Conserve Battery+1","Master of Strategy","FTL","Cold Snap"],"relics":["Cracked Core","Bloody Idol","MawBank","Potion Belt","Odd Mushroom","Pandora\u0027s Box","Turnip","Anchor","Red Mask","WingedGreaves","Fusion Hammer","Emotion Chip","Symbiotic Virus","Oddly Smooth Stone","Runic Capacitor","Letter Opener"],"potions_floor_usage":[16,16,33,33,39,42,42],"damage_taken":[{"damage":0,"enemies":"Small Slimes","floor":1,"turns":3},{"damage":4,"enemies":"Jaw Worm","floor":7,"turns":4},{"damage":39,"enemies":"Gremlin Nob","floor":8,"turns":5},{"damage":0,"enemies":"2 Louse","floor":12,"turns":2},{"damage":10,"enemies":"The Mushroom Lair","floor":13,"turns":2},{"damage":0,"enemies":"2 Fungi Beasts","floor":14,"turns":5},{"damage":34,"enemies":"Slime Boss","floor":16,"turns":10},{"damage":15,"enemies":"Spheric Guardian","floor":18,"turns":4},{"damage":7,"enemies":"Chosen","floor":19,"turns":5},{"damage":2,"enemies":"Masked Bandits","floor":21,"turns":2},{"damage":12,"enemies":"Snake Plant","floor":24,"turns":4},{"damage":7,"enemies":"Snecko","floor":27,"turns":5},{"damage":19,"enemies":"Cultist and Chosen","floor":29,"turns":5},{"damage":8,"enemies":"Shelled Parasite and Fungi","floor":31,"turns":5},{"damage":10,"enemies":"Champ","floor":33,"turns":9},{"damage":0,"enemies":"3 Shapes","floor":35,"turns":6},{"damage":0,"enemies":"Mind Bloom Boss Battle","floor":39,"turns":7},{"damage":15,"enemies":"Orb Walker","floor":41,"turns":4},{"damage":39,"enemies":"Giant Head","floor":42,"turns":7},{"damage":25,"enemies":"Donu and Deca","floor":50,"turns":10}],"seed_played":"6858692951304653172","potions_obtained":[{"floor":8,"key":"FairyPotion"},{"floor":13,"key":"Explosive Potion"},{"floor":14,"key":"Poison Potion"},{"floor":21,"key":"SpeedPotion"},{"floor":27,"key":"EssenceOfSteel"},{"floor":31,"key":"LiquidBronze"},{"floor":33,"key":"Block Potion"},{"floor":35,"key":"SkillPotion"},{"floor":42,"key":"SteroidPotion"}],"is_trial":false,"path_per_floor":["M","?","?","$","?","R","M","E","T","R","?","M","?","M","R","B",null,"M","M","$","?","?","R","M","R","T","M","R","M","?","M","R","B",null,"M","?","?","?","?","R","M","E","T","R","$","$","T","$","R","B",null],"character_chosen":"DEFECT","items_purchased":["Turnip","Anchor","Runic Capacitor","Master of Strategy","FTL","Cold Snap"],"campfire_rested":8,"item_purchase_floors":[20,20,45,45,46,48],"current_hp_per_floor":[68,68,68,68,50,72,68,29,29,51,40,40,30,30,52,18,61,46,39,39,37,37,59,52,74,74,72,72,58,51,48,70,65,73,75,75,75,75,75,75,65,31,36,58,58,58,58,58,75,50],"gold":12,"neow_bonus":"UPGRADE_CARD","is_prod":false,"is_daily":false,"chose_seed":false,"campfire_upgraded":1,"win_rate":0,"timestamp":1565060037,"path_taken":["M","?","?","$","?","R","M","E","T","R","?","M","?","M","R","BOSS","M","M","$","?","?","R","M","R","T","M","R","M","?","?","R","BOSS","M","?","?","?","?","R","M","E","T","R","?","$","?","$","R","BOSS"],"build_version":"2019-07-17","purchased_purges":3,"victory":true,"max_hp_per_floor":[75,75,75,75,75,75,75,75,75,75,75,75,75,75,75,75,75,75,75,75,75,75,75,75,75,75,75,75,75,75,75,75,75,75,75,75,75,75,75,75,75,75,75,75,75,75,75,75,75,75],"card_choices":[{"not_picked":["Coolheaded","Redo","Melter"],"picked":"SKIP","floor":1},{"not_picked":["Steam","Barrage"],"picked":"Cold Snap","floor":7},{"not_picked":["Chill","Redo"],"picked":"Electrodynamics","floor":8},{"not_picked":["Redo","Aggregate","Barrage"],"picked":"SKIP","floor":12},{"not_picked":["Double Energy","Coolheaded"],"picked":"Undo","floor":13},{"not_picked":["Compile Driver","Leap","Rip and Tear"],"picked":"SKIP","floor":14},{"not_picked":["Reboot","Meteor Strike"],"picked":"All For One","floor":16},{"not_picked":["Lockon","Steam Power"],"picked":"Redo+1","floor":18},{"not_picked":["Ball Lightning","Leap+1","Stack"],"picked":"SKIP","floor":19},{"not_picked":["Hello World","Compile Driver+1"],"picked":"Streamline","floor":21},{"not_picked":["Steam+1","Hello World"],"picked":"Conserve Battery+1","floor":24},{"not_picked":["Sweeping Beam","Rip and Tear"],"picked":"Echo Form","floor":27},{"not_picked":["Streamline+1","Leap+1","Ball Lightning"],"picked":"SKIP","floor":29},{"not_picked":["Beam Cell","Stack"],"picked":"Undo","floor":31},{"not_picked":["Biased Cognition","Buffer"],"picked":"Core Surge","floor":33},{"not_picked":["Leap+1","Blizzard","Rebound+1"],"picked":"SKIP","floor":35},{"not_picked":["Deep Breath","Impatience"],"picked":"Flash of Steel","floor":37},{"not_picked":["Coolheaded+1","Glacier"],"picked":"Conserve Battery+1","floor":41},{"not_picked":["White Noise+1","Doom and Gloom","Leap+1"],"picked":"SKIP","floor":42}],"player_experience":2682512,"relics_obtained":[{"floor":8,"key":"MawBank"},{"floor":9,"key":"Potion Belt"},{"floor":13,"key":"Odd Mushroom"},{"floor":21,"key":"Red Mask"},{"floor":26,"key":"WingedGreaves"},{"floor":39,"key":"Emotion Chip"},{"floor":42,"key":"Symbiotic Virus"},{"floor":43,"key":"Oddly Smooth Stone"},{"floor":47,"key":"Letter Opener"}],"event_choices":[{"cards_removed":["Dualcast"],"damage_healed":0,"gold_gain":0,"player_choice":"Forget","damage_taken":0,"max_hp_gain":0,"max_hp_loss":0,"event_name":"Living Wall","floor":2,"gold_loss":0},{"cards_removed":["Strike_B"],"damage_healed":0,"gold_gain":0,"player_choice":"Card Removal","damage_taken":0,"max_hp_gain":0,"max_hp_loss":0,"event_name":"The Cleric","floor":3,"gold_loss":50},{"damage_healed":0,"gold_gain":0,"player_choice":"Take Damage","damage_taken":18,"relics_obtained":["Golden Idol"],"max_hp_gain":0,"max_hp_loss":0,"event_name":"Golden Idol","floor":5,"gold_loss":0},{"damage_healed":0,"gold_gain":75,"player_choice":"Gather Gold","damage_taken":11,"max_hp_gain":0,"max_hp_loss":0,"event_name":"World of Goop","floor":11,"gold_loss":0},{"damage_healed":0,"gold_gain":0,"player_choice":"Fought Mushrooms","damage_taken":0,"max_hp_gain":0,"max_hp_loss":0,"event_name":"Mushrooms","floor":13,"gold_loss":0},{"damage_healed":0,"gold_gain":0,"player_choice":"Fought Bandits","damage_taken":0,"max_hp_gain":0,"max_hp_loss":0,"event_name":"Masked Bandits","floor":21,"gold_loss":0},{"damage_healed":0,"gold_gain":0,"player_choice":"Gave Idol","damage_taken":0,"relics_obtained":["Bloody Idol"],"max_hp_gain":0,"max_hp_loss":0,"event_name":"Forgotten Altar","floor":22,"relics_lost":["Golden Idol"],"gold_loss":0},{"damage_healed":0,"gold_gain":0,"player_choice":"","damage_taken":7,"max_hp_gain":0,"max_hp_loss":0,"event_name":"Knowing Skull","floor":30,"potions_obtained":[],"gold_loss":0,"cards_obtained":[]},{"cards_removed":["Chill"],"damage_healed":0,"gold_gain":0,"player_choice":"Removed Skill","damage_taken":0,"max_hp_gain":0,"max_hp_loss":0,"event_name":"Falling","floor":36,"gold_loss":0},{"damage_healed":0,"gold_gain":0,"player_choice":"Memory 1","damage_taken":0,"max_hp_gain":0,"max_hp_loss":0,"event_name":"SensoryStone","floor":37,"gold_loss":0},{"damage_healed":0,"gold_gain":222,"player_choice":"Wore Mask","damage_taken":0,"max_hp_gain":0,"max_hp_loss":0,"event_name":"Tomb of Lord Red Mask","floor":38,"gold_loss":0},{"damage_healed":0,"gold_gain":0,"player_choice":"Fight","damage_taken":0,"max_hp_gain":0,"max_hp_loss":0,"event_name":"MindBloom","floor":39,"gold_loss":0}],"is_beta":false,"boss_relics":[{"not_picked":["Runic Dome","Calling Bell"],"picked":"Pandora\u0027s Box"},{"not_picked":["Lizard Tail","Eternal Feather"],"picked":"Fusion Hammer"}],"items_purged_floors":[20,45,46],"is_endless":false,"potions_floor_spawned":[8,13,14,21,27,31,33,35,42],"ascension_level":11}