{"gold_per_floor":[362,43,43,54,54,54,74,87,135,151,151,167,167,181,181,280,280,294,312,65,65,65,65,65,65,65,65,13,28,28,47,47,47],"floor_reached":33,"playtime":1109,"items_purged":["Strike_R","Strike_R"],"score":344,"play_id":"4a60da53-f074-458d-ae69-231ed48a19a1","local_time":"20190706212136","is_ascension_mode":true,"campfire_choices":[{"floor":6,"key":"REST"},{"data":"Armaments","floor":11,"key":"SMITH"},{"data":"Whirlwind","floor":13,"key":"SMITH"},{"data":"The Bomb","floor":15,"key":"SMITH"},{"floor":23,"key":"RECALL"},{"floor":27,"key":"REST"},{"floor":30,"key":"REST"},{"floor":32,"key":"REST"}],"neow_cost":"PERCENT_DAMAGE","seed_source_timestamp":929943276174490,"circlet_count":0,"master_deck":["Strike_R","Strike_R","Defend_R","Defend_R","Defend_R","Defend_R","Bash","The Bomb+1","Whirlwind+1","Armaments+1","Demon Form","Body Slam","Juggernaut","Barricade","Shrug It Off"],"relics":["Burning Blood","Omamori","Fusion Hammer","Mercury Hourglass"],"potions_floor_usage":[16,16,16,33],"damage_taken":[{"damage":17,"enemies":"Small Slimes","floor":1,"turns":6},{"damage":9,"enemies":"Jaw Worm","floor":4,"turns":6},{"damage":1,"enemies":"Cultist","floor":7,"turns":4},{"damage":0,"enemies":"3 Louse","floor":8,"turns":1},{"damage":13,"enemies":"Exordium Wildlife","floor":10,"turns":3},{"damage":0,"enemies":"Large Slime","floor":12,"turns":3},{"damage":1,"enemies":"Looter","floor":14,"turns":5},{"damage":55,"enemies":"Hexaghost","floor":16,"turns":9},{"damage":13,"enemies":"Spheric Guardian","floor":18,"turns":5},{"damage":0,"enemies":"3 Byrds","floor":19,"turns":4},{"damage":24,"enemies":"Sentry and Sphere","floor":29,"turns":5},{"damage":23,"enemies":"3 Cultists","floor":31,"turns":4},{"damage":88,"enemies":"Collector","floor":33,"turns":6}],"seed_played":"1132739912760835996","potions_obtained":[{"floor":7,"key":"PowerPotion"},{"floor":12,"key":"Swift Potion"},{"floor":14,"key":"FearPotion"},{"floor":29,"key":"Ancient Potion"}],"is_trial":false,"path_per_floor":["M","$","?","M","?","R","M","M","T","M","R","M","R","M","R","B",null,"M","M","$","?","?","R","?","$","T","R","$","M","R","M","R","B"],"character_chosen":"IRONCLAD","items_purchased":["The Bomb","Whirlwind","Juggernaut","Shrug It Off"],"campfire_rested":4,"item_purchase_floors":[2,2,20,28],"current_hp_per_floor":[40,40,45,42,42,67,72,78,78,71,71,77,77,82,82,33,72,65,71,71,71,71,71,71,71,71,85,85,67,85,68,85,0],"gold":47,"neow_bonus":"TWO_FIFTY_GOLD","is_prod":false,"is_daily":false,"chose_seed":false,"campfire_upgraded":3,"win_rate":0,"timestamp":1562466096,"path_taken":["M","$","?","M","?","R","?","M","T","M","R","M","R","M","R","BOSS","M","M","$","?","?","R","?","$","T","R","$","M","R","M","R","BOSS"],"build_version":"2019-07-05","purchased_purges":2,"victory":false,"max_hp_per_floor":[80,80,85,85,85,85,85,85,85,85,85,85,85,85,85,85,85,85,85,85,85,85,85,85,85,85,85,85,85,85,85,85,85],"card_choices":[{"not_picked":["Clothesline","Reckless Charge","Wild Strike"],"picked":"SKIP","floor":1},{"not_picked":["Wild Strike","Havoc","Perfected Strike"],"picked":"SKIP","floor":4},{"not_picked":["Cleave","Inflame"],"picked":"Armaments","floor":7},{"not_picked":["Corruption","Anger","Heavy Blade"],"picked":"SKIP","floor":8},{"not_picked":["Wild Strike","Feel No Pain","Shockwave"],"picked":"SKIP","floor":10},{"not_picked":["Spot Weakness","Heavy Blade","Hemokinesis"],"picked":"SKIP","floor":12},{"not_picked":["Perfected Strike","Iron Wave","Feel No Pain"],"picked":"SKIP","floor":14},{"not_picked":["Impervious","Bludgeon"],"picked":"Demon Form","floor":16},{"not_picked":["Flex","Warcry"],"picked":"Body Slam","floor":18},{"not_picked":["Warcry","Clothesline+1","Havoc+1"],"picked":"SKIP","floor":19},{"not_picked":["Body Slam","Uppercut","Armaments"],"picked":"SKIP","floor":29},{"not_picked":["Combust","Wild Strike","Reckless Charge"],"picked":"SKIP","floor":31}],"player_experience":2119788,"relics_obtained":[{"floor":9,"key":"Omamori"},{"floor":26,"key":"Mercury Hourglass"}],"event_choices":[{"damage_healed":0,"gold_gain":0,"player_choice":"Donut","damage_taken":0,"max_hp_gain":5,"max_hp_loss":0,"event_name":"Big Fish","floor":3,"gold_loss":0},{"cards_removed":["Strike_R"],"damage_healed":0,"gold_gain":0,"player_choice":"Card Removal","damage_taken":0,"max_hp_gain":0,"max_hp_loss":0,"event_name":"Wheel of Change","floor":5,"gold_loss":0},{"damage_healed":0,"gold_gain":0,"player_choice":"Read","damage_taken":0,"max_hp_gain":0,"max_hp_loss":0,"event_name":"The Library","floor":22,"gold_loss":0,"cards_obtained":["Barricade"]},{"damage_healed":0,"gold_gain":0,"player_choice":"Ignored","damage_taken":0,"max_hp_gain":0,"max_hp_loss":0,"event_name":"Vampires","floor":24,"gold_loss":0}],"is_beta":false,"boss_relics":[{"not_picked":["Mark of Pain","Eternal Feather"],"picked":"Fusion Hammer"}],"items_purged_floors":[2,20],"is_endless":false,"potions_floor_spawned":[7,12,14,29],"killed_by":"Collector","ascension_level":9}