{"gold_per_floor":[111,125,125,125,143,68,68,68,68,106,106,106],"floor_reached":12,"playtime":286,"items_purged":["Strike_R"],"score":84,"play_id":"509fb242-46e6-4357-8fa2-a7fcb5f4fde5","local_time":"20181116224059","is_ascension_mode":true,"campfire_choices":[{"data":"Reaper","floor":7,"key":"SMITH"}],"neow_cost":"NONE","seed_source_timestamp":193669639661356,"circlet_count":0,"master_deck":["Strike_R","Strike_R+1","Strike_R","Strike_R","Defend_R","Defend_R","Defend_R","Defend_R","Reaper+1","Inflame+1"],"relics":["Burning Blood","Golden Idol","Art of War","Anchor"],"potions_floor_usage":[10],"damage_taken":[{"damage":1,"enemies":"Cultist","floor":1,"turns":5},{"damage":0,"enemies":"2 Louse","floor":2,"turns":5},{"damage":0,"enemies":"Small Slimes","floor":5,"turns":3},{"damage":54,"enemies":"Gremlin Nob","floor":10,"turns":6},{"damage":26,"enemies":"3 Sentries","floor":12,"turns":4}],"seed_played":"-7734665316719401697","potions_obtained":[{"floor":2,"key":"GamblersBrew"}],"is_trial":false,"path_per_floor":["M","M","?","$","M","$","R","?","T","E","?","E"],"character_chosen":"IRONCLAD","items_purchased":[],"campfire_rested":0,"item_purchase_floors":[],"current_hp_per_floor":[80,80,80,80,80,80,80,60,60,17,1,0],"gold":106,"neow_bonus":"REMOVE_CARD","is_prod":false,"is_daily":false,"chose_seed":false,"campfire_upgraded":1,"win_rate":0,"timestamp":1542429659,"path_taken":["M","?","?","$","M","$","R","?","T","E","?","E"],"build_version":"2018-11-15","purchased_purges":1,"victory":false,"max_hp_per_floor":[80,80,80,80,80,80,80,80,80,80,80,80],"card_choices":[{"not_picked":["Body Slam","Warcry","Cleave"],"picked":"SKIP","floor":1},{"not_picked":["Thunderclap","Pommel Strike","Clothesline"],"picked":"SKIP","floor":2},{"not_picked":["Clothesline","Pommel Strike"],"picked":"Reaper","floor":5},{"not_picked":["Havoc","Dropkick"],"picked":"Inflame","floor":10}],"player_experience":259688,"relics_obtained":[{"floor":9,"key":"Art of War"},{"floor":10,"key":"Anchor"}],"event_choices":[{"damage_healed":0,"gold_gain":0,"player_choice":"Fled","damage_taken":0,"max_hp_gain":0,"max_hp_loss":0,"event_name":"Scrap Ooze","floor":3,"gold_loss":0},{"damage_healed":0,"gold_gain":0,"player_choice":"Take Damage","damage_taken":20,"relics_obtained":["Golden Idol"],"max_hp_gain":0,"max_hp_loss":0,"event_name":"Golden Idol","floor":8,"gold_loss":0},{"damage_healed":0,"gold_gain":0,"player_choice":"Entered Light","damage_taken":16,"max_hp_gain":0,"max_hp_loss":0,"event_name":"Shining Light","floor":11,"gold_loss":0,"cards_upgraded":["Inflame","Strike_R"]}],"is_beta":false,"boss_relics":[],"items_purged_floors":[6],"is_endless":false,"potions_floor_spawned":[2],"killed_by":"3 Sentries","ascension_level":2}