{"gold_per_floor":[118,129,54,70,70,98,98,98,128,128,28,28,63,80,80,180,180,197,208,208,208,7,7,26,46,124,124,124,124,136,150,150,255,255,268,268,118,129,143,173,191,191,262,262],"floor_reached":44,"playtime":2822,"items_purged":["Dualcast","Strike_B","Strike_B","Strike_B+1"],"score":630,"play_id":"6a8369ea-3552-4d0e-b531-cbc3ff8e3a52","local_time":"20190303171102","is_ascension_mode":true,"campfire_choices":[{"floor":8,"key":"REST"},{"floor":15,"key":"REST"},{"floor":23,"key":"REST"},{"floor":29,"key":"REST"},{"data":"Zap","floor":32,"key":"SMITH"}],"neow_cost":"TEN_PERCENT_HP_LOSS","seed_source_timestamp":9243045621640,"circlet_count":0,"master_deck":["Strike_B+1","Defend_B","Defend_B","Defend_B","Defend_B","Zap+1","Cold Snap","Defragment","Glacier","Capacitor","Electrodynamics","Cold Snap","Chill","Necronomicurse","Glacier","Defragment","Thunder Strike","Chill+1"],"relics":["Cracked Core","Nunchaku","Pear","Symbiotic Virus","Tiny Chest","Pantograph","Blood Vial","Runic Pyramid","Necronomicon","Kunai","Fusion Hammer","Torii"],"potions_floor_usage":[30,33,33,40,44,44],"damage_taken":[{"damage":5,"enemies":"Cultist","floor":1,"turns":4},{"damage":5,"enemies":"2 Louse","floor":2,"turns":3},{"damage":6,"enemies":"Jaw Worm","floor":4,"turns":5},{"damage":24,"enemies":"Lagavulin","floor":6,"turns":8},{"damage":13,"enemies":"Gremlin Nob","floor":13,"turns":3},{"damage":4,"enemies":"Blue Slaver","floor":14,"turns":4},{"damage":33,"enemies":"Hexaghost","floor":16,"turns":12},{"damage":0,"enemies":"Chosen","floor":18,"turns":6},{"damage":13,"enemies":"Spheric Guardian","floor":19,"turns":4},{"damage":7,"enemies":"Shelled Parasite and Fungi","floor":24,"turns":15},{"damage":10,"enemies":"Snake Plant","floor":25,"turns":6},{"damage":6,"enemies":"Sentry and Sphere","floor":30,"turns":4},{"damage":10,"enemies":"Cultist and Chosen","floor":31,"turns":7},{"damage":76,"enemies":"Champ","floor":33,"turns":15},{"damage":24,"enemies":"3 Darklings","floor":35,"turns":4},{"damage":0,"enemies":"3 Shapes","floor":38,"turns":4},{"damage":3,"enemies":"Spire Growth","floor":39,"turns":5},{"damage":21,"enemies":"Nemesis","floor":40,"turns":7},{"damage":13,"enemies":"Maw","floor":41,"turns":8},{"damage":117,"enemies":"Giant Head","floor":44,"turns":15}],"seed_played":"-3062649016506312495","potions_obtained":[{"floor":2,"key":"LiquidBronze"},{"floor":13,"key":"SneckoOil"},{"floor":16,"key":"Fire Potion"},{"floor":18,"key":"GamblersBrew"},{"floor":30,"key":"Fruit Juice"},{"floor":31,"key":"AttackPotion"},{"floor":39,"key":"Dexterity Potion"},{"floor":40,"key":"SkillPotion"},{"floor":41,"key":"EssenceOfSteel"}],"is_trial":false,"path_per_floor":["M","M","$","M","?","E","$","R","T","T","$","?","E","M","R","B",null,"M","M","?","?","$","R","M","M","T","$","?","R","M","M","R","B",null,"M","?","$","M","M","E","M","?","T","E"],"character_chosen":"DEFECT","items_purchased":["Glacier"],"campfire_rested":4,"item_purchase_floors":[22],"current_hp_per_floor":[63,58,58,52,62,38,38,61,61,61,61,45,32,30,53,45,70,72,61,61,45,45,68,63,55,55,55,55,78,77,69,69,7,64,42,42,42,44,43,24,13,73,73,0],"gold":262,"neow_bonus":"ONE_RARE_RELIC","is_prod":false,"is_daily":false,"chose_seed":false,"campfire_upgraded":1,"win_rate":0,"timestamp":1551654662,"path_taken":["M","?","$","?","?","E","?","R","T","?","?","?","E","?","R","BOSS","M","M","?","?","$","R","M","?","T","?","?","R","M","M","R","BOSS","M","?","$","M","M","E","M","?","T","E"],"build_version":"2019-01-23","purchased_purges":4,"victory":false,"max_hp_per_floor":[68,68,68,68,78,78,78,78,78,78,78,78,78,78,78,78,78,78,78,78,78,78,78,78,78,78,78,78,78,83,83,83,83,83,83,83,83,83,83,83,83,73,73,73],"card_choices":[{"not_picked":["Hologram","Turbo","Leap"],"picked":"SKIP","floor":1},{"not_picked":["Rip and Tear","Compile Driver"],"picked":"Cold Snap","floor":2},{"not_picked":["Turbo","Capacitor"],"picked":"Defragment","floor":4},{"not_picked":["Conserve Battery","Chill"],"picked":"Glacier","floor":6},{"not_picked":["Storm","Hyperbeam"],"picked":"Capacitor","floor":13},{"not_picked":["Sweeping Beam","Gash","Beam Cell"],"picked":"SKIP","floor":14},{"not_picked":["Fission","Rainbow"],"picked":"Electrodynamics","floor":16},{"not_picked":["Gash","Go for the Eyes"],"picked":"Cold Snap","floor":18},{"not_picked":["Compile Driver+1","Turbo+1","Hello World+1"],"picked":"SKIP","floor":19},{"not_picked":["Darkness","Rebound"],"picked":"Defragment","floor":24},{"not_picked":["Leap","Melter+1","Doom and Gloom+1"],"picked":"SKIP","floor":25},{"not_picked":["Gash","Compile Driver","Rip and Tear"],"picked":"SKIP","floor":30},{"not_picked":["Storm","Hello World+1","Leap"],"picked":"SKIP","floor":31},{"not_picked":["Meteor Strike","Reboot"],"picked":"Thunder Strike","floor":33},{"not_picked":["Rebound+1","Stack"],"picked":"Chill+1","floor":35},{"not_picked":["Stack","Double Energy+1","Redo+1"],"picked":"SKIP","floor":38},{"not_picked":["Sweeping Beam","Melter+1","Redo+1"],"picked":"SKIP","floor":39},{"not_picked":["Rebound","Turbo+1","Sweeping Beam+1"],"picked":"SKIP","floor":40},{"not_picked":["Rip and Tear+1","Hologram","Rebound"],"picked":"SKIP","floor":41}],"player_experience":1583012,"relics_obtained":[{"floor":6,"key":"Symbiotic Virus"},{"floor":9,"key":"Tiny Chest"},{"floor":10,"key":"Pantograph"},{"floor":13,"key":"Blood Vial"},{"floor":21,"key":"Necronomicon"},{"floor":26,"key":"Kunai"},{"floor":40,"key":"Torii"}],"event_choices":[{"damage_healed":0,"gold_gain":0,"player_choice":"Gave Potion","damage_taken":0,"relics_obtained":["Pear"],"max_hp_gain":0,"max_hp_loss":0,"event_name":"WeMeetAgain","floor":5,"gold_loss":0},{"damage_healed":0,"gold_gain":0,"player_choice":"Entered Light","damage_taken":16,"max_hp_gain":0,"max_hp_loss":0,"event_name":"Shining Light","floor":12,"gold_loss":0,"cards_upgraded":["Strike_B","Strike_B"]},{"damage_healed":0,"gold_gain":0,"player_choice":"Read","damage_taken":0,"max_hp_gain":0,"max_hp_loss":0,"event_name":"The Library","floor":20,"gold_loss":0,"cards_obtained":["Chill"]},{"damage_healed":0,"gold_gain":0,"player_choice":"Obtained Book","damage_taken":16,"max_hp_gain":0,"max_hp_loss":0,"event_name":"Cursed Tome","floor":21,"gold_loss":0},{"damage_healed":0,"gold_gain":0,"player_choice":"Ignored","damage_taken":0,"max_hp_gain":0,"max_hp_loss":0,"event_name":"Vampires","floor":28,"gold_loss":0},{"damage_healed":0,"gold_gain":0,"player_choice":"Ignored","damage_taken":0,"max_hp_gain":0,"max_hp_loss":0,"event_name":"Tomb of Lord Red Mask","floor":36,"gold_loss":0},{"damage_healed":73,"gold_gain":0,"player_choice":"Heal","damage_taken":0,"max_hp_gain":0,"max_hp_loss":10,"event_name":"The Moai Head","floor":42,"gold_loss":0}],"is_beta":false,"boss_relics":[{"not_picked":["Tiny House","Astrolabe"],"picked":"Runic Pyramid"},{"not_picked":["Nuclear Battery","Snecko Eye"],"picked":"Fusion Hammer"}],"items_purged_floors":[3,11,22,37],"is_endless":false,"potions_floor_spawned":[2,13,16,18,30,31,39,40,41],"killed_by":"Giant Head","ascension_level":7}