{"gold_per_floor":[119,119,45,9,9,39,39,49,49,69,88,116,41,53,53,152,152,168,93,106,106,125,125,142,42,65,65,82,101,101,101,101,101],"floor_reached":33,"playtime":1401,"items_purged":["Strike_R","Defend_R"],"score":296,"play_id":"45ddc689-7db9-4275-8dd9-07da2c1352f8","local_time":"20190818192201","is_ascension_mode":true,"campfire_choices":[{"data":"Searing Blow","floor":7,"key":"SMITH"},{"data":"Searing Blow+1","floor":15,"key":"SMITH"},{"data":"Searing Blow+2","floor":23,"key":"SMITH"},{"floor":30,"key":"REST"},{"floor":32,"key":"REST"}],"neow_cost":"NONE","seed_source_timestamp":285980347636451,"circlet_count":0,"master_deck":["Strike_R","Strike_R","Strike_R","Defend_R","Defend_R","Bash","Cleave","Metallicize","Intimidate","Searing Blow+3","Thunderclap","Inflame","Armaments","Juggernaut","Armaments","Inflame","RitualDagger"],"relics":["Burning Blood","NeowsBlessing","FaceOfCleric","Art of War","Unceasing Top","Dream Catcher","Busted Crown","Juzu Bracelet"],"potions_floor_usage":[12,16,16,16,24,29,33,33],"damage_taken":[{"damage":0,"enemies":"Jaw Worm","floor":1,"turns":1},{"damage":0,"enemies":"Gremlin Nob","floor":6,"turns":1},{"damage":0,"enemies":"Cultist","floor":8,"turns":1},{"damage":0,"enemies":"Small Slimes","floor":10,"turns":3},{"damage":10,"enemies":"Red Slaver","floor":11,"turns":5},{"damage":15,"enemies":"3 Sentries","floor":12,"turns":5},{"damage":6,"enemies":"Blue Slaver","floor":14,"turns":4},{"damage":52,"enemies":"The Guardian","floor":16,"turns":12},{"damage":5,"enemies":"Chosen","floor":18,"turns":5},{"damage":14,"enemies":"Shell Parasite","floor":20,"turns":4},{"damage":35,"enemies":"Sentry and Sphere","floor":22,"turns":6},{"damage":14,"enemies":"Snecko","floor":24,"turns":6},{"damage":33,"enemies":"3 Cultists","floor":28,"turns":5},{"damage":11,"enemies":"Cultist and Chosen","floor":29,"turns":5},{"damage":93,"enemies":"Collector","floor":33,"turns":8}],"seed_played":"-8113136830479103926","potions_obtained":[{"floor":5,"key":"EntropicBrew"},{"floor":5,"key":"Fire Potion"},{"floor":5,"key":"SneckoOil"},{"floor":12,"key":"GamblersBrew"},{"floor":20,"key":"PowerPotion"},{"floor":22,"key":"Strength Potion"},{"floor":28,"key":"PowerPotion"},{"floor":29,"key":"Weak Potion"}],"is_trial":false,"path_per_floor":["M","?","$","$","?","E","R","M","T","M","M","E","$","M","R","B",null,"M","?","M","?","M","R","M","$","T","?","M","M","R","?","R","B"],"character_chosen":"IRONCLAD","items_purchased":["Metallicize","Intimidate"],"campfire_rested":2,"item_purchase_floors":[3,4],"current_hp_per_floor":[80,80,80,80,80,81,81,82,82,83,80,72,72,73,73,28,87,88,88,81,81,53,53,46,46,46,40,14,10,37,37,64,0],"gold":101,"neow_bonus":"THREE_ENEMY_KILL","is_prod":false,"is_daily":false,"chose_seed":false,"campfire_upgraded":3,"win_rate":0,"timestamp":1566170521,"path_taken":["M","?","?","$","?","E","R","M","T","?","M","E","$","M","R","BOSS","M","?","M","?","?","R","M","$","T","?","M","M","R","?","R","BOSS"],"build_version":"2019-07-17","purchased_purges":2,"victory":false,"max_hp_per_floor":[80,80,80,80,80,81,81,82,82,83,84,85,85,86,86,87,87,88,88,89,89,90,90,91,91,91,91,92,93,93,93,93,93],"card_choices":[{"not_picked":["Flex","True Grit"],"picked":"Cleave","floor":1},{"not_picked":["Evolve","Rage"],"picked":"Searing Blow","floor":6},{"not_picked":["Uppercut","Pommel Strike"],"picked":"Thunderclap","floor":8},{"not_picked":["Cleave","Berserk"],"picked":"Inflame","floor":10},{"not_picked":["Whirlwind","Feel No Pain"],"picked":"Armaments","floor":11},{"not_picked":["Shrug It Off","Body Slam","Combust"],"picked":"SKIP","floor":12},{"not_picked":["Shrug It Off","Combust","Anger"],"picked":"SKIP","floor":14},{"not_picked":["Berserk","Impervious"],"picked":"Juggernaut","floor":16},{"not_picked":["Second Wind+1"],"picked":"SKIP","floor":18},{"not_picked":["Hemokinesis"],"picked":"SKIP","floor":20},{"not_picked":["Clash"],"picked":"SKIP","floor":22},{"not_picked":[],"picked":"Inflame","floor":24},{"not_picked":["Body Slam+1"],"picked":"SKIP","floor":28},{"not_picked":["Heavy Blade"],"picked":"SKIP","floor":29}],"player_experience":125076,"relics_obtained":[{"floor":6,"key":"Art of War"},{"floor":9,"key":"Unceasing Top"},{"floor":12,"key":"Dream Catcher"},{"floor":26,"key":"Juzu Bracelet"}],"event_choices":[{"damage_healed":0,"gold_gain":0,"player_choice":"Trade","damage_taken":0,"relics_obtained":["FaceOfCleric"],"max_hp_gain":0,"max_hp_loss":0,"event_name":"FaceTrader","floor":2,"gold_loss":0},{"damage_healed":0,"gold_gain":0,"player_choice":"Got Potions","damage_taken":0,"max_hp_gain":0,"max_hp_loss":0,"event_name":"Lab","floor":5,"gold_loss":0},{"cards_removed":["Defend_R"],"damage_healed":0,"gold_gain":0,"player_choice":"Gave Gold","damage_taken":0,"max_hp_gain":0,"max_hp_loss":0,"event_name":"Beggar","floor":19,"gold_loss":75},{"damage_healed":0,"gold_gain":0,"cards_transformed":["Strike_R"],"player_choice":"Transformed","damage_taken":0,"max_hp_gain":0,"max_hp_loss":0,"event_name":"Transmorgrifier","floor":21,"gold_loss":0,"cards_obtained":["Armaments"]},{"damage_healed":0,"gold_gain":0,"player_choice":"Joined the Cult","damage_taken":6,"max_hp_gain":0,"max_hp_loss":0,"event_name":"Nest","floor":27,"gold_loss":0,"cards_obtained":["RitualDagger"]},{"damage_healed":0,"gold_gain":0,"player_choice":"Ignored","damage_taken":0,"max_hp_gain":0,"max_hp_loss":0,"event_name":"Cursed Tome","floor":31,"gold_loss":0}],"is_beta":false,"boss_relics":[{"not_picked":["Tiny House","Runic Pyramid"],"picked":"Busted Crown"}],"items_purged_floors":[13,25],"is_endless":false,"potions_floor_spawned":[6,11,12,20,22,28,29],"killed_by":"Collector","ascension_level":1}