{"gold_per_floor":[111,38,50,67,79,79,4,4,4,4,4,22,42,55,55,55],"floor_reached":16,"playtime":508,"items_purged":["Bash"],"score":146,"play_id":"dec55a9d-fb63-43d5-8483-50921f72174d","local_time":"20190803093027","is_ascension_mode":true,"campfire_choices":[{"data":"Body Slam","floor":6,"key":"SMITH"},{"data":"Body Slam","floor":8,"key":"SMITH"},{"floor":15,"key":"REST"}],"neow_cost":"NONE","seed_source_timestamp":32308036322500,"circlet_count":0,"master_deck":["AscendersBane","Strike_R","Strike_R","Strike_R","Strike_R","Strike_R","Defend_R","Defend_R","Defend_R","Defend_R","Body Slam+1","Body Slam+1","Flame Barrier"],"relics":["Lizard Tail","StoneCalendar","Turnip"],"potions_floor_usage":[16,16],"damage_taken":[{"damage":10,"enemies":"Jaw Worm","floor":1,"turns":8},{"damage":10,"enemies":"Cultist","floor":3,"turns":4},{"damage":11,"enemies":"Small Slimes","floor":4,"turns":5},{"damage":16,"enemies":"Blue Slaver","floor":5,"turns":7},{"damage":30,"enemies":"Exordium Wildlife","floor":12,"turns":7},{"damage":13,"enemies":"Red Slaver","floor":13,"turns":4},{"damage":11,"enemies":"Blue Slaver","floor":14,"turns":5},{"damage":47,"enemies":"The Guardian","floor":16,"turns":13}],"seed_played":"8711778638791767009","potions_obtained":[{"floor":3,"key":"Poison Potion"},{"floor":12,"key":"Block Potion"}],"is_trial":false,"path_per_floor":["M","?","M","M","M","R","$","R","T","?","T","M","M","M","R","B"],"character_chosen":"IRONCLAD","items_purchased":[],"campfire_rested":1,"item_purchase_floors":[],"current_hp_per_floor":[62,62,52,41,25,25,25,25,25,30,30,42,29,18,43,0],"gold":55,"neow_bonus":"BOSS_RELIC","is_prod":false,"is_daily":false,"chose_seed":false,"campfire_upgraded":2,"win_rate":0,"timestamp":1564842627,"path_taken":["M","?","M","M","M","R","?","R","T","?","?","M","?","M","R","BOSS"],"build_version":"2019-07-17","purchased_purges":1,"victory":false,"max_hp_per_floor":[80,80,80,80,80,80,80,80,80,85,85,85,85,85,85,85],"card_choices":[{"not_picked":["Twin Strike","Reckless Charge"],"picked":"Body Slam","floor":1},{"not_picked":["Iron Wave","Seeing Red","Cleave"],"picked":"SKIP","floor":3},{"not_picked":["Thunderclap","Feel No Pain","Headbutt"],"picked":"SKIP","floor":4},{"not_picked":["Clash","Shrug It Off"],"picked":"Body Slam","floor":5},{"not_picked":["Sword Boomerang","Intimidate","Warcry"],"picked":"SKIP","floor":12},{"not_picked":["Heavy Blade","Ghostly Armor"],"picked":"Flame Barrier","floor":13},{"not_picked":["Cleave","Havoc","Anger"],"picked":"SKIP","floor":14}],"player_experience":2635854,"relics_obtained":[{"floor":9,"key":"Turnip"}],"event_choices":[{"damage_healed":0,"gold_gain":0,"player_choice":"Paid Gold","damage_taken":0,"relics_obtained":["StoneCalendar"],"max_hp_gain":0,"max_hp_loss":0,"event_name":"WeMeetAgain","floor":2,"gold_loss":73},{"damage_healed":0,"gold_gain":0,"player_choice":"Donut","damage_taken":0,"max_hp_gain":5,"max_hp_loss":0,"event_name":"Big Fish","floor":10,"gold_loss":0}],"is_beta":false,"boss_relics":[],"items_purged_floors":[7],"is_endless":false,"potions_floor_spawned":[3,12,14],"killed_by":"The Guardian","ascension_level":11}