{"gold_per_floor":[115,40,40,50,66,98,98,98,98,98,113,133,150,105],"floor_reached":14,"playtime":4054,"items_purged":["Dualcast"],"score":138,"play_id":"7b75ebf0-5728-4633-9ae5-db65ac187e97","local_time":"20190723221613","is_ascension_mode":true,"campfire_choices":[{"floor":7,"key":"REST"},{"floor":10,"key":"RECALL"}],"neow_cost":"NONE","seed_source_timestamp":1025686571444550,"circlet_count":0,"master_deck":["AscendersBane","Strike_B","Strike_B","Defend_B","Defend_B","Defend_B","Defend_B","Zap","Electrodynamics","Cold Snap","FTL"],"relics":["Cracked Core","Bottled Flame"],"potions_floor_usage":[14],"damage_taken":[{"damage":0,"enemies":"Cultist","floor":1,"turns":4},{"damage":13,"enemies":"Small Slimes","floor":4,"turns":3},{"damage":0,"enemies":"Jaw Worm","floor":5,"turns":3},{"damage":48,"enemies":"Lagavulin","floor":6,"turns":8},{"damage":4,"enemies":"Looter","floor":11,"turns":4},{"damage":4,"enemies":"Exordium Wildlife","floor":12,"turns":4},{"damage":10,"enemies":"3 Louse","floor":13,"turns":2},{"damage":14,"enemies":"Exordium Thugs","floor":14,"turns":3}],"seed_played":"-4088333858689787521","potions_obtained":[{"floor":1,"key":"Weak Potion"},{"floor":5,"key":"Weak Potion"},{"floor":6,"key":"EssenceOfSteel"},{"floor":12,"key":"Block Potion"}],"is_trial":false,"path_per_floor":["M","$","?","M","M","E","R","?","T","R","M","M","M","M"],"character_chosen":"DEFECT","items_purchased":[],"campfire_rested":1,"item_purchase_floors":[],"current_hp_per_floor":[68,68,68,55,55,7,29,22,22,22,18,14,4,0],"gold":105,"neow_bonus":"ONE_RANDOM_RARE_CARD","is_prod":false,"is_daily":false,"chose_seed":false,"campfire_upgraded":0,"win_rate":0,"timestamp":1563938173,"path_taken":["M","?","?","?","M","E","R","?","T","R","M","M","M","M"],"build_version":"2019-07-17","purchased_purges":1,"victory":false,"max_hp_per_floor":[75,75,75,75,75,75,75,75,75,75,75,75,75,75],"card_choices":[{"not_picked":["Aggregate","Lockon","Coolheaded"],"picked":"SKIP","floor":1},{"not_picked":["Beam Cell","Compile Driver","Redo"],"picked":"SKIP","floor":4},{"not_picked":["Go for the Eyes","Leap"],"picked":"Cold Snap","floor":5},{"not_picked":["Meteor Strike","Steam","Go for the Eyes"],"picked":"SKIP","floor":6},{"not_picked":["Aggregate","Ball Lightning","Hologram"],"picked":"SKIP","floor":11},{"not_picked":["Leap","Fusion"],"picked":"FTL","floor":12},{"not_picked":["Undo","Hologram","Rebound"],"picked":"SKIP","floor":13}],"player_experience":2440081,"relics_obtained":[{"floor":6,"key":"Bottled Flame"}],"event_choices":[{"cards_removed":["Strike_B"],"damage_healed":0,"gold_gain":0,"player_choice":"Offered Basic","damage_taken":0,"max_hp_gain":0,"max_hp_loss":0,"event_name":"Bonfire Elementals","floor":3,"gold_loss":0},{"cards_removed":["Strike_B"],"damage_healed":0,"gold_gain":0,"player_choice":"Card Removal","damage_taken":7,"max_hp_gain":0,"max_hp_loss":0,"event_name":"Golden Wing","floor":8,"gold_loss":0}],"is_beta":false,"boss_relics":[],"items_purged_floors":[2],"is_endless":false,"potions_floor_spawned":[1,5,6,12],"killed_by":"Exordium Thugs","ascension_level":10}