{"gold_per_floor":[114,131,206,206,224,224,224,149,149,149,149,168,195,95,95,199,199,211,211,211,228,242,242,273,273,273,303,316,191,191,209,209,307,307,324,324,334,334,349,349,378,378,423,434,492,714,377,403,403,403],"floor_reached":51,"playtime":8891,"items_purged":["Strike_R","Strike_R","Strike_R","Defend_R"],"score":791,"play_id":"61ceb320-b862-4c49-a6bb-889ef574877c","local_time":"20181118140202","is_ascension_mode":true,"campfire_choices":[{"data":"Uppercut","floor":6,"key":"SMITH"},{"data":"Defend_R","floor":10,"key":"SMITH"},{"floor":15,"key":"REST"},{"data":"Shrug It Off","floor":23,"key":"SMITH"},{"floor":25,"key":"REST"},{"data":"Flame Barrier","floor":30,"key":"SMITH"},{"data":"Shrug It Off","floor":32,"key":"SMITH"},{"data":"Shrug It Off","floor":40,"key":"SMITH"},{"floor":42,"key":"REST"},{"data":"Apotheosis","floor":49,"key":"SMITH"}],"neow_cost":"NONE","seed_source_timestamp":326687845582340,"circlet_count":0,"master_deck":["Defend_R","Defend_R","Defend_R+1","Uppercut+1","Uppercut","Immolate","Whirlwind","Shrug It Off+1","Impervious","Flame Barrier+1","Shrug It Off+1","Demon Form+1","Shrug It Off+1","Shrug It Off","Apotheosis+1"],"relics":["Burning Blood","Art of War","Self Forming Clay","Darkstone Periapt","Meat on the Bone","Snecko Eye","Red Mask","Pocketwatch","Ancient Tea Set","Empty Cage","Thread and Needle","Dream Catcher","Tiny Chest","PreservedInsect"],"potions_floor_usage":[16,16,33,33,50],"damage_taken":[{"damage":1,"enemies":"Cultist","floor":1,"turns":4},{"damage":2,"enemies":"2 Louse","floor":2,"turns":4},{"damage":4,"enemies":"Small Slimes","floor":5,"turns":4},{"damage":28,"enemies":"Gremlin Gang","floor":12,"turns":10},{"damage":25,"enemies":"3 Sentries","floor":13,"turns":14},{"damage":59,"enemies":"Slime Boss","floor":16,"turns":13},{"damage":0,"enemies":"2 Thieves","floor":18,"turns":2},{"damage":6,"enemies":"Chosen","floor":21,"turns":4},{"damage":4,"enemies":"Centurion and Healer","floor":22,"turns":5},{"damage":27,"enemies":"Masked Bandits","floor":24,"turns":4},{"damage":0,"enemies":"Gremlin Leader","floor":27,"turns":5},{"damage":0,"enemies":"3 Cultists","floor":28,"turns":3},{"damage":0,"enemies":"Snake Plant","floor":31,"turns":4},{"damage":23,"enemies":"Collector","floor":33,"turns":7},{"damage":5,"enemies":"Orb Walker","floor":35,"turns":4},{"damage":0,"enemies":"3 Shapes","floor":37,"turns":3},{"damage":27,"enemies":"Jaw Worm Horde","floor":39,"turns":5},{"damage":18,"enemies":"Nemesis","floor":41,"turns":9},{"damage":0,"enemies":"Spire Growth","floor":44,"turns":5},{"damage":5,"enemies":"Reptomancer","floor":45,"turns":7},{"damage":22,"enemies":"Time Eater","floor":50,"turns":13}],"seed_played":"1114461100881922480","potions_obtained":[{"floor":2,"key":"PowerPotion"},{"floor":12,"key":"BloodPotion"},{"floor":16,"key":"Explosive Potion"},{"floor":18,"key":"Poison Potion"},{"floor":22,"key":"Regen Potion"},{"floor":28,"key":"Strength Potion"},{"floor":33,"key":"Energy Potion"},{"floor":35,"key":"Ancient Potion"},{"floor":45,"key":"Energy Potion"}],"is_trial":false,"path_per_floor":["M","M","?","?","M","R","?","$","T","R","T","M","E","$","R","B",null,"M","?","?","M","M","R","?","R","T","E","M","$","R","M","R","B",null,"M","?","M","?","M","R","E","R","T","M","E","?","$","T","R","B",null],"character_chosen":"IRONCLAD","items_purchased":["Apotheosis"],"campfire_rested":3,"item_purchase_floors":[47],"current_hp_per_floor":[80,80,69,62,64,64,69,69,69,69,69,47,28,28,53,20,85,85,85,69,69,71,71,62,89,89,90,90,90,90,90,90,73,90,90,90,90,85,64,64,52,77,77,83,84,84,84,84,84,68],"gold":403,"neow_bonus":"RANDOM_COMMON_RELIC","is_prod":false,"is_daily":false,"chose_seed":false,"campfire_upgraded":7,"win_rate":0,"timestamp":1542571322,"path_taken":["M","?","?","?","M","R","?","$","T","R","?","?","E","$","R","BOSS","M","?","?","M","M","R","?","R","T","E","M","$","R","M","R","BOSS","M","?","?","?","M","R","E","R","T","M","E","?","$","?","R","BOSS"],"build_version":"2018-11-15","purchased_purges":4,"victory":true,"max_hp_per_floor":[80,80,80,80,80,80,85,85,85,85,85,85,85,85,85,85,85,85,85,90,90,90,90,90,90,90,90,90,90,90,90,90,90,90,90,90,90,85,85,85,85,85,85,85,85,85,85,85,85,85],"card_choices":[{"not_picked":["Cleave","Rage","Armaments"],"picked":"SKIP","floor":1},{"not_picked":["Rupture","Iron Wave"],"picked":"Uppercut","floor":2},{"not_picked":["Heavy Blade","Pommel Strike","Bloodletting"],"picked":"SKIP","floor":5},{"not_picked":["Reckless Charge","Heavy Blade","Body Slam"],"picked":"SKIP","floor":12},{"not_picked":["Clothesline","Clash"],"picked":"Uppercut","floor":13},{"not_picked":["Fiend Fire","Dark Embrace"],"picked":"Immolate","floor":16},{"not_picked":["Perfected Strike","Body Slam","Infernal Blade"],"picked":"SKIP","floor":18},{"not_picked":["Cleave","Infernal Blade"],"picked":"Shrug It Off","floor":21},{"not_picked":["Searing Blow","True Grit","Clothesline+1"],"picked":"SKIP","floor":22},{"not_picked":["Clothesline","Corruption"],"picked":"Impervious","floor":27},{"not_picked":["Warcry+1","Clothesline"],"picked":"Flame Barrier","floor":28},{"not_picked":["Flex+1","Thunderclap+1"],"picked":"Shrug It Off","floor":31},{"not_picked":["Barricade","Reaper"],"picked":"Demon Form","floor":33},{"not_picked":["Thunderclap+1","Armaments","Pommel Strike+1"],"picked":"SKIP","floor":35},{"not_picked":["Armaments+1","Clash+1","Wild Strike"],"picked":"SKIP","floor":37},{"not_picked":["Combust+1","Brutality"],"picked":"Shrug It Off","floor":39},{"not_picked":["Body Slam","Warcry+1","Corruption+1"],"picked":"SKIP","floor":41},{"not_picked":["Clothesline+1","Cleave+1"],"picked":"Shrug It Off","floor":44},{"not_picked":["Perfected Strike","Clothesline","Dropkick+1"],"picked":"SKIP","floor":45}],"player_experience":349375,"relics_obtained":[{"floor":9,"key":"Self Forming Clay"},{"floor":11,"key":"Darkstone Periapt"},{"floor":13,"key":"Meat on the Bone"},{"floor":24,"key":"Red Mask"},{"floor":26,"key":"Pocketwatch"},{"floor":27,"key":"Ancient Tea Set"},{"floor":41,"key":"Thread and Needle"},{"floor":43,"key":"Dream Catcher"},{"floor":45,"key":"Tiny Chest"},{"floor":48,"key":"PreservedInsect"}],"event_choices":[{"damage_healed":0,"gold_gain":75,"player_choice":"Gather Gold","damage_taken":11,"max_hp_gain":0,"max_hp_loss":0,"event_name":"World of Goop","floor":3,"gold_loss":0},{"cards_removed":["Bash"],"damage_healed":0,"gold_gain":0,"player_choice":"Card Removal","damage_taken":7,"max_hp_gain":0,"max_hp_loss":0,"event_name":"Golden Wing","floor":4,"gold_loss":0},{"damage_healed":0,"gold_gain":0,"player_choice":"Donut","damage_taken":0,"max_hp_gain":5,"max_hp_loss":0,"event_name":"Big Fish","floor":7,"gold_loss":0},{"damage_healed":0,"gold_gain":0,"player_choice":"Read","damage_taken":0,"max_hp_gain":0,"max_hp_loss":0,"event_name":"The Library","floor":19,"gold_loss":0,"cards_obtained":["Whirlwind"]},{"damage_healed":0,"gold_gain":0,"player_choice":"Shed Blood","damage_taken":21,"max_hp_gain":5,"max_hp_loss":0,"event_name":"Forgotten Altar","floor":20,"gold_loss":0},{"damage_healed":0,"gold_gain":0,"player_choice":"Fought Bandits","damage_taken":0,"max_hp_gain":0,"max_hp_loss":0,"event_name":"Masked Bandits","floor":24,"gold_loss":0},{"damage_healed":0,"gold_gain":0,"player_choice":"Upgraded","damage_taken":0,"max_hp_gain":0,"max_hp_loss":0,"event_name":"Upgrade Shrine","floor":36,"gold_loss":0,"cards_upgraded":["Demon Form"]},{"damage_healed":0,"gold_gain":0,"player_choice":"Max HP","damage_taken":0,"max_hp_gain":0,"max_hp_loss":5,"event_name":"Winding Halls","floor":38,"gold_loss":0},{"damage_healed":0,"gold_gain":222,"player_choice":"Wore Mask","damage_taken":0,"max_hp_gain":0,"max_hp_loss":0,"event_name":"Tomb of Lord Red Mask","floor":46,"gold_loss":0}],"is_beta":false,"boss_relics":[{"not_picked":["White Beast Statue","Runic Dome"],"picked":"Snecko Eye"},{"not_picked":["Runic Cube","Astrolabe"],"picked":"Empty Cage"}],"items_purged_floors":[8,14,29,47],"is_endless":false,"potions_floor_spawned":[2,12,16,18,22,28,33,35,44,45],"ascension_level":2}