{"gold_per_floor":[117,20,34,34,49,68,68,84,84,96,110,110,137,155,155,155],"floor_reached":16,"playtime":1552,"items_purged":[],"score":127,"play_id":"637d3189-4c48-4717-bb4c-f7924e08af41","local_time":"20190130090959","is_ascension_mode":true,"campfire_choices":[{"floor":7,"key":"REST"},{"floor":12,"key":"REST"},{"floor":15,"key":"REST"}],"neow_cost":"NONE","seed_source_timestamp":1744091563664918,"circlet_count":0,"master_deck":["Defend_G+1","Defend_G+1","Defend_G","Defend_G","Defend_G","Strike_G","Strike_G","Strike_G","Strike_G","Strike_G","Survivor","Neutralize","Well Laid Plans","Cloak And Dagger","Blur","Malaise"],"relics":["Ring of the Snake","NeowsBlessing","Sundial","Centennial Puzzle","Ninja Scroll","War Paint"],"potions_floor_usage":[16,16,16],"damage_taken":[{"damage":0,"enemies":"2 Louse","floor":1,"turns":1},{"damage":0,"enemies":"Cultist","floor":3,"turns":1},{"damage":0,"enemies":"Jaw Worm","floor":5,"turns":1},{"damage":29,"enemies":"Large Slime","floor":6,"turns":11},{"damage":13,"enemies":"Lots of Slimes","floor":8,"turns":6},{"damage":0,"enemies":"2 Fungi Beasts","floor":10,"turns":4},{"damage":3,"enemies":"Exordium Thugs","floor":11,"turns":9},{"damage":24,"enemies":"3 Sentries","floor":13,"turns":14},{"damage":5,"enemies":"Exordium Wildlife","floor":14,"turns":10},{"damage":59,"enemies":"Hexaghost","floor":16,"turns":23}],"seed_played":"-3897713742442803844","potions_obtained":[{"floor":5,"key":"PowerPotion"},{"floor":8,"key":"PowerPotion"},{"floor":10,"key":"Ancient Potion"}],"is_trial":false,"path_per_floor":["M","?","M","T","M","M","R","M","T","M","M","R","E","M","R","B"],"character_chosen":"THE_SILENT","items_purchased":[],"campfire_rested":3,"item_purchase_floors":[],"current_hp_per_floor":[70,70,70,70,70,41,62,49,49,49,46,67,43,38,59,0],"gold":155,"neow_bonus":"THREE_ENEMY_KILL","is_prod":false,"is_daily":false,"chose_seed":false,"campfire_upgraded":0,"win_rate":0,"timestamp":1548860999,"path_taken":["M","?","?","?","M","M","R","M","T","M","M","R","E","M","R","BOSS"],"build_version":"2019-01-23","purchased_purges":0,"victory":false,"max_hp_per_floor":[70,70,70,70,70,70,70,70,70,70,70,70,70,70,70,70],"card_choices":[{"not_picked":["Slice","Choke","Endless Agony"],"picked":"SKIP","floor":1},{"not_picked":["Deadly Poison","Predator"],"picked":"Well Laid Plans","floor":3},{"not_picked":["Skewer","Quick Slash","Dodge and Roll"],"picked":"SKIP","floor":5},{"not_picked":["Deadly Poison","Backflip","Calculated Gamble"],"picked":"SKIP","floor":6},{"not_picked":["Slice","Dagger Spray"],"picked":"Cloak And Dagger","floor":8},{"not_picked":["Dagger Spray","Heel Hook"],"picked":"Blur","floor":10},{"not_picked":["Predator","Bane","Slice"],"picked":"SKIP","floor":11},{"not_picked":["Prepared","Acrobatics"],"picked":"Malaise","floor":13},{"not_picked":["Prepared","Quick Slash","Backflip"],"picked":"SKIP","floor":14}],"player_experience":1191039,"relics_obtained":[{"floor":4,"key":"Centennial Puzzle"},{"floor":9,"key":"Ninja Scroll"},{"floor":13,"key":"War Paint"}],"event_choices":[{"damage_healed":0,"gold_gain":0,"player_choice":"Paid Gold","damage_taken":0,"relics_obtained":["Sundial"],"max_hp_gain":0,"max_hp_loss":0,"event_name":"WeMeetAgain","floor":2,"gold_loss":97}],"is_beta":false,"boss_relics":[],"items_purged_floors":[],"is_endless":false,"potions_floor_spawned":[5,8,10,14],"killed_by":"Hexaghost","ascension_level":4}