{"gold_per_floor":[109,164,180,180,130,161,161,180,230,230,230,230,250,270,270,270],"floor_reached":16,"playtime":391,"items_purged":[],"score":194,"play_id":"f722ca1d-570a-435c-bb46-08d9537a4593","local_time":"20190801221903","is_ascension_mode":true,"campfire_choices":[{"data":"Defend_R","floor":7,"key":"SMITH"},{"data":"Defend_R","floor":10,"key":"SMITH"},{"data":"Defend_R","floor":12,"key":"SMITH"},{"data":"Bash","floor":15,"key":"SMITH"}],"neow_cost":"NONE","seed_source_timestamp":1807134925500260,"circlet_count":0,"master_deck":["AscendersBane","Strike_R","Strike_R","Strike_R","Strike_R","Defend_R+1","Defend_R+1","Defend_R+1","Defend_R+1","Bash+1"],"relics":["Burning Blood","NeowsBlessing","PreservedInsect","Golden Idol","WingedGreaves","Blood Vial"],"potions_floor_usage":[14,16],"damage_taken":[{"damage":0,"enemies":"Cultist","floor":1,"turns":1},{"damage":0,"enemies":"Jaw Worm","floor":3,"turns":1},{"damage":0,"enemies":"Gremlin Nob","floor":6,"turns":1},{"damage":0,"enemies":"2 Louse","floor":8,"turns":3},{"damage":0,"enemies":"2 Fungi Beasts","floor":13,"turns":5},{"damage":0,"enemies":"Lots of Slimes","floor":14,"turns":1},{"damage":84,"enemies":"Slime Boss","floor":16,"turns":9}],"seed_played":"2832210588172910587","potions_obtained":[{"floor":1,"key":"Weak Potion"},{"floor":6,"key":"SpeedPotion"},{"floor":8,"key":"Strength Potion"},{"floor":13,"key":"AttackPotion"}],"is_trial":false,"path_per_floor":["M","T","M","?","?","E","R","M","T","R","?","R","M","M","R","B"],"character_chosen":"IRONCLAD","items_purchased":[],"campfire_rested":0,"item_purchase_floors":[],"current_hp_per_floor":[78,78,80,60,60,66,66,72,72,72,72,72,80,80,80,0],"gold":270,"neow_bonus":"THREE_ENEMY_KILL","is_prod":false,"is_daily":false,"chose_seed":false,"campfire_upgraded":4,"win_rate":0,"timestamp":1564715943,"path_taken":["M","?","M","?","?","E","R","M","T","R","?","R","M","M","R","BOSS"],"build_version":"2019-07-17","purchased_purges":0,"victory":false,"max_hp_per_floor":[80,80,80,80,80,80,80,80,80,80,80,80,80,80,80,80],"card_choices":[{"not_picked":["Uppercut","Power Through","Infernal Blade"],"picked":"SKIP","floor":1},{"not_picked":["Thunderclap","Anger","Havoc"],"picked":"SKIP","floor":3},{"not_picked":["Sword Boomerang","Rage","Cleave"],"picked":"SKIP","floor":6},{"not_picked":["Warcry","Cleave","Intimidate"],"picked":"SKIP","floor":8},{"not_picked":["Warcry","Cleave","Intimidate"],"picked":"SKIP","floor":8},{"not_picked":["Power Through","Clothesline","Twin Strike"],"picked":"SKIP","floor":13},{"not_picked":["Perfected Strike","Headbutt","Flex"],"picked":"SKIP","floor":14}],"player_experience":2614848,"relics_obtained":[{"floor":2,"key":"PreservedInsect"},{"floor":6,"key":"WingedGreaves"},{"floor":9,"key":"Blood Vial"}],"event_choices":[{"damage_healed":0,"gold_gain":0,"player_choice":"Take Damage","damage_taken":20,"relics_obtained":["Golden Idol"],"max_hp_gain":0,"max_hp_loss":0,"event_name":"Golden Idol","floor":4,"gold_loss":0},{"cards_removed":["Strike_R"],"damage_healed":0,"gold_gain":0,"player_choice":"Card Removal","damage_taken":0,"max_hp_gain":0,"max_hp_loss":0,"event_name":"The Cleric","floor":5,"gold_loss":50},{"damage_healed":0,"gold_gain":0,"player_choice":"Upgraded","damage_taken":0,"max_hp_gain":0,"max_hp_loss":0,"event_name":"Upgrade Shrine","floor":11,"gold_loss":0,"cards_upgraded":["Defend_R"]}],"is_beta":false,"boss_relics":[],"items_purged_floors":[],"is_endless":false,"potions_floor_spawned":[1,6,8,13],"killed_by":"Slime Boss","ascension_level":11}