{"gold_per_floor":[109,126,139,25,25,25,41,66,66,76,92,106,71,71],"floor_reached":14,"playtime":481,"items_purged":["Dualcast"],"score":141,"play_id":"3ec65350-657d-4707-bf25-3230da96e3b8","local_time":"20190728104636","is_ascension_mode":true,"campfire_choices":[{"data":"Zap","floor":6,"key":"SMITH"}],"neow_cost":"NONE","seed_source_timestamp":1419891226613397,"circlet_count":0,"master_deck":["AscendersBane","Strike_B","Strike_B","Strike_B","Strike_B","Defend_B","Defend_B","Defend_B","Defend_B","Zap+1","Self Repair","Pain","Defragment","Undo","Capacitor"],"relics":["Cracked Core","NeowsBlessing","WarpedTongs","Centennial Puzzle"],"potions_floor_usage":[],"damage_taken":[{"damage":0,"enemies":"Cultist","floor":1,"turns":1},{"damage":0,"enemies":"2 Louse","floor":2,"turns":1},{"damage":0,"enemies":"Jaw Worm","floor":3,"turns":1},{"damage":21,"enemies":"Large Slime","floor":7,"turns":7},{"damage":49,"enemies":"Lagavulin","floor":8,"turns":7},{"damage":4,"enemies":"2 Fungi Beasts","floor":10,"turns":4},{"damage":16,"enemies":"Blue Slaver","floor":11,"turns":3},{"damage":8,"enemies":"3 Louse","floor":12,"turns":6},{"damage":21,"enemies":"Red Slaver","floor":14,"turns":6}],"seed_played":"-1632518764659242679","potions_obtained":[{"floor":8,"key":"SmokeBomb"},{"floor":10,"key":"SteroidPotion"},{"floor":12,"key":"FocusPotion"}],"is_trial":false,"path_per_floor":["M","M","M","$","?","R","M","E","T","M","M","M","?","M"],"character_chosen":"DEFECT","items_purchased":["Self Repair"],"campfire_rested":0,"item_purchase_floors":[4],"current_hp_per_floor":[68,68,68,68,68,68,54,12,12,18,9,1,19,0],"gold":71,"neow_bonus":"THREE_ENEMY_KILL","is_prod":false,"is_daily":false,"chose_seed":false,"campfire_upgraded":1,"win_rate":0,"timestamp":1564328796,"path_taken":["M","?","M","$","?","R","M","E","T","?","?","M","?","M"],"build_version":"2019-07-17","purchased_purges":1,"victory":false,"max_hp_per_floor":[75,75,75,75,75,75,75,75,75,75,75,75,75,75],"card_choices":[{"not_picked":["Beam Cell","Barrage","Leap"],"picked":"SKIP","floor":1},{"not_picked":["Hologram","Barrage","White Noise"],"picked":"SKIP","floor":2},{"not_picked":["Lockon","Barrage","Coolheaded"],"picked":"SKIP","floor":3},{"not_picked":["Steam","Hologram"],"picked":"Defragment","floor":7},{"not_picked":["Turbo","Rebound"],"picked":"Undo","floor":8},{"not_picked":["Hyperbeam","Beam Cell","Skim"],"picked":"SKIP","floor":10},{"not_picked":["Recycle","Hologram"],"picked":"Capacitor","floor":11},{"not_picked":["Streamline","Stack","Barrage"],"picked":"SKIP","floor":12}],"player_experience":2551198,"relics_obtained":[{"floor":8,"key":"Centennial Puzzle"}],"event_choices":[{"damage_healed":0,"gold_gain":0,"player_choice":"Rummage","damage_taken":0,"relics_obtained":["WarpedTongs"],"max_hp_gain":0,"max_hp_loss":0,"event_name":"Accursed Blacksmith","floor":5,"gold_loss":0,"cards_obtained":["Pain"]},{"damage_healed":18,"gold_gain":0,"player_choice":"Healed","damage_taken":0,"max_hp_gain":0,"max_hp_loss":0,"event_name":"The Cleric","floor":13,"gold_loss":35}],"is_beta":false,"boss_relics":[],"items_purged_floors":[4],"is_endless":false,"potions_floor_spawned":[8,10,12],"killed_by":"Red Slaver","ascension_level":10}