{"gold_per_floor":[116,116,128,203,7,7,7,21,21,21,34,55,75,75,75,206,206,221,26,125,145,145,189,189,189],"floor_reached":25,"playtime":1311,"items_purged":["Dualcast","Strike_B"],"score":338,"play_id":"2082e6ea-69bb-4e1d-a49c-4b8b772a8a80","local_time":"20190812224759","is_ascension_mode":true,"campfire_choices":[{"floor":6,"key":"REST"},{"floor":10,"key":"REST"},{"floor":15,"key":"REST"},{"floor":24,"key":"REST"}],"neow_cost":"TEN_PERCENT_HP_LOSS","seed_source_timestamp":856962493590500,"circlet_count":0,"master_deck":["AscendersBane","Strike_B","Strike_B","Strike_B","Defend_B","Defend_B","Defend_B","Defend_B","Zap","Electrodynamics+1","Gash","Undo","Apotheosis+1","Capacitor","Self Repair+1","Conserve Battery","Conserve Battery","Defragment","Loop","Defragment"],"relics":["Cracked Core","The Courier","Golden Idol","Gremlin Horn","Inserter","Vajra"],"potions_floor_usage":[11,16,25,25],"damage_taken":[{"damage":7,"enemies":"Small Slimes","floor":1,"turns":3},{"damage":4,"enemies":"2 Louse","floor":3,"turns":3},{"damage":0,"enemies":"Cultist","floor":8,"turns":3},{"damage":28,"enemies":"Exordium Thugs","floor":11,"turns":5},{"damage":14,"enemies":"3 Louse","floor":12,"turns":4},{"damage":0,"enemies":"Large Slime","floor":13,"turns":4},{"damage":21,"enemies":"The Guardian","floor":16,"turns":13},{"damage":28,"enemies":"Chosen","floor":18,"turns":7},{"damage":6,"enemies":"Shell Parasite","floor":21,"turns":8},{"damage":43,"enemies":"Slavers","floor":23,"turns":5},{"damage":55,"enemies":"Gremlin Leader","floor":25,"turns":6}],"seed_played":"-3497324169104307118","potions_obtained":[{"floor":8,"key":"SkillPotion"},{"floor":11,"key":"Fruit Juice"},{"floor":16,"key":"Explosive Potion"},{"floor":21,"key":"Regen Potion"}],"is_trial":false,"path_per_floor":["M","?","M","?","$","R","?","M","T","R","M","M","M","?","R","B",null,"M","$","?","M","?","E","R","E"],"character_chosen":"DEFECT","items_purchased":["Apotheosis","Loop","Defragment"],"campfire_rested":4,"item_purchase_floors":[5,19,19],"current_hp_per_floor":[61,58,54,43,43,63,46,46,46,66,43,39,46,31,52,41,65,47,47,47,51,51,18,39,0],"gold":189,"neow_bonus":"THREE_RARE_CARDS","is_prod":false,"is_daily":false,"chose_seed":false,"campfire_upgraded":0,"win_rate":0,"timestamp":1565668079,"path_taken":["M","?","M","?","$","R","?","M","T","R","M","M","M","?","R","BOSS","M","$","?","M","?","E","R","E"],"build_version":"2019-07-17","purchased_purges":2,"victory":false,"max_hp_per_floor":[68,68,68,68,68,68,68,68,68,68,73,73,73,73,73,73,73,73,73,73,73,73,73,73,73],"card_choices":[{"not_picked":["Machine Learning","Core Surge"],"picked":"Electrodynamics","floor":0},{"not_picked":["Steam","Cold Snap"],"picked":"Gash","floor":1},{"not_picked":["Redo","Blizzard"],"picked":"Undo","floor":3},{"not_picked":["Conserve Battery","Hologram"],"picked":"Capacitor","floor":8},{"not_picked":["Redo","Streamline"],"picked":"Self Repair","floor":11},{"not_picked":["Doom and Gloom","Tempest"],"picked":"Conserve Battery","floor":12},{"not_picked":["Turbo","Genetic Algorithm"],"picked":"Conserve Battery","floor":13},{"not_picked":["Sweeping Beam","Static Discharge"],"picked":"Defragment","floor":18},{"not_picked":["Stack+1","Sweeping Beam","Aggregate"],"picked":"SKIP","floor":21},{"not_picked":["Steam","Storm","Melter"],"picked":"SKIP","floor":23}],"player_experience":2817923,"relics_obtained":[{"floor":9,"key":"Gremlin Horn"},{"floor":23,"key":"Vajra"}],"event_choices":[{"damage_healed":0,"gold_gain":0,"player_choice":"Success","damage_taken":3,"relics_obtained":["The Courier"],"max_hp_gain":0,"max_hp_loss":0,"event_name":"Scrap Ooze","floor":2,"gold_loss":0},{"damage_healed":0,"gold_gain":75,"player_choice":"Gather Gold","damage_taken":11,"max_hp_gain":0,"max_hp_loss":0,"event_name":"World of Goop","floor":4,"gold_loss":0},{"damage_healed":0,"gold_gain":0,"player_choice":"Take Damage","damage_taken":17,"relics_obtained":["Golden Idol"],"max_hp_gain":0,"max_hp_loss":0,"event_name":"Golden Idol","floor":7,"gold_loss":0},{"damage_healed":0,"gold_gain":0,"player_choice":"Entered Light","damage_taken":15,"max_hp_gain":0,"max_hp_loss":0,"event_name":"Shining Light","floor":14,"gold_loss":0,"cards_upgraded":["Electrodynamics","Self Repair"]},{"damage_healed":0,"gold_gain":99,"player_choice":"Stole From Cult","damage_taken":0,"max_hp_gain":0,"max_hp_loss":0,"event_name":"Nest","floor":20,"gold_loss":0},{"damage_healed":0,"gold_gain":0,"player_choice":"Upgraded","damage_taken":0,"max_hp_gain":0,"max_hp_loss":0,"event_name":"Upgrade Shrine","floor":22,"gold_loss":0,"cards_upgraded":["Apotheosis"]}],"is_beta":false,"boss_relics":[{"not_picked":["Lizard Tail","FrozenCore"],"picked":"Inserter"}],"items_purged_floors":[5,19],"is_endless":false,"potions_floor_spawned":[8,11,16,21],"killed_by":"Gremlin Leader","ascension_level":12}