{"gold_per_floor":[126,88,100,131,143,155,208,241,253,280,292,329,341,372,384,524,536,569,604,616,628],"floor_reached":21,"playtime":6683,"items_purged":[],"score":393,"play_id":"097b8b02-ff66-4c6f-a62e-2930f3478b9d","local_time":"20190509190337","is_ascension_mode":true,"campfire_choices":[{"floor":6,"key":"REST"},{"floor":11,"key":"REST"},{"floor":13,"key":"REST"},{"floor":15,"key":"REST"}],"neow_cost":"NONE","seed_source_timestamp":0,"circlet_count":0,"master_deck":["Strike_B","Strike_B","Strike_B","Strike_B","Defend_B","Defend_B","Defend_B","Defend_B","Zap","Loop","Cold Snap","Dramatic Entrance","Thunder Strike+1","Capacitor","BootSequence","BootSequence","Seek","FTL+1","Conserve Battery+1"],"special_seed":0,"relics":["Cracked Core","MawBank","Golden Idol","Molten Egg 2","Mercury Hourglass","Sozu","Enchiridion"],"potions_floor_usage":[16,21,21],"damage_taken":[{"damage":0,"enemies":"Small Slimes","floor":1,"turns":3},{"damage":9,"enemies":"Jaw Worm","floor":4,"turns":5},{"damage":34,"enemies":"3 Sentries","floor":7,"turns":9},{"damage":0,"enemies":"Cultist","floor":8,"turns":4},{"damage":4,"enemies":"Looter","floor":10,"turns":3},{"damage":6,"enemies":"Blue Slaver","floor":12,"turns":4},{"damage":11,"enemies":"Exordium Thugs","floor":14,"turns":4},{"damage":13,"enemies":"The Guardian","floor":16,"turns":12},{"damage":29,"enemies":"Shell Parasite","floor":18,"turns":7},{"damage":0,"enemies":"Chosen","floor":19,"turns":4},{"damage":33,"enemies":"Masked Bandits","floor":21,"turns":3}],"seed_played":"-6851569888795001205","potions_obtained":[{"floor":4,"key":"Energy Potion"},{"floor":10,"key":"FearPotion"},{"floor":12,"key":"Poison Potion"}],"is_trial":false,"path_per_floor":["M","?","?","M","?","R","E","M","T","M","R","M","R","M","R","B",null,"M","M","?","?"],"character_chosen":"DEFECT","items_purchased":[],"campfire_rested":4,"item_purchase_floors":[],"current_hp_per_floor":[68,68,50,41,41,63,29,29,29,25,47,41,63,52,74,61,72,43,43,27,0],"gold":628,"neow_bonus":"RANDOM_COMMON_RELIC","is_prod":false,"is_daily":false,"chose_seed":false,"campfire_upgraded":0,"win_rate":0,"timestamp":1557446617,"path_taken":["M","?","?","M","?","R","E","M","T","M","R","M","R","?","R","BOSS","M","M","?","?"],"build_version":"2019-01-23","purchased_purges":0,"victory":false,"max_hp_per_floor":[75,75,75,75,75,75,75,75,75,75,75,75,75,75,75,75,75,75,75,75,75],"card_choices":[{"not_picked":["Coolheaded","Rebound","Beam Cell"],"picked":"SKIP","floor":1},{"not_picked":["Stack","Cold Snap"],"picked":"Loop","floor":4},{"not_picked":["Turbo","Lockon"],"picked":"Thunder Strike","floor":7},{"not_picked":["Conserve Battery","Hello World"],"picked":"Capacitor","floor":8},{"not_picked":["Heatsinks","Stack"],"picked":"BootSequence","floor":10},{"not_picked":["Stack","Reboot","Rebound+1"],"picked":"SKIP","floor":12},{"not_picked":["Steam Power","Recycle"],"picked":"BootSequence","floor":14},{"not_picked":["All For One+1","Machine Learning"],"picked":"Seek","floor":16},{"not_picked":["Aggregate","Sunder+1"],"picked":"FTL+1","floor":18},{"not_picked":["Coolheaded","Auto Shields"],"picked":"Conserve Battery+1","floor":19}],"player_experience":1908579,"relics_obtained":[{"floor":7,"key":"Molten Egg 2"},{"floor":9,"key":"Mercury Hourglass"},{"floor":20,"key":"Enchiridion"}],"event_choices":[{"cards_removed":["Dualcast"],"damage_healed":0,"gold_gain":0,"player_choice":"Card Removal","damage_taken":0,"max_hp_gain":0,"max_hp_loss":0,"event_name":"The Cleric","floor":2,"gold_loss":50},{"damage_healed":0,"gold_gain":0,"player_choice":"Take Damage","damage_taken":18,"relics_obtained":["Golden Idol"],"max_hp_gain":0,"max_hp_loss":0,"event_name":"Golden Idol","floor":3,"gold_loss":0},{"damage_healed":0,"gold_gain":0,"player_choice":"2 cards matched","damage_taken":0,"max_hp_gain":0,"max_hp_loss":0,"event_name":"Match and Keep!","floor":5,"gold_loss":0,"cards_obtained":["Cold Snap","Dramatic Entrance"]},{"damage_healed":0,"gold_gain":0,"player_choice":"Obtained Book","damage_taken":16,"max_hp_gain":0,"max_hp_loss":0,"event_name":"Cursed Tome","floor":20,"gold_loss":0},{"damage_healed":0,"gold_gain":0,"player_choice":"Fought Bandits","damage_taken":0,"max_hp_gain":0,"max_hp_loss":0,"event_name":"Masked Bandits","floor":21,"gold_loss":0}],"is_beta":false,"boss_relics":[{"not_picked":["Philosopher\u0027s Stone","Runic Pyramid"],"picked":"Sozu"}],"items_purged_floors":[],"is_endless":false,"potions_floor_spawned":[4,10,12],"killed_by":"Masked Bandits","ascension_level":8}