{"gold_per_floor":[112,112,112,112,131,163,173,20,44,59,59,74,74,84,84,183,183,202,202,221,38,50,76,76,87,87,87,87,99,132,232,232,331,331,342,442,89,100,25,37,68,83,83,83,83,83,94,113,113,113],"floor_reached":51,"playtime":4394,"items_purged":["Strike_G"],"score":794,"play_id":"dd349229-850c-4b4e-b45a-0f98758f3901","local_time":"20190825125618","is_ascension_mode":false,"campfire_choices":[{"data":"Catalyst","floor":15,"key":"SMITH"},{"floor":24,"key":"REST"},{"data":"Mayhem","floor":28,"key":"SMITH"},{"floor":32,"key":"REST"},{"floor":44,"key":"REST"},{"floor":49,"key":"REST"}],"neow_cost":"NONE","seed_source_timestamp":725672003965200,"circlet_count":0,"master_deck":["Strike_G","Defend_G","Defend_G","Defend_G","Defend_G","Defend_G","Survivor","Neutralize","Deadly Poison","Dodge and Roll","Bane","Deadly Poison","Catalyst+1","Backstab","Noxious Fumes","Tools of the Trade","Poisoned Stab","Backflip","Mayhem+1","Catalyst","Bane+1","Crippling Poison","RitualDagger","Well Laid Plans","Blur","Escape Plan","Deadly Poison+1","Corpse Explosion","Escape Plan+1","Bouncing Flask","Footwork+1","Crippling Poison","Backflip+1","Catalyst+1","Iron Wave","Malaise","Deadly Poison","Poisoned Stab","Deflect+1"],"relics":["Ring of the Snake","NeowsBlessing","Omamori","Bag of Marbles","Lantern","Vajra","Ninja Scroll","Empty Cage","Gremlin Horn","Orichalcum","Dream Catcher","Gambling Chip","Ornamental Fan","Cursed Key","Tough Bandages","Thread and Needle","Prayer Wheel","Bag of Preparation"],"potions_floor_usage":[22,23,30,31,31,31,33,36,41,50],"damage_taken":[{"damage":0,"enemies":"Cultist","floor":1,"turns":1},{"damage":0,"enemies":"Small Slimes","floor":5,"turns":1},{"damage":0,"enemies":"Lagavulin","floor":6,"turns":1},{"damage":0,"enemies":"2 Louse","floor":7,"turns":2},{"damage":3,"enemies":"Looter","floor":10,"turns":3},{"damage":0,"enemies":"3 Louse","floor":12,"turns":1},{"damage":0,"enemies":"Exordium Thugs","floor":14,"turns":1},{"damage":30,"enemies":"Slime Boss","floor":16,"turns":9},{"damage":9,"enemies":"Spheric Guardian","floor":18,"turns":4},{"damage":1,"enemies":"3 Byrds","floor":20,"turns":4},{"damage":18,"enemies":"Snake Plant","floor":22,"turns":3},{"damage":27,"enemies":"Slavers","floor":23,"turns":4},{"damage":0,"enemies":"Cultist and Chosen","floor":25,"turns":4},{"damage":6,"enemies":"Shelled Parasite and Fungi","floor":29,"turns":3},{"damage":4,"enemies":"Gremlin Leader","floor":30,"turns":3},{"damage":6,"enemies":"Colosseum Slavers","floor":31,"turns":2},{"damage":0,"enemies":"Colosseum Nobs","floor":31,"turns":1},{"damage":18,"enemies":"Champ","floor":33,"turns":6},{"damage":0,"enemies":"Orb Walker","floor":35,"turns":1},{"damage":27,"enemies":"Mind Bloom Boss Battle","floor":36,"turns":5},{"damage":16,"enemies":"3 Shapes","floor":38,"turns":3},{"damage":0,"enemies":"Maw","floor":40,"turns":5},{"damage":0,"enemies":"Nemesis","floor":41,"turns":3},{"damage":0,"enemies":"Sphere and 2 Shapes","floor":42,"turns":2},{"damage":0,"enemies":"Spire Growth","floor":47,"turns":3},{"damage":0,"enemies":"3 Darklings","floor":48,"turns":3},{"damage":46,"enemies":"Awakened One","floor":50,"turns":11}],"seed_played":"-8867773856149974598","potions_obtained":[{"floor":5,"key":"EssenceOfSteel"},{"floor":6,"key":"EntropicBrew"},{"floor":7,"key":"Dexterity Potion"},{"floor":16,"key":"PowerPotion"},{"floor":25,"key":"PowerPotion"},{"floor":30,"key":"SteroidPotion"},{"floor":31,"key":"Fire Potion"},{"floor":33,"key":"SkillPotion"},{"floor":38,"key":"EssenceOfSteel"},{"floor":41,"key":"Fire Potion"}],"is_trial":false,"path_per_floor":["M","?","?","?","M","E","M","$","T","M","T","M","$","M","R","B",null,"M","?","M","$","M","E","R","M","T","?","R","M","E","?","R","B",null,"M","?","$","M","$","M","E","M","T","R","?","?","M","M","R","B",null],"character_chosen":"THE_SILENT","items_purchased":["Lantern","Mayhem","Thread and Needle","Bouncing Flask"],"campfire_rested":4,"item_purchase_floors":[8,21,37,37],"current_hp_per_floor":[70,70,63,63,63,63,63,63,63,60,60,60,60,60,60,30,70,61,61,60,60,42,15,36,36,36,30,30,24,20,14,35,17,70,70,43,43,27,27,27,27,27,27,48,48,48,48,48,69,23],"gold":113,"neow_bonus":"THREE_ENEMY_KILL","is_prod":false,"is_daily":false,"chose_seed":false,"campfire_upgraded":2,"win_rate":0,"timestamp":1566752178,"path_taken":["M","?","?","?","M","E","M","$","T","M","?","M","?","M","R","BOSS","M","?","M","?","M","E","R","M","T","?","R","M","E","?","R","BOSS","M","?","$","M","$","M","E","M","T","R","?","?","M","M","R","BOSS"],"build_version":"2019-07-17","purchased_purges":1,"victory":true,"max_hp_per_floor":[70,70,70,70,70,70,70,70,70,70,70,70,70,70,70,70,70,70,70,70,70,70,70,70,70,70,70,70,70,70,70,70,70,70,70,70,70,70,70,70,70,70,70,70,70,70,70,70,70,70],"card_choices":[{"not_picked":["Sucker Punch","Prepared"],"picked":"Deadly Poison","floor":1},{"not_picked":["Sucker Punch","Dagger Throw"],"picked":"Dodge and Roll","floor":5},{"not_picked":["Backflip","Underhanded Strike"],"picked":"Bane","floor":6},{"not_picked":["Choke","Flying Knee"],"picked":"Deadly Poison","floor":7},{"not_picked":["Expertise","Escape Plan"],"picked":"Catalyst","floor":10},{"not_picked":["Underhanded Strike","Blade Dance"],"picked":"Backstab","floor":12},{"not_picked":["Sucker Punch","Infinite Blades"],"picked":"Noxious Fumes","floor":14},{"not_picked":["Malaise","A Thousand Cuts"],"picked":"Tools of the Trade","floor":16},{"not_picked":["Underhanded Strike","Dash"],"picked":"Poisoned Stab","floor":18},{"not_picked":["Tactician","Well Laid Plans"],"picked":"Backflip","floor":20},{"not_picked":["Deflect","Poisoned Stab+1"],"picked":"Catalyst","floor":22},{"not_picked":["Phantasmal Killer","Expertise"],"picked":"Bane+1","floor":23},{"not_picked":["Acrobatics","Deflect"],"picked":"Crippling Poison","floor":25},{"not_picked":["Masterful Stab","Caltrops+1"],"picked":"Well Laid Plans","floor":29},{"not_picked":["Dagger Throw","Poisoned Stab"],"picked":"Blur","floor":30},{"not_picked":["Sucker Punch","Deflect"],"picked":"Escape Plan","floor":31},{"not_picked":["Underhanded Strike+1","Eviscerate"],"picked":"Deadly Poison+1","floor":32},{"not_picked":["Venomology","Unload"],"picked":"Corpse Explosion","floor":33},{"not_picked":["Endless Agony+1","Underhanded Strike+1"],"picked":"Backflip","floor":35},{"not_picked":["Quick Slash","Outmaneuver+1"],"picked":"Escape Plan+1","floor":36},{"not_picked":["Quick Slash","Dodge and Roll"],"picked":"Footwork+1","floor":38},{"not_picked":["Dodge and Roll","Venomology"],"picked":"Crippling Poison","floor":40},{"not_picked":["Finisher+1","Eviscerate"],"picked":"Flying Knee","floor":41},{"not_picked":["Dagger Throw+1","Flying Knee"],"picked":"Backflip+1","floor":42},{"not_picked":["Finisher","Tactician+1","Dagger Throw"],"picked":"SKIP","floor":42},{"not_picked":["Underhanded Strike+1","Dagger Throw"],"picked":"Catalyst+1","floor":44},{"not_picked":["Tactician","Acrobatics+1"],"picked":"Malaise","floor":47},{"not_picked":["Skewer","Sucker Punch","Flying Knee+1"],"picked":"SKIP","floor":47},{"not_picked":["Bane+1","Dodge and Roll"],"picked":"Deadly Poison","floor":48},{"not_picked":["Blade Dance+1","Quick Slash"],"picked":"Poisoned Stab","floor":48},{"not_picked":["Bane","PiercingWail+1"],"picked":"Deflect+1","floor":49}],"player_experience":52751,"relics_obtained":[{"floor":6,"key":"Bag of Marbles"},{"floor":9,"key":"Vajra"},{"floor":11,"key":"Ninja Scroll"},{"floor":23,"key":"Gremlin Horn"},{"floor":26,"key":"Orichalcum"},{"floor":30,"key":"Dream Catcher"},{"floor":31,"key":"Gambling Chip"},{"floor":31,"key":"Ornamental Fan"},{"floor":36,"key":"Tough Bandages"},{"floor":41,"key":"Prayer Wheel"},{"floor":43,"key":"Bag of Preparation"}],"event_choices":[{"damage_healed":0,"gold_gain":0,"cards_transformed":["Strike_G"],"player_choice":"Change","damage_taken":0,"max_hp_gain":0,"max_hp_loss":0,"event_name":"Living Wall","floor":2,"gold_loss":0,"cards_obtained":["Night Terror"]},{"cards_removed":["Night Terror"],"damage_healed":0,"gold_gain":0,"player_choice":"Card Removal","damage_taken":7,"max_hp_gain":0,"max_hp_loss":0,"event_name":"Golden Wing","floor":3,"gold_loss":0},{"damage_healed":0,"gold_gain":0,"player_choice":"Box","damage_taken":0,"relics_obtained":["Omamori"],"max_hp_gain":0,"max_hp_loss":0,"event_name":"Big Fish","floor":4,"gold_loss":0,"cards_obtained":["Regret"]},{"cards_removed":["Regret"],"damage_healed":0,"gold_gain":0,"player_choice":"Removed Curses","damage_taken":0,"max_hp_gain":0,"max_hp_loss":0,"event_name":"Fountain of Cleansing","floor":19,"gold_loss":0},{"damage_healed":0,"gold_gain":0,"player_choice":"Joined the Cult","damage_taken":6,"max_hp_gain":0,"max_hp_loss":0,"event_name":"Nest","floor":27,"gold_loss":0,"cards_obtained":["RitualDagger"]},{"damage_healed":0,"gold_gain":0,"player_choice":"Fight","damage_taken":0,"max_hp_gain":0,"max_hp_loss":0,"event_name":"Colosseum","floor":31,"gold_loss":0},{"damage_healed":0,"gold_gain":0,"player_choice":"Fought Nobs","damage_taken":0,"max_hp_gain":0,"max_hp_loss":0,"event_name":"Colosseum","floor":31,"gold_loss":0},{"damage_healed":0,"gold_gain":0,"player_choice":"Fight","damage_taken":0,"max_hp_gain":0,"max_hp_loss":0,"event_name":"MindBloom","floor":36,"gold_loss":0},{"cards_removed":["Flying Knee"],"damage_healed":0,"gold_gain":0,"player_choice":"Removed Attack","damage_taken":0,"max_hp_gain":0,"max_hp_loss":0,"event_name":"Falling","floor":45,"gold_loss":0},{"cards_removed":["Backflip"],"damage_healed":0,"gold_gain":0,"player_choice":"Took Card","damage_taken":0,"max_hp_gain":0,"max_hp_loss":0,"event_name":"NoteForYourself","floor":46,"gold_loss":0,"cards_obtained":["Iron Wave"]}],"is_beta":false,"boss_relics":[{"not_picked":["Runic Pyramid","Velvet Choker"],"picked":"Empty Cage"},{"not_picked":["Black Star","Philosopher\u0027s Stone"],"picked":"Cursed Key"}],"items_purged_floors":[39],"is_endless":false,"potions_floor_spawned":[5,6,7,16,18,25,30,31,33,38,41,47,48],"ascension_level":0}