{"gold_per_floor":[111,111,111,126,140,173,173,203,203,203,220,220,235,270,270,374,374,385,300,319,85,101,101,134,134,207,132,32,32,61,73,73,169,169,188,40,40,57,73,73,103,103,130,130,140,140,174,14,14,14],"floor_reached":51,"playtime":4992,"items_purged":["Strike_B","Strike_B","Defend_B"],"score":958,"play_id":"f4d3ac58-a0de-4a13-9ee2-1212850e9735","local_time":"20190816142537","is_ascension_mode":true,"campfire_choices":[{"data":"Streamline","floor":7,"key":"SMITH"},{"data":"Buffer","floor":10,"key":"SMITH"},{"data":"Zap","floor":15,"key":"SMITH"},{"data":"Biased Cognition","floor":23,"key":"SMITH"},{"data":"Machine Learning","floor":25,"key":"SMITH"},{"data":"Ghostly","floor":32,"key":"SMITH"},{"data":"Dualcast","floor":40,"key":"SMITH"},{"data":"Reprogram","floor":49,"key":"SMITH"}],"neow_cost":"NONE","seed_source_timestamp":146248524571700,"circlet_count":0,"master_deck":["Defend_B","Defend_B","Zap+1","Dualcast+1","Cold Snap","Streamline+1","Buffer+1","Sunder","Ball Lightning","Ball Lightning","Sweeping Beam","Self Repair","Machine Learning+1","Leap","Conserve Battery","Biased Cognition+1","Reinforced Body","Auto Shields","Reprogram+1","Beam Cell+1","Ghostly+1","Ghostly","Ghostly","Ghostly","Ghostly","FTL+1","Echo Form+1","Melter+1","Stack","Barrage+1","Thunder Strike+1","Defragment+1","Chrysalis","FTL+1"],"relics":["Cracked Core","NeowsBlessing","Pear","Pen Nib","Cables","Regal Pillow","Philosopher\u0027s Stone","Turnip","Lantern","Molten Egg 2","Frozen Egg 2","Inserter","Blood Vial","Boot","Centennial Puzzle","Singing Bowl","Torii"],"potions_floor_usage":[8,16,16,22,33,50,50,50],"damage_taken":[{"damage":0,"enemies":"2 Louse","floor":1,"turns":1},{"damage":0,"enemies":"Cultist","floor":4,"turns":1},{"damage":0,"enemies":"Small Slimes","floor":5,"turns":1},{"damage":6,"enemies":"Gremlin Nob","floor":6,"turns":4},{"damage":37,"enemies":"3 Sentries","floor":8,"turns":8},{"damage":0,"enemies":"Looter","floor":11,"turns":2},{"damage":0,"enemies":"3 Louse","floor":13,"turns":2},{"damage":0,"enemies":"Lagavulin","floor":14,"turns":4},{"damage":14,"enemies":"Hexaghost","floor":16,"turns":8},{"damage":0,"enemies":"Chosen","floor":18,"turns":3},{"damage":24,"enemies":"2 Thieves","floor":20,"turns":3},{"damage":12,"enemies":"Snake Plant","floor":22,"turns":2},{"damage":28,"enemies":"Book of Stabbing","floor":24,"turns":6},{"damage":0,"enemies":"Slavers","floor":30,"turns":7},{"damage":4,"enemies":"Cultist and Chosen","floor":31,"turns":5},{"damage":0,"enemies":"Automaton","floor":33,"turns":9},{"damage":3,"enemies":"3 Shapes","floor":35,"turns":5},{"damage":0,"enemies":"Orb Walker","floor":38,"turns":3},{"damage":1,"enemies":"Spire Growth","floor":39,"turns":5},{"damage":14,"enemies":"Nemesis","floor":41,"turns":7},{"damage":2,"enemies":"Sphere and 2 Shapes","floor":45,"turns":4},{"damage":6,"enemies":"Reptomancer","floor":47,"turns":5},{"damage":30,"enemies":"Donu and Deca","floor":50,"turns":9}],"seed_played":"83106317806510245","potions_obtained":[{"floor":6,"key":"EssenceOfSteel"},{"floor":8,"key":"Weak Potion"},{"floor":11,"key":"Swift Potion"},{"floor":18,"key":"FocusPotion"},{"floor":20,"key":"FearPotion"},{"floor":38,"key":"Poison Potion"},{"floor":41,"key":"PowerPotion"},{"floor":47,"key":"Explosive Potion"}],"is_trial":false,"path_per_floor":["M","?","?","M","M","E","R","E","T","R","M","?","M","E","R","B",null,"M","?","M","$","M","R","E","R","T","?","$","?","E","M","R","B",null,"M","$","?","M","M","R","E","T","T","?","M","T","E","$","R","B",null],"character_chosen":"DEFECT","items_purchased":["Biased Cognition","Reinforced Body","Beam Cell+1","Hologram","Stack","FTL+1"],"campfire_rested":0,"item_purchase_floors":[21,21,28,28,36,48],"current_hp_per_floor":[75,68,68,68,68,72,72,35,35,35,35,32,32,32,32,18,85,85,85,68,68,63,63,42,42,42,42,42,42,42,42,42,42,42,42,42,42,42,41,41,34,34,34,34,41,41,44,44,44,21],"gold":14,"neow_bonus":"THREE_ENEMY_KILL","is_prod":false,"is_daily":false,"chose_seed":false,"campfire_upgraded":8,"win_rate":0,"timestamp":1565933137,"path_taken":["M","?","?","M","?","E","R","E","T","R","M","?","M","E","R","BOSS","M","?","M","$","M","R","E","R","T","?","$","?","E","M","R","BOSS","M","$","?","M","M","R","E","?","T","?","M","?","E","?","R","BOSS"],"build_version":"2019-07-17","purchased_purges":3,"victory":true,"max_hp_per_floor":[75,75,75,75,75,85,85,85,85,85,85,85,85,85,85,85,85,85,85,85,85,85,85,85,85,85,85,85,42,42,42,42,42,42,42,42,42,42,42,42,42,42,42,42,42,42,44,44,44,44],"card_choices":[{"not_picked":["Coolheaded","Stack"],"picked":"Cold Snap","floor":1},{"not_picked":["Redo","Conserve Battery"],"picked":"Streamline","floor":4},{"not_picked":["Redo","Hello World"],"picked":"Buffer","floor":5},{"not_picked":["Aggregate","Scrape"],"picked":"Sunder","floor":6},{"not_picked":["Capacitor","Redo"],"picked":"Ball Lightning","floor":8},{"not_picked":["Compile Driver","Leap"],"picked":"Ball Lightning","floor":11},{"not_picked":["Coolheaded","Double Energy"],"picked":"Sweeping Beam","floor":13},{"not_picked":["Leap","Turbo"],"picked":"Self Repair","floor":14},{"not_picked":["Amplify","Seek"],"picked":"Machine Learning","floor":16},{"not_picked":["Barrage","Gash+1"],"picked":"Leap","floor":18},{"not_picked":["Coolheaded","Gash+1"],"picked":"Conserve Battery","floor":20},{"not_picked":["Coolheaded+1","Heatsinks"],"picked":"Auto Shields","floor":22},{"not_picked":["Fission","Double Energy"],"picked":"Reprogram","floor":24},{"not_picked":["Beam Cell+1","Hologram","Streamline+1"],"picked":"SKIP","floor":30},{"not_picked":["Rebound+1","Darkness+1"],"picked":"FTL+1","floor":31},{"not_picked":["Thunder Strike+1","Rainbow"],"picked":"Echo Form+1","floor":33},{"not_picked":["Sweeping Beam+1","Coolheaded"],"picked":"Melter+1","floor":35},{"not_picked":["Blizzard+1","Fusion"],"picked":"Barrage+1","floor":38},{"not_picked":["Darkness+1","Go for the Eyes+1"],"picked":"Thunder Strike+1","floor":39},{"not_picked":["Gash+1","Storm+1"],"picked":"Defragment+1","floor":41},{"not_picked":["Deep Breath","Finesse"],"picked":"Chrysalis","floor":44},{"not_picked":["Doom and Gloom+1","Hello World+1","Sweeping Beam+1"],"picked":"SKIP","floor":45},{"not_picked":["Hologram","Streamline+1","Steam"],"picked":"Singing Bowl","floor":47}],"player_experience":329218,"relics_obtained":[{"floor":6,"key":"Pear"},{"floor":8,"key":"Pen Nib"},{"floor":9,"key":"Cables"},{"floor":14,"key":"Regal Pillow"},{"floor":24,"key":"Lantern"},{"floor":26,"key":"Molten Egg 2"},{"floor":30,"key":"Frozen Egg 2"},{"floor":41,"key":"Blood Vial"},{"floor":42,"key":"Boot"},{"floor":43,"key":"Centennial Puzzle"},{"floor":46,"key":"Singing Bowl"},{"floor":47,"key":"Torii"}],"event_choices":[{"cards_removed":["Defend_B"],"damage_healed":0,"gold_gain":0,"player_choice":"Card Removal","damage_taken":7,"max_hp_gain":0,"max_hp_loss":0,"event_name":"Golden Wing","floor":2,"gold_loss":0},{"cards_removed":["Strike_B"],"damage_healed":0,"gold_gain":0,"player_choice":"Purged","damage_taken":0,"max_hp_gain":0,"max_hp_loss":0,"event_name":"Purifier","floor":3,"gold_loss":0},{"damage_healed":0,"gold_gain":0,"player_choice":"Fled","damage_taken":3,"max_hp_gain":0,"max_hp_loss":0,"event_name":"Scrap Ooze","floor":12,"gold_loss":0},{"damage_healed":0,"gold_gain":0,"player_choice":"Obtained Relic","damage_taken":0,"relics_obtained":["Turnip"],"max_hp_gain":0,"max_hp_loss":0,"event_name":"Addict","floor":19,"gold_loss":85},{"cards_removed":["Strike_B"],"damage_healed":0,"gold_gain":0,"player_choice":"Gave Gold","damage_taken":0,"max_hp_gain":0,"max_hp_loss":0,"event_name":"Beggar","floor":27,"gold_loss":75},{"damage_healed":0,"gold_gain":0,"player_choice":"Became a Ghost","damage_taken":0,"max_hp_gain":0,"max_hp_loss":43,"event_name":"Ghosts","floor":29,"gold_loss":0,"cards_obtained":["Ghostly","Ghostly","Ghostly","Ghostly","Ghostly"]},{"cards_removed":["Hologram"],"damage_healed":0,"gold_gain":0,"player_choice":"Removed Skill","damage_taken":0,"max_hp_gain":0,"max_hp_loss":0,"event_name":"Falling","floor":37,"gold_loss":0},{"damage_healed":0,"gold_gain":0,"player_choice":"Memory 1","damage_taken":0,"max_hp_gain":0,"max_hp_loss":0,"event_name":"SensoryStone","floor":44,"gold_loss":0}],"is_beta":false,"boss_relics":[{"not_picked":["Astrolabe","Busted Crown"],"picked":"Philosopher\u0027s Stone"},{"not_picked":["Cursed Key","Black Star"],"picked":"Inserter"}],"items_purged_floors":[21,36,48],"is_endless":false,"potions_floor_spawned":[6,8,11,18,20,38,41,47],"ascension_level":3}