{"gold_per_floor":[112,122,136,136,156,156,167,186,186,186,211,131,131,151,151,247,247,259,259,259,259,270,298,308,308,308,308,323,337,337,350,350,449,499,513,528,453,453,470,470,487,505,505,505,605,605,636,636],"floor_reached":48,"playtime":2074,"items_purged":["Decay"],"score":509,"play_id":"f9a47138-9e98-442e-bc5e-7832018b90ba","local_time":"20190829173514","is_ascension_mode":false,"campfire_choices":[{"data":"Spot Weakness","floor":6,"key":"SMITH"},{"data":"Flame Barrier","floor":10,"key":"SMITH"},{"data":"Limit Break","floor":13,"key":"SMITH"},{"data":"Heavy Blade","floor":15,"key":"SMITH"},{"floor":25,"key":"REST"},{"floor":27,"key":"REST"},{"data":"Demon Form","floor":32,"key":"SMITH"},{"data":"Metallicize","floor":40,"key":"SMITH"},{"floor":46,"key":"REST"}],"neow_cost":"NONE","seed_source_timestamp":627241665345506,"circlet_count":0,"master_deck":["Strike_R","Strike_R","Strike_R","Strike_R","Defend_R","Defend_R","Defend_R","Bash+1","Uppercut+1","Spot Weakness+1","Limit Break+1","Flame Barrier+1","Metallicize+1","Fire Breathing","Heavy Blade+1","Demon Form+1","Shrug It Off+1","Defend_B","Spot Weakness","Metallicize","Metallicize","Injury","Bandage Up"],"relics":["Burning Blood","Kunai","Mummified Hand","Odd Mushroom","Cursed Key","MutagenicStrength","Gremlin Horn","Letter Opener","Calipers","Vajra","Tiny House","Dodecahedron","Girya","Mercury Hourglass"],"potions_floor_usage":[7,14,16,22,33,39,42,47,47],"damage_taken":[{"damage":5,"enemies":"Cultist","floor":1,"turns":4},{"damage":8,"enemies":"Jaw Worm","floor":2,"turns":4},{"damage":5,"enemies":"Small Slimes","floor":3,"turns":3},{"damage":9,"enemies":"Blue Slaver","floor":5,"turns":4},{"damage":0,"enemies":"2 Fungi Beasts","floor":7,"turns":2},{"damage":8,"enemies":"3 Louse","floor":8,"turns":3},{"damage":11,"enemies":"Gremlin Nob","floor":11,"turns":5},{"damage":3,"enemies":"The Mushroom Lair","floor":14,"turns":5},{"damage":31,"enemies":"The Guardian","floor":16,"turns":8},{"damage":12,"enemies":"Spheric Guardian","floor":18,"turns":4},{"damage":28,"enemies":"2 Thieves","floor":22,"turns":4},{"damage":43,"enemies":"Slavers","floor":23,"turns":6},{"damage":13,"enemies":"Shelled Parasite and Fungi","floor":24,"turns":4},{"damage":21,"enemies":"Snake Plant","floor":28,"turns":3},{"damage":5,"enemies":"Centurion and Healer","floor":29,"turns":7},{"damage":1,"enemies":"Snecko","floor":31,"turns":3},{"damage":25,"enemies":"Champ","floor":33,"turns":8},{"damage":17,"enemies":"Orb Walker","floor":35,"turns":2},{"damage":10,"enemies":"3 Shapes","floor":36,"turns":5},{"damage":27,"enemies":"Maw","floor":39,"turns":7},{"damage":0,"enemies":"Sphere and 2 Shapes","floor":41,"turns":6},{"damage":41,"enemies":"4 Shapes","floor":42,"turns":5},{"damage":9,"enemies":"Mind Bloom Boss Battle","floor":45,"turns":7},{"damage":40,"enemies":"Reptomancer","floor":47,"turns":4},{"damage":31,"enemies":"3 Darklings","floor":48,"turns":2}],"seed_played":"6716850929947403497","potions_obtained":[{"floor":2,"key":"Explosive Potion"},{"floor":8,"key":"Block Potion"},{"floor":11,"key":"Weak Potion"},{"floor":14,"key":"Swift Potion"},{"floor":18,"key":"Regen Potion"},{"floor":23,"key":"Swift Potion"},{"floor":24,"key":"Ancient Potion"},{"floor":34,"key":"Regen Potion"},{"floor":35,"key":"PowerPotion"},{"floor":39,"key":"Block Potion"},{"floor":41,"key":"FearPotion"},{"floor":47,"key":"Swift Potion"}],"is_trial":false,"path_per_floor":["M","M","M","?","M","R","M","M","T","R","E","$","R","?","R","B",null,"M","?","?","?","M","E","M","R","T","R","M","M","?","M","R","B",null,"M","M","$","?","M","R","M","M","T","?","?","R","E","M"],"character_chosen":"IRONCLAD","items_purchased":["Fire Breathing"],"campfire_rested":3,"item_purchase_floors":[12],"current_hp_per_floor":[80,78,79,79,76,76,80,78,78,78,73,73,73,76,76,51,80,74,74,74,74,64,27,20,44,44,68,53,54,54,59,59,40,85,74,70,70,70,61,61,67,32,32,32,33,58,28,0],"gold":636,"neow_bonus":"REMOVE_CARD","is_prod":false,"is_daily":false,"chose_seed":false,"campfire_upgraded":6,"win_rate":0,"timestamp":1567114514,"path_taken":["M","?","M","?","M","R","M","M","T","R","E","$","R","?","R","BOSS","M","?","?","?","M","E","M","R","T","R","M","?","?","?","R","BOSS","M","M","$","?","?","R","M","M","T","?","?","R","E","M"],"build_version":"2019-07-17","purchased_purges":1,"victory":false,"max_hp_per_floor":[80,80,80,80,80,80,80,80,80,80,80,80,80,80,80,80,80,80,80,80,80,80,80,80,80,80,80,80,80,80,80,80,80,85,85,85,85,85,85,85,85,85,85,85,85,85,85,85],"card_choices":[{"not_picked":["Anger","Perfected Strike","Iron Wave"],"picked":"SKIP","floor":1},{"not_picked":["Havoc","Twin Strike"],"picked":"Uppercut","floor":2},{"not_picked":["Uppercut","Twin Strike","Shockwave"],"picked":"SKIP","floor":3},{"not_picked":["Sword Boomerang","Twin Strike"],"picked":"Spot Weakness","floor":5},{"not_picked":["Heavy Blade","Shrug It Off"],"picked":"Limit Break","floor":7},{"not_picked":["Anger","Headbutt"],"picked":"Flame Barrier","floor":8},{"not_picked":["Whirlwind","Burning Pact"],"picked":"Metallicize","floor":11},{"not_picked":["Shrug It Off","Seeing Red"],"picked":"Heavy Blade","floor":14},{"not_picked":["Impervious","Juggernaut"],"picked":"Demon Form","floor":16},{"not_picked":["Perfected Strike","Disarm"],"picked":"Shrug It Off+1","floor":18},{"not_picked":["Sword Boomerang","Anger"],"picked":"Spot Weakness","floor":22},{"not_picked":["Rage","Inflame","Pommel Strike"],"picked":"SKIP","floor":23},{"not_picked":["Entrench","Clash","Feel No Pain"],"picked":"SKIP","floor":24},{"not_picked":["Shrug It Off+1","Uppercut","Entrench"],"picked":"SKIP","floor":28},{"not_picked":["Iron Wave","Dropkick","Clothesline"],"picked":"SKIP","floor":29},{"not_picked":["Intimidate","Body Slam","Armaments"],"picked":"SKIP","floor":31},{"not_picked":["Warcry+1","Headbutt+1","Havoc"],"picked":"SKIP","floor":35},{"not_picked":["Sword Boomerang+1","Heavy Blade+1","Anger+1"],"picked":"SKIP","floor":36},{"not_picked":["Iron Wave","Armaments+1","Sword Boomerang+1"],"picked":"SKIP","floor":39},{"not_picked":["Anger+1","Cleave+1","Perfected Strike+1"],"picked":"SKIP","floor":41},{"not_picked":["Anger+1","Cleave+1","Perfected Strike+1"],"picked":"SKIP","floor":41},{"not_picked":["Carnage+1","Warcry"],"picked":"Metallicize","floor":42},{"not_picked":["Deep Breath","Discovery"],"picked":"Bandage Up","floor":44},{"not_picked":["Demon Form","Carnage","Berserk"],"picked":"SKIP","floor":47}],"player_experience":173934,"relics_obtained":[{"floor":9,"key":"Kunai"},{"floor":11,"key":"Mummified Hand"},{"floor":14,"key":"Odd Mushroom"},{"floor":23,"key":"Letter Opener"},{"floor":26,"key":"Calipers"},{"floor":43,"key":"Dodecahedron"},{"floor":45,"key":"Girya"},{"floor":47,"key":"Mercury Hourglass"}],"event_choices":[{"damage_healed":0,"gold_gain":0,"player_choice":"Grow","damage_taken":0,"max_hp_gain":0,"max_hp_loss":0,"event_name":"Living Wall","floor":4,"gold_loss":0,"cards_upgraded":["Uppercut"]},{"damage_healed":0,"gold_gain":0,"player_choice":"Fought Mushrooms","damage_taken":0,"max_hp_gain":0,"max_hp_loss":0,"event_name":"Mushrooms","floor":14,"gold_loss":0},{"damage_healed":0,"gold_gain":0,"player_choice":"Inject Mutagens","damage_taken":0,"relics_obtained":["MutagenicStrength"],"max_hp_gain":0,"max_hp_loss":0,"event_name":"Drug Dealer","floor":19,"gold_loss":0},{"damage_healed":0,"gold_gain":0,"player_choice":"Opened","damage_taken":0,"relics_obtained":["Gremlin Horn"],"max_hp_gain":0,"max_hp_loss":0,"event_name":"The Mausoleum","floor":20,"gold_loss":0},{"cards_removed":["Defend_R"],"damage_healed":0,"gold_gain":0,"player_choice":"Took Card","damage_taken":0,"max_hp_gain":0,"max_hp_loss":0,"event_name":"NoteForYourself","floor":21,"gold_loss":0,"cards_obtained":["Defend_B"]},{"damage_healed":0,"gold_gain":0,"player_choice":"Gave Potion","damage_taken":0,"relics_obtained":["Vajra"],"max_hp_gain":0,"max_hp_loss":0,"event_name":"WeMeetAgain","floor":30,"gold_loss":0},{"damage_healed":0,"gold_gain":0,"player_choice":"Copied","damage_taken":0,"max_hp_gain":0,"max_hp_loss":0,"event_name":"Duplicator","floor":38,"gold_loss":0,"cards_obtained":["Metallicize"]},{"damage_healed":0,"gold_gain":0,"player_choice":"Memory 1","damage_taken":0,"max_hp_gain":0,"max_hp_loss":0,"event_name":"SensoryStone","floor":44,"gold_loss":0},{"damage_healed":0,"gold_gain":0,"player_choice":"Fight","damage_taken":0,"max_hp_gain":0,"max_hp_loss":0,"event_name":"MindBloom","floor":45,"gold_loss":0}],"is_beta":false,"boss_relics":[{"not_picked":["White Beast Statue","Philosopher\u0027s Stone"],"picked":"Cursed Key"},{"not_picked":["Calling Bell","Orrery"],"picked":"Tiny House"}],"items_purged_floors":[37],"is_endless":false,"potions_floor_spawned":[2,8,11,14,18,23,24,28,35,39,41,47],"killed_by":"3 Darklings","ascension_level":0}