{"gold_per_floor":[19,19,19,34,34,34,34,45,100,113,38,75,75,86,86,186,186,202,202,202,222,222,222,238,238],"floor_reached":25,"playtime":12717,"items_purged":["Strike_B"],"score":309,"play_id":"196bfdbc-a0d3-47d9-a452-c7b7f6130da6","local_time":"20190825214850","is_ascension_mode":true,"campfire_choices":[{"data":"Zap","floor":6,"key":"SMITH"},{"floor":13,"key":"REST"},{"floor":15,"key":"REST"},{"floor":23,"key":"REST"}],"neow_cost":"NO_GOLD","seed_source_timestamp":1010506850143300,"circlet_count":0,"master_deck":["AscendersBane","Strike_B","Strike_B","Defend_B","Defend_B","Defend_B","Defend_B","Zap+1","Magnetism","Blind","Capacitor","Defragment","Defragment","Electrodynamics","Necronomicurse"],"relics":["Cracked Core","Bronze Scales","Eternal Feather","Kunai","Necronomicon"],"potions_floor_usage":[],"damage_taken":[{"damage":0,"enemies":"Cultist","floor":1,"turns":4},{"damage":3,"enemies":"Jaw Worm","floor":4,"turns":5},{"damage":6,"enemies":"Small Slimes","floor":8,"turns":5},{"damage":9,"enemies":"Blue Slaver","floor":10,"turns":4},{"damage":14,"enemies":"Red Slaver","floor":12,"turns":5},{"damage":13,"enemies":"2 Fungi Beasts","floor":14,"turns":4},{"damage":19,"enemies":"The Guardian","floor":16,"turns":11},{"damage":25,"enemies":"Spheric Guardian","floor":18,"turns":4},{"damage":28,"enemies":"Shell Parasite","floor":21,"turns":8},{"damage":28,"enemies":"Snecko","floor":24,"turns":6},{"damage":19,"enemies":"Book of Stabbing","floor":25,"turns":1}],"seed_played":"6698376939332027113","potions_obtained":[{"floor":10,"key":"Swift Potion"},{"floor":12,"key":"AttackPotion"},{"floor":14,"key":"Weak Potion"},{"floor":18,"key":"Block Potion"}],"is_trial":false,"path_per_floor":["M","$","?","M","$","R","?","M","T","M","$","M","R","M","R","B",null,"M","T","?","M","?","R","M","E"],"character_chosen":"DEFECT","items_purchased":[],"campfire_rested":3,"item_purchase_floors":[],"current_hp_per_floor":[68,68,68,65,65,65,70,64,64,55,55,41,65,52,76,57,74,49,49,33,5,5,38,10,0],"gold":238,"neow_bonus":"RANDOM_COLORLESS_2","is_prod":false,"is_daily":false,"chose_seed":false,"campfire_upgraded":1,"win_rate":0,"timestamp":1566787730,"path_taken":["M","?","?","M","$","R","?","M","T","M","?","M","R","M","R","BOSS","M","?","?","M","?","R","M","E"],"build_version":"2019-07-17","purchased_purges":1,"victory":false,"max_hp_per_floor":[75,75,75,75,75,75,80,80,80,80,80,80,80,80,80,80,80,80,80,80,80,80,80,80,80],"card_choices":[{"not_picked":["Leap","Steam Power"],"picked":"Capacitor","floor":1},{"not_picked":["Ball Lightning","Beam Cell"],"picked":"Defragment","floor":4},{"not_picked":["Turbo","Stack","Redo"],"picked":"SKIP","floor":8},{"not_picked":["Steam","Rebound","Steam Power"],"picked":"SKIP","floor":10},{"not_picked":["Streamline","Barrage","Hello World"],"picked":"SKIP","floor":12},{"not_picked":["Stack","Steam"],"picked":"Defragment","floor":14},{"not_picked":["Machine Learning","Amplify"],"picked":"Electrodynamics","floor":16},{"not_picked":["Hello World","Barrage","Steam Power+1"],"picked":"SKIP","floor":18},{"not_picked":["Go for the Eyes","Consume","Sunder"],"picked":"SKIP","floor":21},{"not_picked":["Force Field","Sweeping Beam","Double Energy"],"picked":"SKIP","floor":24}],"player_experience":2901865,"relics_obtained":[{"floor":9,"key":"Bronze Scales"},{"floor":19,"key":"Kunai"},{"floor":20,"key":"Necronomicon"}],"event_choices":[{"cards_removed":["Dualcast"],"damage_healed":0,"gold_gain":0,"player_choice":"Forget","damage_taken":0,"max_hp_gain":0,"max_hp_loss":0,"event_name":"Living Wall","floor":3,"gold_loss":0},{"damage_healed":0,"gold_gain":0,"player_choice":"Donut","damage_taken":0,"max_hp_gain":5,"max_hp_loss":0,"event_name":"Big Fish","floor":7,"gold_loss":0},{"damage_healed":0,"gold_gain":0,"player_choice":"Obtained Book","damage_taken":16,"max_hp_gain":0,"max_hp_loss":0,"event_name":"Cursed Tome","floor":20,"gold_loss":0},{"cards_removed":["Strike_B"],"damage_healed":0,"gold_gain":0,"player_choice":"Elegance","damage_taken":0,"max_hp_gain":0,"max_hp_loss":0,"event_name":"Back to Basics","floor":22,"gold_loss":0}],"is_beta":false,"boss_relics":[{"not_picked":["White Beast Statue","FrozenCore"],"picked":"Eternal Feather"}],"items_purged_floors":[11],"is_endless":false,"potions_floor_spawned":[10,12,14,18],"killed_by":"Book of Stabbing","ascension_level":12}