{"gold_per_floor":[117,128,47,47,58,58,73,103,103,119,119,84,84,94,94,195,195,208,221,221,221,247,247,257,257,257,274,274,199,29,29,29,127,127,142,142,142,35,45,45,63,63,63,63,75,75,85,104,104,104],"floor_reached":50,"playtime":2393,"items_purged":["Pain","Doubt"],"score":482,"play_id":"c0f02fff-009b-40f4-b034-de8eaa363a8c","local_time":"20190830214932","is_ascension_mode":false,"campfire_choices":[{"data":"Blade Dance","floor":6,"key":"SMITH"},{"data":"Caltrops","floor":11,"key":"SMITH"},{"data":"Dagger Spray","floor":13,"key":"SMITH"},{"data":"Venomology","floor":15,"key":"SMITH"},{"data":"RitualDagger","floor":23,"key":"SMITH"},{"floor":25,"key":"REST"},{"floor":28,"key":"REST"},{"data":"1","floor":32,"key":"LIFT"},{"data":"2","floor":40,"key":"LIFT"},{"data":"3","floor":42,"key":"LIFT"},{"floor":44,"key":"REST"},{"data":"Accuracy","floor":46,"key":"SMITH"},{"floor":49,"key":"REST"}],"neow_cost":"NONE","seed_source_timestamp":728585221560069,"circlet_count":0,"master_deck":["Strike_G","Strike_G","Strike_G","Strike_G","Strike_G","Defend_G","Defend_G","Defend_G","Defend_G","Survivor","Neutralize","Impatience","Blade Dance+1","Leg Sweep","Caltrops+1","Venomology+1","Dagger Spray+1","Envenom","Prepared","RitualDagger+1","Dash","Accuracy+1","Caltrops","Writhe","Bullet Time","Infinite Blades","Terror","Choke+1","Footwork+1","Distraction+1"],"relics":["Ring of the Snake","Darkstone Periapt","Vajra","Calling Bell","Bronze Scales","Pear","Girya","Red Mask","WingedGreaves","Philosopher\u0027s Stone","Molten Egg 2"],"potions_floor_usage":[7,10,16,16,16,18,19,22,22,22,22,24,27,33,33,33,33,33,41,41,47,48,50,50,50],"damage_taken":[{"damage":0,"enemies":"2 Louse","floor":1,"turns":4},{"damage":2,"enemies":"Jaw Worm","floor":2,"turns":7},{"damage":0,"enemies":"Small Slimes","floor":5,"turns":4},{"damage":0,"enemies":"3 Louse","floor":7,"turns":4},{"damage":8,"enemies":"Exordium Thugs","floor":10,"turns":4},{"damage":2,"enemies":"Looter","floor":14,"turns":3},{"damage":17,"enemies":"Slime Boss","floor":16,"turns":8},{"damage":7,"enemies":"Chosen","floor":18,"turns":6},{"damage":18,"enemies":"Spheric Guardian","floor":19,"turns":5},{"damage":26,"enemies":"Masked Bandits","floor":22,"turns":3},{"damage":38,"enemies":"Centurion and Healer","floor":24,"turns":11},{"damage":13,"enemies":"Snake Plant","floor":27,"turns":3},{"damage":61,"enemies":"Automaton","floor":33,"turns":11},{"damage":17,"enemies":"Orb Walker","floor":35,"turns":4},{"damage":0,"enemies":"3 Shapes","floor":39,"turns":4},{"damage":29,"enemies":"Writhing Mass","floor":41,"turns":4},{"damage":12,"enemies":"Transient","floor":45,"turns":5},{"damage":27,"enemies":"4 Shapes","floor":47,"turns":6},{"damage":28,"enemies":"3 Darklings","floor":48,"turns":5},{"damage":81,"enemies":"Donu and Deca","floor":50,"turns":5}],"seed_played":"-3944903119894194113","potions_obtained":[{"floor":1,"key":"Fire Potion"},{"floor":2,"key":"EssenceOfSteel"},{"floor":10,"key":"Fire Potion"},{"floor":16,"key":"LiquidBronze"},{"floor":18,"key":"Dexterity Potion"},{"floor":19,"key":"SteroidPotion"},{"floor":27,"key":"EntropicBrew"},{"floor":45,"key":"Dexterity Potion"},{"floor":47,"key":"Regen Potion"},{"floor":48,"key":"SteroidPotion"}],"is_trial":false,"path_per_floor":["M","M","$","?","M","R","M","?","T","M","R","?","R","M","R","B",null,"M","M","?","?","?","R","M","R","T","M","R","$","$","?","R","B",null,"M","?","?","$","M","R","M","R","T","R","M","R","M","M","R","B"],"character_chosen":"THE_SILENT","items_purchased":["Caltrops","Caltrops","Infinite Blades","Terror"],"campfire_rested":4,"item_purchase_floors":[3,30,38,38],"current_hp_per_floor":[70,68,68,68,68,68,68,68,68,60,60,60,60,58,58,41,98,91,73,67,67,53,53,15,44,44,31,60,60,60,66,66,5,104,87,87,87,87,87,87,58,58,58,89,77,77,50,22,53,0],"gold":104,"neow_bonus":"RANDOM_COLORLESS","is_prod":false,"is_daily":false,"chose_seed":false,"campfire_upgraded":6,"win_rate":0,"timestamp":1567216172,"path_taken":["M","M","$","?","M","R","M","?","T","M","R","?","R","M","R","BOSS","M","M","?","?","?","R","?","R","T","M","R","$","$","?","R","BOSS","M","?","?","$","M","R","M","R","T","R","M","R","M","M","R","BOSS"],"build_version":"2019-07-17","purchased_purges":2,"victory":false,"max_hp_per_floor":[70,70,70,70,70,70,70,70,70,70,70,70,70,70,70,70,98,98,98,98,98,98,98,98,98,98,98,98,98,98,104,104,104,104,104,104,104,104,104,104,104,104,104,104,104,104,104,104,104,104],"card_choices":[{"not_picked":["Infinite Blades","Outmaneuver"],"picked":"Blade Dance","floor":1},{"not_picked":["Acrobatics","Sucker Punch"],"picked":"Leg Sweep","floor":2},{"not_picked":["Skewer","Dagger Throw"],"picked":"Venomology","floor":5},{"not_picked":["Bane","Acrobatics","Eviscerate"],"picked":"SKIP","floor":7},{"not_picked":["Catalyst","Deadly Poison"],"picked":"Dagger Spray","floor":10},{"not_picked":["Underhanded Strike","Catalyst","Acrobatics"],"picked":"SKIP","floor":14},{"not_picked":["Venomology","Malaise"],"picked":"Envenom","floor":16},{"not_picked":["Flying Knee","Reflex"],"picked":"Prepared","floor":18},{"not_picked":["Prepared","Sucker Punch","Dagger Throw"],"picked":"SKIP","floor":19},{"not_picked":["Masterful Stab+1","Quick Slash+1"],"picked":"Dash","floor":24},{"not_picked":["Flying Knee+1","Sucker Punch"],"picked":"Accuracy","floor":27},{"not_picked":["Malaise","Unload"],"picked":"Bullet Time","floor":33},{"not_picked":["Reflex","Dagger Throw+1","Poisoned Stab"],"picked":"SKIP","floor":35},{"not_picked":["Backflip","Flying Knee"],"picked":"Choke+1","floor":39},{"not_picked":["Backflip+1","Deadly Poison+1"],"picked":"Footwork+1","floor":41},{"not_picked":["Flying Knee+1","Dodge and Roll","Bouncing Flask"],"picked":"SKIP","floor":45},{"not_picked":["Phantasmal Killer","Concentrate","Leg Sweep"],"picked":"SKIP","floor":47},{"not_picked":["Noxious Fumes","Quick Slash+1"],"picked":"Distraction+1","floor":48}],"player_experience":189100,"relics_obtained":[{"floor":9,"key":"Vajra"},{"floor":17,"key":"Bronze Scales"},{"floor":17,"key":"Pear"},{"floor":17,"key":"Girya"},{"floor":22,"key":"Red Mask"},{"floor":26,"key":"WingedGreaves"},{"floor":43,"key":"Molten Egg 2"}],"event_choices":[{"cards_removed":["Defend_G"],"damage_healed":0,"gold_gain":0,"player_choice":"Forget","damage_taken":0,"max_hp_gain":0,"max_hp_loss":0,"event_name":"Living Wall","floor":4,"gold_loss":0},{"damage_healed":0,"gold_gain":30,"player_choice":"Searched \u00272\u0027 times","damage_taken":0,"relics_obtained":["Darkstone Periapt"],"max_hp_gain":0,"max_hp_loss":0,"event_name":"Dead Adventurer","floor":8,"gold_loss":0},{"damage_healed":0,"gold_gain":0,"player_choice":"Left Gold","damage_taken":0,"max_hp_gain":0,"max_hp_loss":0,"event_name":"World of Goop","floor":12,"gold_loss":35},{"damage_healed":0,"gold_gain":0,"player_choice":"Joined the Cult","damage_taken":6,"max_hp_gain":0,"max_hp_loss":0,"event_name":"Nest","floor":20,"gold_loss":0,"cards_obtained":["RitualDagger"]},{"damage_healed":0,"gold_gain":0,"player_choice":"Ignored","damage_taken":0,"max_hp_gain":0,"max_hp_loss":0,"event_name":"Ghosts","floor":21,"gold_loss":0},{"damage_healed":0,"gold_gain":0,"player_choice":"Fought Bandits","damage_taken":0,"max_hp_gain":0,"max_hp_loss":0,"event_name":"Masked Bandits","floor":22,"gold_loss":0},{"damage_healed":0,"gold_gain":0,"cards_transformed":["Doubt"],"player_choice":"Transformed","damage_taken":0,"max_hp_gain":0,"max_hp_loss":0,"event_name":"Transmorgrifier","floor":31,"gold_loss":0,"cards_obtained":["Writhe"]},{"damage_healed":0,"gold_gain":0,"player_choice":"Ignored","damage_taken":0,"max_hp_gain":0,"max_hp_loss":0,"event_name":"Mysterious Sphere","floor":36,"gold_loss":0},{"damage_healed":0,"gold_gain":0,"player_choice":"Memory 1","damage_taken":0,"max_hp_gain":0,"max_hp_loss":0,"event_name":"SensoryStone","floor":37,"gold_loss":0}],"is_beta":false,"boss_relics":[{"not_picked":["Empty Cage","Astrolabe"],"picked":"Calling Bell"},{"not_picked":["Coffee Dripper","Velvet Choker"],"picked":"Philosopher\u0027s Stone"}],"items_purged_floors":[29,30],"is_endless":false,"potions_floor_spawned":[1,2,10,16,18,19,27,45,47,48],"killed_by":"Donu and Deca","ascension_level":0}