{"gold_per_floor":[109,125,125,125,50,94,107,107],"floor_reached":8,"playtime":247,"items_purged":["Strike_R"],"score":122,"play_id":"114596a2-a30a-46f9-ad25-bdaa4d4346fe","local_time":"20190716123448","is_ascension_mode":true,"campfire_choices":[],"neow_cost":"NONE","seed_source_timestamp":389789176862378,"circlet_count":0,"master_deck":["AscendersBane","Strike_R","Strike_R","Strike_R","Strike_R","Defend_R","Defend_R","Defend_R","Defend_R","Bash+1","Shrug It Off","Shrug It Off+1"],"relics":["Burning Blood","NeowsBlessing","Golden Idol","Shuriken"],"potions_floor_usage":[],"damage_taken":[{"damage":0,"enemies":"Cultist","floor":1,"turns":1},{"damage":0,"enemies":"Small Slimes","floor":2,"turns":1},{"damage":0,"enemies":"Lagavulin","floor":6,"turns":1},{"damage":1,"enemies":"2 Louse","floor":7,"turns":3},{"damage":56,"enemies":"Exordium Wildlife","floor":8,"turns":10}],"seed_played":"-2691425287777614764","potions_obtained":[{"floor":1,"key":"Dexterity Potion"},{"floor":2,"key":"PowerPotion"}],"is_trial":false,"path_per_floor":["M","M","?","?","$","E","M","M"],"character_chosen":"IRONCLAD","items_purchased":[],"campfire_rested":0,"item_purchase_floors":[],"current_hp_per_floor":[78,80,64,44,44,50,55,0],"gold":107,"neow_bonus":"THREE_ENEMY_KILL","is_prod":false,"is_daily":false,"chose_seed":false,"campfire_upgraded":0,"win_rate":0,"timestamp":1563298488,"path_taken":["M","?","?","?","$","E","M","M"],"build_version":"2019-07-05","purchased_purges":1,"victory":false,"max_hp_per_floor":[80,80,80,80,80,80,80,80],"card_choices":[{"not_picked":["Disarm","Twin Strike"],"picked":"Shrug It Off","floor":1},{"not_picked":["Pummel","Rupture"],"picked":"Shrug It Off","floor":2},{"not_picked":["Clash","Brutality","Sever Soul"],"picked":"SKIP","floor":6},{"not_picked":["Havoc","Clothesline","Sentinel"],"picked":"SKIP","floor":7}],"player_experience":2350850,"relics_obtained":[{"floor":6,"key":"Shuriken"}],"event_choices":[{"damage_healed":0,"gold_gain":0,"player_choice":"Entered Light","damage_taken":16,"max_hp_gain":0,"max_hp_loss":0,"event_name":"Shining Light","floor":3,"gold_loss":0,"cards_upgraded":["Shrug It Off","Bash"]},{"damage_healed":0,"gold_gain":0,"player_choice":"Take Damage","damage_taken":20,"relics_obtained":["Golden Idol"],"max_hp_gain":0,"max_hp_loss":0,"event_name":"Golden Idol","floor":4,"gold_loss":0}],"is_beta":false,"boss_relics":[],"items_purged_floors":[5],"is_endless":false,"potions_floor_spawned":[1,2],"killed_by":"Exordium Wildlife","ascension_level":10}