{"gold_per_floor":[219,219,233,252,266,266,300,300,300,300,316,316,316,326,326,429,429,447,414,414],"floor_reached":20,"playtime":889,"items_purged":[],"score":246,"play_id":"7789ad5e-76f9-4280-a4d1-1eedd96cd06f","local_time":"20190522181813","is_ascension_mode":true,"campfire_choices":[{"floor":6,"key":"REST"},{"floor":8,"key":"REST"},{"floor":15,"key":"REST"}],"neow_cost":"NONE","seed_source_timestamp":500202176099212,"circlet_count":0,"master_deck":["Strike_B","Strike_B","Strike_B","Strike_B","Defend_B","Defend_B","Defend_B","Defend_B","Zap","Conserve Battery","FTL","Heatsinks","Self Repair","Core Surge","Conserve Battery"],"relics":["Cracked Core","Bird Faced Urn","StoneCalendar","Prayer Wheel","Cursed Key"],"potions_floor_usage":[11,16,16,16],"damage_taken":[{"damage":0,"enemies":"Cultist","floor":1,"turns":4},{"damage":2,"enemies":"Jaw Worm","floor":3,"turns":5},{"damage":7,"enemies":"Small Slimes","floor":4,"turns":5},{"damage":6,"enemies":"Looter","floor":5,"turns":3},{"damage":35,"enemies":"Gremlin Nob","floor":7,"turns":4},{"damage":15,"enemies":"Lots of Slimes","floor":11,"turns":4},{"damage":17,"enemies":"Red Slaver","floor":14,"turns":5},{"damage":24,"enemies":"Slime Boss","floor":16,"turns":8},{"damage":10,"enemies":"Chosen","floor":18,"turns":5},{"damage":35,"enemies":"2 Thieves","floor":19,"turns":5},{"damage":65,"enemies":"3 Cultists","floor":20,"turns":5}],"seed_played":"-2282857054772709854","potions_obtained":[{"floor":2,"key":"SneckoOil"},{"floor":2,"key":"GamblersBrew"},{"floor":2,"key":"Dexterity Potion"},{"floor":3,"key":"Ancient Potion"},{"floor":4,"key":"LiquidBronze"},{"floor":11,"key":"Strength Potion"},{"floor":18,"key":"SkillPotion"}],"is_trial":false,"path_per_floor":["M","?","M","M","M","R","E","R","T","?","M","?","?","M","R","B",null,"M","M","M"],"character_chosen":"DEFECT","items_purchased":[],"campfire_rested":3,"item_purchase_floors":[],"current_hp_per_floor":[68,68,66,59,53,75,40,62,62,59,46,39,39,33,55,42,67,68,44,0],"gold":414,"neow_bonus":"HUNDRED_GOLD","is_prod":false,"is_daily":false,"chose_seed":false,"campfire_upgraded":0,"win_rate":0,"timestamp":1558567093,"path_taken":["M","?","?","M","M","R","E","R","T","?","M","?","?","M","R","BOSS","M","?","M"],"build_version":"2019-01-23","purchased_purges":0,"victory":false,"max_hp_per_floor":[75,75,75,75,75,75,75,75,75,75,75,75,75,75,75,75,75,75,75,75],"card_choices":[{"not_picked":["Stack","Chaos"],"picked":"Conserve Battery","floor":1},{"not_picked":["Steam","Meteor Strike","Compile Driver"],"picked":"SKIP","floor":3},{"not_picked":["Go for the Eyes","Gash"],"picked":"FTL","floor":4},{"not_picked":["Ball Lightning","Barrage","Rebound"],"picked":"SKIP","floor":5},{"not_picked":["Streamline","Consume"],"picked":"Heatsinks","floor":7},{"not_picked":["Aggregate","BootSequence"],"picked":"Self Repair","floor":11},{"not_picked":["Recycle","Gash","Sweeping Beam"],"picked":"SKIP","floor":11},{"not_picked":["Turbo","Beam Cell","Ball Lightning"],"picked":"SKIP","floor":14},{"not_picked":["Ball Lightning","Hologram","Gash"],"picked":"SKIP","floor":14},{"not_picked":["Fission","Biased Cognition"],"picked":"Core Surge","floor":16},{"not_picked":["Beam Cell","Redo"],"picked":"Conserve Battery","floor":18},{"not_picked":["Streamline+1","Beam Cell","Turbo"],"picked":"SKIP","floor":18},{"not_picked":["Go for the Eyes","Steam","Rebound"],"picked":"SKIP","floor":19},{"not_picked":["Leap","Coolheaded","Consume"],"picked":"SKIP","floor":19}],"player_experience":1924155,"relics_obtained":[{"floor":7,"key":"Bird Faced Urn"},{"floor":9,"key":"StoneCalendar"}],"event_choices":[{"damage_healed":0,"gold_gain":0,"player_choice":"Got Potions","damage_taken":0,"max_hp_gain":0,"max_hp_loss":0,"event_name":"Lab","floor":2,"gold_loss":0},{"damage_healed":0,"gold_gain":0,"player_choice":"Success","damage_taken":3,"relics_obtained":["Prayer Wheel"],"max_hp_gain":0,"max_hp_loss":0,"event_name":"Scrap Ooze","floor":10,"gold_loss":0},{"cards_removed":["Dualcast"],"damage_healed":0,"gold_gain":0,"player_choice":"Card Removal","damage_taken":7,"max_hp_gain":0,"max_hp_loss":0,"event_name":"Golden Wing","floor":12,"gold_loss":0},{"damage_healed":0,"gold_gain":0,"player_choice":"Bought 0 Potions","damage_taken":0,"max_hp_gain":0,"max_hp_loss":0,"event_name":"The Woman in Blue","floor":13,"gold_loss":0}],"is_beta":false,"boss_relics":[{"not_picked":["Eternal Feather","Ectoplasm"],"picked":"Cursed Key"}],"items_purged_floors":[],"is_endless":false,"potions_floor_spawned":[3,4,11,14,18],"killed_by":"3 Cultists","ascension_level":8}