{"gold_per_floor":[112,125,75,0,75,75,5,17,17,17,17,36,36,56,56,153,153,165,165,165,176,192,192,16,16,69,93,118,130,17,30,30,127,127,142,156,156,156,172,172,192,192,192,292,292,312,326,0,0,0],"floor_reached":50,"playtime":2229,"items_purged":["Strike_B","Defend_B","Defend_B"],"score":719,"play_id":"6cb06d1c-7d71-4630-9cc4-fe17ae8965be","local_time":"20190830204252","is_ascension_mode":true,"campfire_choices":[{"floor":6,"key":"REST"},{"data":"Zap","floor":10,"key":"SMITH"},{"data":"Buffer","floor":13,"key":"SMITH"},{"data":"Chill","floor":15,"key":"SMITH"},{"data":"Defragment","floor":23,"key":"SMITH"},{"data":"Defragment","floor":29,"key":"SMITH"},{"floor":32,"key":"REST"},{"data":"BootSequence","floor":40,"key":"SMITH"},{"data":"Electrodynamics","floor":42,"key":"SMITH"},{"floor":45,"key":"REST"},{"floor":49,"key":"REST"}],"neow_cost":"NONE","seed_source_timestamp":1449069306222400,"circlet_count":0,"master_deck":["AscendersBane","Defend_B","Defend_B","Zap+1","Buffer+1","BootSequence+1","Chill+1","Self Repair","FTL","Electrodynamics+1","Defragment+1","Gash","Defragment+1","Gash","All For One","Gash","Streamline","Madness","Madness","Gash","Parasite","Streamline+1","Cold Snap"],"relics":["Cracked Core","Bottled Lightning","Letter Opener","Empty Cage","MawBank","White Beast Statue","Sundial","Bird Faced Urn","Red Mask"],"potions_floor_usage":[16,16,33,35,36,44,44,50,50],"damage_taken":[{"damage":0,"enemies":"Small Slimes","floor":1,"turns":4},{"damage":6,"enemies":"2 Louse","floor":2,"turns":4},{"damage":0,"enemies":"Jaw Worm","floor":8,"turns":5},{"damage":0,"enemies":"Red Slaver","floor":12,"turns":4},{"damage":6,"enemies":"Large Slime","floor":14,"turns":6},{"damage":6,"enemies":"The Guardian","floor":16,"turns":13},{"damage":0,"enemies":"Spheric Guardian","floor":18,"turns":5},{"damage":14,"enemies":"3 Byrds","floor":21,"turns":3},{"damage":17,"enemies":"Snake Plant","floor":22,"turns":5},{"damage":0,"enemies":"Snecko","floor":27,"turns":5},{"damage":8,"enemies":"3 Cultists","floor":28,"turns":4},{"damage":28,"enemies":"Snake Plant","floor":31,"turns":4},{"damage":13,"enemies":"Collector","floor":33,"turns":8},{"damage":0,"enemies":"Orb Walker","floor":35,"turns":3},{"damage":0,"enemies":"3 Shapes","floor":36,"turns":3},{"damage":8,"enemies":"Maw","floor":39,"turns":6},{"damage":0,"enemies":"Transient","floor":41,"turns":5},{"damage":43,"enemies":"Mind Bloom Boss Battle","floor":44,"turns":6},{"damage":10,"enemies":"Writhing Mass","floor":46,"turns":5},{"damage":28,"enemies":"Sphere and 2 Shapes","floor":47,"turns":5},{"damage":99,"enemies":"Donu and Deca","floor":50,"turns":6}],"seed_played":"5055932310914813050","potions_obtained":[{"floor":1,"key":"PowerPotion"},{"floor":2,"key":"Regen Potion"},{"floor":14,"key":"Ancient Potion"},{"floor":21,"key":"LiquidBronze"},{"floor":22,"key":"SteroidPotion"},{"floor":33,"key":"Poison Potion"},{"floor":35,"key":"Energy Potion"},{"floor":36,"key":"LiquidBronze"},{"floor":39,"key":"Poison Potion"},{"floor":41,"key":"Regen Potion"},{"floor":44,"key":"FearPotion"},{"floor":46,"key":"Regen Potion"}],"is_trial":false,"path_per_floor":["M","M","?","$","?","R","$","M","T","R","?","M","R","M","R","B",null,"M","?","?","M","M","R","$","$","T","M","M","R","$","M","R","B",null,"M","M","?","?","M","R","M","R","T","?","R","M","M","?","R","B"],"character_chosen":"DEFECT","items_purchased":["Self Repair","Defragment"],"campfire_rested":4,"item_purchase_floors":[7,24],"current_hp_per_floor":[68,62,62,62,51,73,73,75,75,75,75,75,75,75,75,75,75,75,75,75,68,58,58,58,58,58,65,57,57,57,36,58,52,69,69,75,66,66,65,65,72,72,72,41,63,61,48,48,70,0],"gold":0,"neow_bonus":"TRANSFORM_CARD","is_prod":false,"is_daily":false,"chose_seed":false,"campfire_upgraded":7,"win_rate":0,"timestamp":1567215772,"path_taken":["M","M","?","$","?","R","?","?","T","R","?","?","R","M","R","BOSS","M","?","?","M","M","R","?","$","T","M","M","R","$","M","R","BOSS","M","M","?","?","M","R","M","R","T","?","R","M","M","?","R","BOSS"],"build_version":"2019-07-17","purchased_purges":3,"victory":false,"max_hp_per_floor":[75,75,75,75,75,75,75,75,75,75,75,75,75,75,75,75,75,75,75,75,75,75,75,75,75,75,75,75,75,75,75,75,75,75,75,75,75,75,75,75,75,75,75,75,75,75,75,75,75,75],"card_choices":[{"not_picked":["Sweeping Beam","Ball Lightning"],"picked":"BootSequence","floor":1},{"not_picked":["Beam Cell","Heatsinks"],"picked":"Chill","floor":2},{"not_picked":["Hologram","Static Discharge","Steam Power"],"picked":"SKIP","floor":8},{"not_picked":["Aggregate","Streamline"],"picked":"FTL","floor":12},{"not_picked":["Stack","Ball Lightning","White Noise"],"picked":"SKIP","floor":14},{"not_picked":["Echo Form","Amplify"],"picked":"Electrodynamics","floor":16},{"not_picked":["Steam Power","Sweeping Beam","White Noise"],"picked":"SKIP","floor":18},{"not_picked":["Steam","Compile Driver","Hello World"],"picked":"SKIP","floor":21},{"not_picked":["Blizzard","Hologram+1"],"picked":"Gash","floor":22},{"not_picked":["Biased Cognition","Auto Shields"],"picked":"Gash","floor":27},{"not_picked":["Consume","Beam Cell","Rebound"],"picked":"SKIP","floor":28},{"not_picked":["Melter","Sweeping Beam","Leap"],"picked":"SKIP","floor":31},{"not_picked":["Echo Form","Fission"],"picked":"All For One","floor":33},{"not_picked":["Hologram+1","Sunder"],"picked":"Gash","floor":35},{"not_picked":["Amplify","Coolheaded+1"],"picked":"Streamline","floor":36},{"not_picked":["Leap","Lockon"],"picked":"Gash","floor":39},{"not_picked":["Scrape","Turbo+1","Undo"],"picked":"SKIP","floor":41},{"not_picked":["Chaos","Recycle+1"],"picked":"Streamline+1","floor":46},{"not_picked":["Coolheaded","Leap"],"picked":"Cold Snap","floor":47}],"player_experience":2934880,"relics_obtained":[{"floor":9,"key":"Bottled Lightning"},{"floor":26,"key":"MawBank"},{"floor":43,"key":"Sundial"},{"floor":44,"key":"Bird Faced Urn"}],"event_choices":[{"cards_removed":["Strike_B"],"damage_healed":0,"gold_gain":0,"player_choice":"Card Removal","damage_taken":0,"max_hp_gain":0,"max_hp_loss":0,"event_name":"The Cleric","floor":3,"gold_loss":50},{"damage_healed":0,"gold_gain":75,"player_choice":"Gather Gold","damage_taken":11,"max_hp_gain":0,"max_hp_loss":0,"event_name":"World of Goop","floor":5,"gold_loss":0},{"damage_healed":0,"gold_gain":0,"player_choice":"Gave Potion","damage_taken":0,"relics_obtained":["Letter Opener"],"max_hp_gain":0,"max_hp_loss":0,"event_name":"WeMeetAgain","floor":11,"gold_loss":0},{"damage_healed":0,"gold_gain":0,"player_choice":"Read","damage_taken":0,"max_hp_gain":0,"max_hp_loss":0,"event_name":"The Library","floor":19,"gold_loss":0,"cards_obtained":["Defragment"]},{"damage_healed":0,"gold_gain":0,"player_choice":"Ignored","damage_taken":0,"max_hp_gain":0,"max_hp_loss":0,"event_name":"Ghosts","floor":20,"gold_loss":0},{"damage_healed":0,"gold_gain":0,"player_choice":"Embrace Madness","damage_taken":9,"max_hp_gain":0,"max_hp_loss":0,"event_name":"Winding Halls","floor":37,"gold_loss":0,"cards_obtained":["Madness","Madness"]},{"damage_healed":0,"gold_gain":0,"player_choice":"Memory 1","damage_taken":0,"max_hp_gain":0,"max_hp_loss":0,"event_name":"SensoryStone","floor":38,"gold_loss":0},{"damage_healed":0,"gold_gain":0,"player_choice":"Fight","damage_taken":0,"max_hp_gain":0,"max_hp_loss":0,"event_name":"MindBloom","floor":44,"gold_loss":0},{"damage_healed":0,"gold_gain":0,"player_choice":"Paid","damage_taken":0,"relics_obtained":["Red Mask"],"max_hp_gain":0,"max_hp_loss":0,"event_name":"Tomb of Lord Red Mask","floor":48,"gold_loss":326}],"is_beta":false,"boss_relics":[{"not_picked":["Astrolabe","Ectoplasm"],"picked":"Empty Cage"},{"not_picked":["FrozenCore","Snecko Eye"],"picked":"White Beast Statue"}],"items_purged_floors":[4,24,30],"is_endless":false,"potions_floor_spawned":[1,2,14,21,22,33,35,36,39,41,44,46,47],"killed_by":"Donu and Deca","ascension_level":12}