{"gold_per_floor":[115,133,133,133,143,143,191,191,240,251,267,0,0,11,11,111,111,128,148,148,159,159,159,178,178],"floor_reached":25,"playtime":3514,"items_purged":["Strike_G"],"score":312,"play_id":"a5eed7b2-91c6-4e52-b812-e13d1a697ac4","local_time":"20190811142236","is_ascension_mode":true,"campfire_choices":[{"floor":6,"key":"REST"},{"data":"Neutralize","floor":8,"key":"SMITH"},{"data":"Unload","floor":13,"key":"SMITH"},{"data":"Leg Sweep","floor":15,"key":"SMITH"},{"floor":23,"key":"REST"}],"neow_cost":"CURSE","seed_source_timestamp":738035867723900,"circlet_count":0,"master_deck":["AscendersBane","Strike_G","Strike_G","Strike_G","Defend_G","Defend_G","Defend_G","Defend_G","Defend_G","Survivor","Neutralize+1","Unload+1","Crippling Poison","Leg Sweep+1","Backflip","Corpse Explosion","Backflip","Catalyst+1","Writhe","Writhe","Footwork"],"relics":["Ring of the Snake","Ancient Tea Set","Anchor","Medical Kit","Cursed Key","Orichalcum","Paper Crane"],"potions_floor_usage":[16,16],"damage_taken":[{"damage":2,"enemies":"Jaw Worm","floor":1,"turns":4},{"damage":7,"enemies":"2 Louse","floor":2,"turns":5},{"damage":0,"enemies":"Cultist","floor":5,"turns":6},{"damage":4,"enemies":"Exordium Thugs","floor":10,"turns":5},{"damage":5,"enemies":"Exordium Wildlife","floor":11,"turns":5},{"damage":0,"enemies":"Gremlin Gang","floor":14,"turns":7},{"damage":46,"enemies":"Slime Boss","floor":16,"turns":13},{"damage":28,"enemies":"Spheric Guardian","floor":18,"turns":10},{"damage":0,"enemies":"3 Byrds","floor":19,"turns":3},{"damage":3,"enemies":"Centurion and Healer","floor":21,"turns":12},{"damage":15,"enemies":"Snake Plant","floor":24,"turns":6},{"damage":32,"enemies":"Snecko","floor":25,"turns":5}],"seed_played":"-1386766396518196916","potions_obtained":[{"floor":2,"key":"PowerPotion"},{"floor":5,"key":"SkillPotion"},{"floor":16,"key":"GhostInAJar"},{"floor":18,"key":"Weak Potion"},{"floor":21,"key":"LiquidBronze"}],"is_trial":false,"path_per_floor":["M","M","?","?","M","R","T","R","T","M","M","$","R","M","R","B",null,"M","M","?","M","T","R","M","M"],"character_chosen":"THE_SILENT","items_purchased":["Medical Kit"],"campfire_rested":2,"item_purchase_floors":[12],"current_hp_per_floor":[61,54,47,47,47,68,68,68,68,64,59,59,59,59,59,13,56,28,28,28,25,25,46,31,0],"gold":178,"neow_bonus":"THREE_RARE_CARDS","is_prod":false,"is_daily":false,"chose_seed":false,"campfire_upgraded":3,"win_rate":0,"timestamp":1565551356,"path_taken":["M","M","?","?","M","R","?","R","T","M","M","$","R","?","R","BOSS","M","M","?","M","?","R","M","?"],"build_version":"2019-07-17","purchased_purges":1,"victory":false,"max_hp_per_floor":[70,70,70,70,70,70,70,70,70,70,70,70,70,70,70,70,70,70,70,70,70,70,70,70,70],"card_choices":[{"not_picked":["Grand Finale","Glass Knife"],"picked":"Unload","floor":0},{"not_picked":["Prepared","Dash"],"picked":"Crippling Poison","floor":1},{"not_picked":["Dagger Spray","Predator","Poisoned Stab"],"picked":"SKIP","floor":2},{"not_picked":["Acrobatics","Terror"],"picked":"Leg Sweep","floor":5},{"not_picked":["Bouncing Flask","Outmaneuver","Distraction"],"picked":"SKIP","floor":10},{"not_picked":["Terror","Masterful Stab"],"picked":"Backflip","floor":11},{"not_picked":["Prepared","Cloak And Dagger","Outmaneuver"],"picked":"SKIP","floor":14},{"not_picked":["Phantasmal Killer","Glass Knife"],"picked":"Corpse Explosion","floor":16},{"not_picked":["Dagger Throw","Riddle With Holes"],"picked":"Backflip","floor":18},{"not_picked":["Crippling Poison","Expertise+1"],"picked":"Catalyst+1","floor":19},{"not_picked":["Poisoned Stab","Choke","Blade Dance"],"picked":"SKIP","floor":21},{"not_picked":["Dagger Spray","Crippling Poison"],"picked":"Footwork","floor":24}],"player_experience":2808651,"relics_obtained":[{"floor":7,"key":"Ancient Tea Set"},{"floor":9,"key":"Anchor"},{"floor":22,"key":"Paper Crane"}],"event_choices":[{"cards_removed":["Injury"],"damage_healed":0,"gold_gain":0,"player_choice":"Card Removal","damage_taken":7,"max_hp_gain":0,"max_hp_loss":0,"event_name":"Golden Wing","floor":3,"gold_loss":0},{"cards_removed":["Strike_G"],"damage_healed":0,"gold_gain":0,"player_choice":"Forget","damage_taken":0,"max_hp_gain":0,"max_hp_loss":0,"event_name":"Living Wall","floor":4,"gold_loss":0},{"damage_healed":0,"gold_gain":0,"player_choice":"Opened","damage_taken":0,"relics_obtained":["Orichalcum"],"max_hp_gain":0,"max_hp_loss":0,"event_name":"The Mausoleum","floor":20,"gold_loss":0,"cards_obtained":["Writhe"]}],"is_beta":false,"boss_relics":[{"not_picked":["HoveringKite","Philosopher\u0027s Stone"],"picked":"Cursed Key"}],"items_purged_floors":[12],"is_endless":false,"potions_floor_spawned":[2,5,16,18,21],"killed_by":"Snecko","ascension_level":12}