{"gold_per_floor":[112,187,66,66,78,78,112,124,124,138,149,149,167,42,42,137,137,153,153,203,221,239,239],"floor_reached":23,"playtime":1830,"items_purged":["Strike_R","Strike_R"],"score":334,"play_id":"74b90e49-3f07-4a7a-bc43-3dbb8276436e","local_time":"20190806132451","is_ascension_mode":true,"campfire_choices":[{"data":"Berserk","floor":6,"key":"SMITH"},{"floor":12,"key":"REST"},{"floor":15,"key":"REST"}],"neow_cost":"TEN_PERCENT_HP_LOSS","seed_source_timestamp":304248699312600,"circlet_count":0,"master_deck":["AscendersBane","Defend_R","Defend_R","Defend_R","Defend_R","Metallicize","Shrug It Off","Berserk+1","Armaments","Body Slam","Body Slam","Juggernaut","Body Slam","Pummel","Shockwave","Body Slam"],"relics":["Burning Blood","Bird Faced Urn","Pocketwatch","Philosopher\u0027s Stone"],"potions_floor_usage":[16,16],"damage_taken":[{"damage":5,"enemies":"2 Louse","floor":1,"turns":5},{"damage":0,"enemies":"Small Slimes","floor":5,"turns":7},{"damage":43,"enemies":"3 Sentries","floor":7,"turns":22},{"damage":0,"enemies":"Cultist","floor":8,"turns":7},{"damage":19,"enemies":"Lots of Slimes","floor":10,"turns":12},{"damage":17,"enemies":"Exordium Thugs","floor":11,"turns":9},{"damage":4,"enemies":"2 Fungi Beasts","floor":13,"turns":7},{"damage":32,"enemies":"Slime Boss","floor":16,"turns":15},{"damage":54,"enemies":"3 Byrds","floor":18,"turns":4},{"damage":15,"enemies":"Chosen","floor":21,"turns":4},{"damage":18,"enemies":"Snecko","floor":22,"turns":6},{"damage":15,"enemies":"Snake Plant","floor":23,"turns":3}],"seed_played":"-8251259208555153998","potions_obtained":[{"floor":7,"key":"Fire Potion"},{"floor":8,"key":"LiquidBronze"},{"floor":18,"key":"SmokeBomb"}],"is_trial":false,"path_per_floor":["M","?","$","?","M","R","E","M","T","M","M","R","M","$","R","B",null,"M","?","?","M","M","M"],"character_chosen":"IRONCLAD","items_purchased":["Shrug It Off","Body Slam"],"campfire_rested":2,"item_purchase_floors":[3,14],"current_hp_per_floor":[72,61,61,61,67,67,30,40,40,31,24,45,51,51,72,46,66,24,24,24,19,11,0],"gold":239,"neow_bonus":"REMOVE_TWO","is_prod":false,"is_daily":false,"chose_seed":false,"campfire_upgraded":1,"win_rate":0,"timestamp":1565115891,"path_taken":["M","?","$","?","M","R","E","M","T","?","M","R","?","?","R","BOSS","M","?","?","?","M","M"],"build_version":"2019-07-17","purchased_purges":2,"victory":false,"max_hp_per_floor":[72,72,72,72,72,72,72,72,72,72,72,72,72,72,72,72,72,72,72,72,72,72,72],"card_choices":[{"not_picked":["Clash","Clothesline"],"picked":"Metallicize","floor":1},{"not_picked":["Pommel Strike","True Grit","Iron Wave"],"picked":"SKIP","floor":5},{"not_picked":["Uppercut","Wild Strike"],"picked":"Armaments","floor":7},{"not_picked":["Perfected Strike","Evolve","Armaments"],"picked":"SKIP","floor":8},{"not_picked":["Rage","Spot Weakness","Sever Soul"],"picked":"SKIP","floor":10},{"not_picked":["Burning Pact","Second Wind","Power Through"],"picked":"SKIP","floor":11},{"not_picked":["Havoc","Intimidate"],"picked":"Body Slam","floor":13},{"not_picked":["Offering","Immolate"],"picked":"Juggernaut","floor":16},{"not_picked":["Flex","Heavy Blade"],"picked":"Body Slam","floor":18},{"not_picked":["Searing Blow","Clothesline"],"picked":"Body Slam","floor":21},{"not_picked":["Sword Boomerang+1","Exhume","Evolve"],"picked":"SKIP","floor":22}],"player_experience":2703368,"relics_obtained":[{"floor":7,"key":"Bird Faced Urn"},{"floor":9,"key":"Pocketwatch"}],"event_choices":[{"damage_healed":0,"gold_gain":75,"player_choice":"Gather Gold","damage_taken":11,"max_hp_gain":0,"max_hp_loss":0,"event_name":"World of Goop","floor":2,"gold_loss":0},{"damage_healed":0,"gold_gain":0,"player_choice":"1 cards matched","damage_taken":0,"max_hp_gain":0,"max_hp_loss":0,"event_name":"Match and Keep!","floor":4,"gold_loss":0,"cards_obtained":["Berserk"]},{"damage_healed":0,"gold_gain":0,"cards_transformed":["Strike_R","Strike_R"],"player_choice":"Became Test Subject","damage_taken":0,"max_hp_gain":0,"max_hp_loss":0,"event_name":"Drug Dealer","floor":19,"gold_loss":0,"cards_obtained":["Pummel","Shockwave"]},{"damage_healed":0,"gold_gain":100,"player_choice":"Bet on Murderer","damage_taken":0,"max_hp_gain":0,"max_hp_loss":0,"event_name":"The Joust","floor":20,"gold_loss":50}],"is_beta":false,"boss_relics":[{"not_picked":["Black Star","Pandora\u0027s Box"],"picked":"Philosopher\u0027s Stone"}],"items_purged_floors":[3,14],"is_endless":false,"potions_floor_spawned":[7,8,11,18],"killed_by":"Snake Plant","ascension_level":12}