{"gold_per_floor":[115,65,92,103,103,103,122,47,73,87,87,112,131,158,158,158],"floor_reached":16,"playtime":908,"items_purged":["Strike_G"],"score":100,"play_id":"aaa44adb-d192-4979-9da9-b82748c56dde","local_time":"20190818193721","is_ascension_mode":false,"campfire_choices":[{"data":"Leg Sweep","floor":6,"key":"SMITH"},{"data":"Dodge and Roll","floor":11,"key":"SMITH"},{"floor":15,"key":"REST"}],"neow_cost":"NONE","seed_source_timestamp":287395235482671,"circlet_count":0,"master_deck":["Strike_G","Strike_G+1","Strike_G","Strike_G+1","Defend_G","Defend_G","Defend_G","Defend_G","Survivor","Neutralize","Impatience","Leg Sweep+1","Quick Slash","Heel Hook","Dodge and Roll+1","PiercingWail","Venomology"],"relics":["Ring of the Snake","Dream Catcher","Bag of Preparation","Ancient Tea Set","Odd Mushroom","Whetstone"],"potions_floor_usage":[14,14,16,16],"damage_taken":[{"damage":8,"enemies":"Small Slimes","floor":1,"turns":4},{"damage":0,"enemies":"Jaw Worm","floor":4,"turns":5},{"damage":0,"enemies":"2 Louse","floor":7,"turns":3},{"damage":12,"enemies":"Large Slime","floor":10,"turns":7},{"damage":9,"enemies":"The Mushroom Lair","floor":12,"turns":5},{"damage":0,"enemies":"Exordium Wildlife","floor":13,"turns":5},{"damage":17,"enemies":"3 Sentries","floor":14,"turns":14},{"damage":46,"enemies":"Hexaghost","floor":16,"turns":16}],"seed_played":"-2147014509815222825","potions_obtained":[{"floor":4,"key":"Weak Potion"},{"floor":7,"key":"SpeedPotion"},{"floor":12,"key":"SteroidPotion"},{"floor":14,"key":"SteroidPotion"}],"is_trial":false,"path_per_floor":["M","?","T","M","T","R","M","$","T","M","R","?","M","E","R","B"],"character_chosen":"THE_SILENT","items_purchased":[],"campfire_rested":1,"item_purchase_floors":[],"current_hp_per_floor":[62,62,62,62,62,62,62,62,62,50,50,41,41,24,45,0],"gold":158,"neow_bonus":"RANDOM_COLORLESS","is_prod":false,"is_daily":false,"chose_seed":false,"campfire_upgraded":2,"win_rate":0,"timestamp":1566171441,"path_taken":["M","?","?","M","?","R","M","$","T","M","R","?","M","E","R","BOSS"],"build_version":"2019-07-17","purchased_purges":1,"victory":false,"max_hp_per_floor":[70,70,70,70,70,70,70,70,70,70,70,70,70,70,70,70],"card_choices":[{"not_picked":["Concentrate","Bane"],"picked":"Leg Sweep","floor":1},{"not_picked":["Flying Knee","Choke"],"picked":"Quick Slash","floor":4},{"not_picked":["Concentrate","Quick Slash"],"picked":"Heel Hook","floor":7},{"not_picked":["Tactician","Accuracy"],"picked":"Dodge and Roll","floor":10},{"not_picked":["Bane","Deflect"],"picked":"PiercingWail","floor":12},{"not_picked":["Outmaneuver","Poisoned Stab"],"picked":"Venomology","floor":13},{"not_picked":["Dagger Throw","PiercingWail","Sucker Punch"],"picked":"SKIP","floor":14}],"player_experience":126477,"relics_obtained":[{"floor":3,"key":"Dream Catcher"},{"floor":5,"key":"Bag of Preparation"},{"floor":9,"key":"Ancient Tea Set"},{"floor":12,"key":"Odd Mushroom"},{"floor":14,"key":"Whetstone"}],"event_choices":[{"cards_removed":["Defend_G"],"damage_healed":0,"gold_gain":0,"player_choice":"Card Removal","damage_taken":0,"max_hp_gain":0,"max_hp_loss":0,"event_name":"The Cleric","floor":2,"gold_loss":50},{"damage_healed":0,"gold_gain":0,"player_choice":"Fought Mushrooms","damage_taken":0,"max_hp_gain":0,"max_hp_loss":0,"event_name":"Mushrooms","floor":12,"gold_loss":0}],"is_beta":false,"boss_relics":[],"items_purged_floors":[8],"is_endless":false,"potions_floor_spawned":[4,7,12,14],"killed_by":"Hexaghost","ascension_level":0}