{"gold_per_floor":[113,113,127,145,155,180,208,239,251,263,275,313,325,337,349,462,474,498,435,458,470,498,541,553,590,680,717,729,768,780,216,216,313,363,382,12,25,25,42,72,172,186,186,211,222,222,199,214,214,214],"floor_reached":51,"playtime":5845,"items_purged":[],"score":850,"play_id":"83e51389-66d1-41bf-8ab5-9034f638fbf0","local_time":"20190831182124","is_ascension_mode":false,"campfire_choices":[{"floor":11,"key":"REST"},{"data":"Noxious Fumes","floor":15,"key":"SMITH"},{"floor":24,"key":"REST"},{"data":"Envenom","floor":30,"key":"SMITH"},{"data":"Outmaneuver","floor":32,"key":"SMITH"},{"data":"Neutralize","floor":46,"key":"SMITH"},{"floor":49,"key":"REST"}],"neow_cost":"NONE","seed_source_timestamp":1262111579249900,"circlet_count":0,"master_deck":["Defend_G","Defend_G","Defend_G","Defend_G","Survivor+1","Neutralize+1","Leg Sweep+1","Crippling Poison+1","Bane+1","Outmaneuver+1","Noxious Fumes+1","Bouncing Flask","Prepared","Dagger Spray","PiercingWail+1","Poisoned Stab","Flying Knee","Envenom+1","Bane+1","Quick Slash","Slice","Escape Plan+1","Dodge and Roll","Bite","Bite","Bite","Bite","Bite","Footwork","Backflip","Deadly Poison","Quick Slash","Master of Strategy","Deadly Poison+1","Dagger Spray+1","Backflip","Dash+1","Outmaneuver","Riddle With Holes+1","Footwork"],"relics":["Astrolabe","Dream Catcher","MawBank","Meat on the Bone","Bottled Tornado","Busted Crown","Mango","Singing Bowl","Tiny Chest","Omamori","Pen Nib","Medical Kit","Torii","Tiny House","Ice Cream","PreservedInsect","Thread and Needle","War Paint","Bag of Preparation"],"potions_floor_usage":[5,6,12,25,25,33,40,42,44,50,50,50],"damage_taken":[{"damage":0,"enemies":"Jaw Worm","floor":1,"turns":3},{"damage":4,"enemies":"Small Slimes","floor":3,"turns":4},{"damage":0,"enemies":"2 Louse","floor":4,"turns":3},{"damage":0,"enemies":"Blue Slaver","floor":5,"turns":2},{"damage":13,"enemies":"Lagavulin","floor":6,"turns":5},{"damage":2,"enemies":"Looter","floor":7,"turns":2},{"damage":16,"enemies":"Exordium Thugs","floor":8,"turns":4},{"damage":16,"enemies":"3 Sentries","floor":12,"turns":8},{"damage":20,"enemies":"Hexaghost","floor":16,"turns":8},{"damage":32,"enemies":"2 Thieves","floor":18,"turns":3},{"damage":4,"enemies":"Spheric Guardian","floor":20,"turns":4},{"damage":25,"enemies":"Snake Plant","floor":22,"turns":5},{"damage":18,"enemies":"Book of Stabbing","floor":23,"turns":6},{"damage":29,"enemies":"Slavers","floor":25,"turns":5},{"damage":20,"enemies":"Book of Stabbing","floor":27,"turns":6},{"damage":31,"enemies":"Automaton","floor":33,"turns":10},{"damage":32,"enemies":"3 Shapes","floor":35,"turns":3},{"damage":19,"enemies":"3 Darklings","floor":37,"turns":5},{"damage":11,"enemies":"Sphere and 2 Shapes","floor":39,"turns":5},{"damage":66,"enemies":"Giant Head","floor":40,"turns":10},{"damage":0,"enemies":"Mind Bloom Boss Battle","floor":41,"turns":5},{"damage":11,"enemies":"Writhing Mass","floor":42,"turns":6},{"damage":18,"enemies":"Reptomancer","floor":44,"turns":5},{"damage":10,"enemies":"3 Darklings","floor":45,"turns":4},{"damage":9,"enemies":"Jaw Worm Horde","floor":48,"turns":5},{"damage":63,"enemies":"Awakened One","floor":50,"turns":15}],"seed_played":"-5136151181631844735","potions_obtained":[{"floor":1,"key":"LiquidBronze"},{"floor":4,"key":"Energy Potion"},{"floor":7,"key":"Regen Potion"},{"floor":12,"key":"Weak Potion"},{"floor":22,"key":"Weak Potion"},{"floor":23,"key":"Fire Potion"},{"floor":25,"key":"Swift Potion"},{"floor":34,"key":"LiquidBronze"},{"floor":37,"key":"Explosive Potion"},{"floor":39,"key":"Regen Potion"},{"floor":40,"key":"Dexterity Potion"},{"floor":42,"key":"AttackPotion"},{"floor":44,"key":"SpeedPotion"}],"is_trial":false,"path_per_floor":["M","?","M","M","M","E","M","M","T","?","R","E","?","$","R","B",null,"M","?","M","?","M","E","R","E","T","E","?","T","R","$","R","B",null,"M","$","M","?","M","E","?","M","T","E","M","R","$","M","R","B",null],"character_chosen":"THE_SILENT","items_purchased":["Medical Kit","Torii","Footwork","Backflip","Ice Cream","Deadly Poison","Quick Slash","Outmaneuver"],"campfire_rested":3,"item_purchase_floors":[31,31,31,31,36,36,36,47],"current_hp_per_floor":[70,52,48,48,48,35,33,17,17,17,38,39,39,39,39,33,70,38,38,36,36,25,35,60,45,45,39,39,39,39,39,39,34,93,65,65,52,52,59,36,58,57,57,59,55,55,55,52,82,47],"gold":214,"neow_bonus":"BOSS_RELIC","is_prod":false,"is_daily":false,"chose_seed":false,"campfire_upgraded":4,"win_rate":0,"timestamp":1567290084,"path_taken":["M","?","M","M","M","E","M","M","T","?","R","E","?","?","R","BOSS","M","?","M","?","?","E","R","E","T","E","?","?","R","$","R","BOSS","M","$","M","?","M","E","?","M","T","E","M","R","$","M","R","BOSS"],"build_version":"2019-07-17","purchased_purges":0,"victory":true,"max_hp_per_floor":[70,70,70,70,70,70,70,70,70,70,70,70,70,70,70,70,70,70,70,70,70,70,84,84,84,84,84,84,84,84,84,84,86,93,95,95,97,97,97,99,99,99,99,99,101,101,101,101,101,101],"card_choices":[{"not_picked":["Flechettes","Reflex"],"picked":"Outmaneuver","floor":1},{"not_picked":["PiercingWail","Distraction"],"picked":"Noxious Fumes","floor":3},{"not_picked":["Slice","Backstab"],"picked":"Bouncing Flask","floor":4},{"not_picked":["Flechettes","Finisher"],"picked":"Prepared","floor":5},{"not_picked":["Dagger Throw","Expertise"],"picked":"Dagger Spray","floor":6},{"not_picked":["Acrobatics","Infinite Blades"],"picked":"PiercingWail","floor":7},{"not_picked":["Tactician","Underhanded Strike","Slice"],"picked":"SKIP","floor":8},{"not_picked":["Caltrops","Dagger Throw"],"picked":"Poisoned Stab","floor":11},{"not_picked":["Night Terror","Reflex"],"picked":"Flying Knee","floor":12},{"not_picked":["Corpse Explosion","Tools of the Trade"],"picked":"Envenom","floor":16},{"not_picked":["Cloak And Dagger"],"picked":"SKIP","floor":18},{"not_picked":["Endless Agony"],"picked":"SKIP","floor":20},{"not_picked":[],"picked":"Quick Slash","floor":22},{"not_picked":[],"picked":"Slice","floor":23},{"not_picked":[],"picked":"Escape Plan+1","floor":25},{"not_picked":[],"picked":"Dodge and Roll","floor":27},{"not_picked":["Night Terror"],"picked":"Singing Bowl","floor":33},{"not_picked":["Dagger Throw"],"picked":"Singing Bowl","floor":34},{"not_picked":["Slice"],"picked":"Singing Bowl","floor":35},{"not_picked":["Cloak And Dagger"],"picked":"Singing Bowl","floor":37},{"not_picked":[],"picked":"Master of Strategy","floor":38},{"not_picked":[],"picked":"Deadly Poison","floor":39},{"not_picked":["Quick Slash"],"picked":"Singing Bowl","floor":40},{"not_picked":[],"picked":"Dagger Spray+1","floor":41},{"not_picked":[],"picked":"Backflip","floor":42},{"not_picked":[],"picked":"Dash+1","floor":44},{"not_picked":["Dagger Throw"],"picked":"Singing Bowl","floor":45},{"not_picked":[],"picked":"Riddle With Holes+1","floor":48},{"not_picked":[],"picked":"Footwork","floor":49}],"player_experience":80961,"relics_obtained":[{"floor":6,"key":"MawBank"},{"floor":9,"key":"Meat on the Bone"},{"floor":12,"key":"Bottled Tornado"},{"floor":23,"key":"Mango"},{"floor":25,"key":"Singing Bowl"},{"floor":26,"key":"Tiny Chest"},{"floor":27,"key":"Omamori"},{"floor":29,"key":"Pen Nib"},{"floor":40,"key":"PreservedInsect"},{"floor":41,"key":"Thread and Needle"},{"floor":43,"key":"War Paint"},{"floor":44,"key":"Bag of Preparation"}],"event_choices":[{"damage_healed":0,"gold_gain":0,"player_choice":"Success","damage_taken":18,"relics_obtained":["Dream Catcher"],"max_hp_gain":0,"max_hp_loss":0,"event_name":"Scrap Ooze","floor":2,"gold_loss":0},{"damage_healed":0,"gold_gain":0,"player_choice":"Box","damage_taken":0,"relics_obtained":["Blood Vial"],"max_hp_gain":0,"max_hp_loss":0,"event_name":"Big Fish","floor":10,"gold_loss":0,"cards_obtained":["Regret"]},{"cards_removed":["Regret"],"damage_healed":0,"gold_gain":0,"player_choice":"Forget","damage_taken":0,"max_hp_gain":0,"max_hp_loss":0,"event_name":"Living Wall","floor":13,"gold_loss":0},{"cards_removed":["Strike_G"],"damage_healed":0,"gold_gain":0,"player_choice":"Gave Gold","damage_taken":0,"max_hp_gain":0,"max_hp_loss":0,"event_name":"Beggar","floor":19,"gold_loss":75},{"damage_healed":0,"gold_gain":0,"player_choice":"Copied","damage_taken":0,"max_hp_gain":0,"max_hp_loss":0,"event_name":"Duplicator","floor":21,"gold_loss":0,"cards_obtained":["Bane"]},{"damage_healed":0,"gold_gain":0,"player_choice":"Became a vampire (Vial)","damage_taken":0,"max_hp_gain":0,"max_hp_loss":0,"event_name":"Vampires","floor":28,"relics_lost":["Blood Vial"],"gold_loss":0,"cards_obtained":["Bite","Bite","Bite","Bite","Bite"]},{"damage_healed":0,"gold_gain":0,"player_choice":"Memory 1","damage_taken":0,"max_hp_gain":0,"max_hp_loss":0,"event_name":"SensoryStone","floor":38,"gold_loss":0},{"damage_healed":0,"gold_gain":0,"player_choice":"Fight","damage_taken":0,"max_hp_gain":0,"max_hp_loss":0,"event_name":"MindBloom","floor":41,"gold_loss":0}],"is_beta":false,"boss_relics":[{"not_picked":["Philosopher\u0027s Stone","Calling Bell"],"picked":"Busted Crown"},{"not_picked":["White Beast Statue","Runic Dome"],"picked":"Tiny House"}],"items_purged_floors":[],"is_endless":false,"potions_floor_spawned":[1,4,7,12,22,23,25,37,39,40,42,44],"ascension_level":0}