{"gold_per_floor":[362,437,437,173,191,191,207,232,232,257,257],"floor_reached":11,"playtime":14019,"items_purged":["Strike_G"],"score":94,"play_id":"3f1c204c-0a23-4227-9805-85010cc5c8dd","local_time":"20190711173718","is_ascension_mode":true,"campfire_choices":[{"floor":6,"key":"REST"}],"neow_cost":"TEN_PERCENT_HP_LOSS","seed_source_timestamp":1335354889522619,"circlet_count":0,"master_deck":["Strike_G","Strike_G","Strike_G","Strike_G","Defend_G","Defend_G","Defend_G","Defend_G","Defend_G","Survivor","Neutralize","Metamorphosis"],"relics":["Ring of the Snake","Golden Idol","Pantograph"],"potions_floor_usage":[],"damage_taken":[{"damage":3,"enemies":"2 Louse","floor":1,"turns":5},{"damage":0,"enemies":"Jaw Worm","floor":5,"turns":3},{"damage":1,"enemies":"Cultist","floor":7,"turns":5},{"damage":24,"enemies":"Lots of Slimes","floor":8,"turns":7},{"damage":20,"enemies":"Large Slime","floor":10,"turns":6}],"seed_played":"-8326889947135781853","potions_obtained":[{"floor":1,"key":"Dexterity Potion"}],"is_trial":false,"path_per_floor":["M","?","?","$","M","R","M","M","T","M","?"],"character_chosen":"THE_SILENT","items_purchased":["Metamorphosis"],"campfire_rested":1,"item_purchase_floors":[4],"current_hp_per_floor":[60,49,34,34,34,52,51,27,27,7,0],"gold":257,"neow_bonus":"TWO_FIFTY_GOLD","is_prod":false,"is_daily":false,"chose_seed":false,"campfire_upgraded":0,"win_rate":0,"timestamp":1562884638,"path_taken":["M","?","?","?","?","R","M","?","T","M","?"],"build_version":"2019-07-05","purchased_purges":1,"victory":false,"max_hp_per_floor":[63,63,63,63,63,63,63,63,63,63,63],"card_choices":[{"not_picked":["Expertise","Dagger Throw","Accuracy"],"picked":"SKIP","floor":1},{"not_picked":["Acrobatics","Blade Dance","Flying Knee"],"picked":"SKIP","floor":5},{"not_picked":["Sucker Punch","Blade Dance","Reflex"],"picked":"SKIP","floor":7},{"not_picked":["Backflip","Flechettes","Setup"],"picked":"SKIP","floor":8},{"not_picked":["Eviscerate","PiercingWail","Blade Dance"],"picked":"SKIP","floor":10}],"player_experience":2220589,"relics_obtained":[{"floor":9,"key":"Pantograph"}],"event_choices":[{"damage_healed":0,"gold_gain":75,"player_choice":"Gather Gold","damage_taken":11,"max_hp_gain":0,"max_hp_loss":0,"event_name":"World of Goop","floor":2,"gold_loss":0},{"damage_healed":0,"gold_gain":0,"player_choice":"Take Damage","damage_taken":15,"relics_obtained":["Golden Idol"],"max_hp_gain":0,"max_hp_loss":0,"event_name":"Golden Idol","floor":3,"gold_loss":0}],"is_beta":false,"boss_relics":[],"items_purged_floors":[4],"is_endless":false,"potions_floor_spawned":[1],"ascension_level":9}