{"gold_per_floor":[109,109,127,127,77,77,91,91,91,91,91,107,62,75,75,200,200,221,221,236,249,249],"floor_reached":22,"playtime":1697,"items_purged":[],"score":246,"play_id":"af25b975-6ad6-4096-ad2b-9c43004eb1cf","local_time":"20190317173040","is_ascension_mode":true,"campfire_choices":[{"floor":6,"key":"REST"},{"data":"Defend_R","floor":8,"key":"SMITH"},{"data":"Defend_R","floor":10,"key":"SMITH"},{"data":"Shrug It Off","floor":15,"key":"SMITH"}],"neow_cost":"NONE","seed_source_timestamp":83703084049089,"circlet_count":0,"master_deck":["Strike_R","Strike_R","Strike_R","Strike_R","Defend_R","Defend_R","Defend_R+1","Defend_R+1","Shrug It Off+1","Barricade","Metallicize","Seeing Red","Shrug It Off"],"relics":["Burning Blood","Golden Idol","Strawberry","Blue Candle","Cursed Key","Enchiridion"],"potions_floor_usage":[16,16,16],"damage_taken":[{"damage":6,"enemies":"Small Slimes","floor":1,"turns":7},{"damage":19,"enemies":"Jaw Worm","floor":3,"turns":8},{"damage":0,"enemies":"2 Louse","floor":7,"turns":5},{"damage":0,"enemies":"Blue Slaver","floor":12,"turns":6},{"damage":0,"enemies":"Looter","floor":13,"turns":5},{"damage":5,"enemies":"Large Slime","floor":14,"turns":8},{"damage":30,"enemies":"The Guardian","floor":16,"turns":27},{"damage":0,"enemies":"Spheric Guardian","floor":18,"turns":32},{"damage":17,"enemies":"3 Byrds","floor":20,"turns":6},{"damage":21,"enemies":"Snake Plant","floor":21,"turns":16},{"damage":60,"enemies":"3 Cultists","floor":22,"turns":5}],"seed_played":"3498613766504143646","potions_obtained":[{"floor":1,"key":"Dexterity Potion"},{"floor":3,"key":"Ancient Potion"},{"floor":14,"key":"Strength Potion"},{"floor":16,"key":"GamblersBrew"},{"floor":20,"key":"LiquidBronze"},{"floor":21,"key":"SteroidPotion"}],"is_trial":false,"path_per_floor":["M","?","M","?","?","R","M","R","T","R","?","M","M","M","R","B",null,"M","?","M","M","M"],"character_chosen":"IRONCLAD","items_purchased":[],"campfire_rested":1,"item_purchase_floors":[],"current_hp_per_floor":[72,52,39,44,44,69,75,75,82,82,75,81,87,88,88,64,85,91,75,64,49,0],"gold":249,"neow_bonus":"REMOVE_CARD","is_prod":false,"is_daily":false,"chose_seed":false,"campfire_upgraded":3,"win_rate":0,"timestamp":1552861840,"path_taken":["M","?","M","?","?","R","M","R","T","R","?","M","M","M","R","BOSS","M","?","M","M","M"],"build_version":"2019-01-23","purchased_purges":0,"victory":false,"max_hp_per_floor":[80,80,80,85,85,85,85,85,92,92,92,92,92,92,92,92,92,92,92,92,92,92],"card_choices":[{"not_picked":["Power Through","Iron Wave","Perfected Strike"],"picked":"SKIP","floor":1},{"not_picked":["Rupture","Rage","Feel No Pain"],"picked":"SKIP","floor":3},{"not_picked":["Warcry","Dual Wield","Twin Strike"],"picked":"SKIP","floor":7},{"not_picked":["Second Wind","Hemokinesis","Clothesline"],"picked":"SKIP","floor":12},{"not_picked":["Hemokinesis","Rage","Heavy Blade"],"picked":"SKIP","floor":13},{"not_picked":["Havoc","Twin Strike"],"picked":"Shrug It Off","floor":14},{"not_picked":["Fiend Fire","Dark Embrace"],"picked":"Barricade","floor":16},{"not_picked":["Dropkick","Twin Strike"],"picked":"Metallicize","floor":18},{"not_picked":["Thunderclap","Headbutt"],"picked":"Seeing Red","floor":20},{"not_picked":["Thunderclap","Feel No Pain"],"picked":"Shrug It Off","floor":21}],"player_experience":1667573,"relics_obtained":[{"floor":9,"key":"Strawberry"},{"floor":19,"key":"Enchiridion"}],"event_choices":[{"damage_healed":0,"gold_gain":0,"player_choice":"Take Damage","damage_taken":20,"relics_obtained":["Golden Idol"],"max_hp_gain":0,"max_hp_loss":0,"event_name":"Golden Idol","floor":2,"gold_loss":0},{"damage_healed":0,"gold_gain":0,"player_choice":"Donut","damage_taken":0,"max_hp_gain":5,"max_hp_loss":0,"event_name":"Big Fish","floor":4,"gold_loss":0},{"cards_removed":["Strike_R"],"damage_healed":0,"gold_gain":0,"player_choice":"Card Removal","damage_taken":0,"max_hp_gain":0,"max_hp_loss":0,"event_name":"The Cleric","floor":5,"gold_loss":50},{"damage_healed":0,"gold_gain":0,"player_choice":"Success","damage_taken":7,"relics_obtained":["Blue Candle"],"max_hp_gain":0,"max_hp_loss":0,"event_name":"Scrap Ooze","floor":11,"gold_loss":0},{"damage_healed":0,"gold_gain":0,"player_choice":"Obtained Book","damage_taken":16,"max_hp_gain":0,"max_hp_loss":0,"event_name":"Cursed Tome","floor":19,"gold_loss":0}],"is_beta":false,"boss_relics":[{"not_picked":["Lizard Tail","Coffee Dripper"],"picked":"Cursed Key"}],"items_purged_floors":[],"is_endless":false,"potions_floor_spawned":[1,3,14,16,20,21],"killed_by":"3 Cultists","ascension_level":8}