{"gold_per_floor":[110,110,126,226,151,181,181,196,249,249,260,274,287,303,303,401,401,412,112,130,0,0,0,0,0,0,0,12,12,27,42,42,42],"floor_reached":33,"playtime":1419,"items_purged":["Defend_R","Defend_R"],"score":249,"play_id":"494bd7c5-34a5-45e0-aecb-1a8ac39f5379","local_time":"20190829003923","is_ascension_mode":false,"campfire_choices":[{"data":"True Grit","floor":7,"key":"SMITH"},{"data":"Searing Blow","floor":10,"key":"SMITH"},{"data":"Searing Blow+1","floor":15,"key":"SMITH"},{"data":"Searing Blow+2","floor":23,"key":"SMITH"},{"data":"Searing Blow+3","floor":27,"key":"SMITH"},{"floor":32,"key":"REST"}],"neow_cost":"NONE","seed_source_timestamp":566941070573746,"circlet_count":0,"master_deck":["Strike_R","Strike_R","Strike_R+1","Strike_R+1","Strike_R","Defend_R","Defend_R","Bash","Shrug It Off","True Grit+1","Disarm","Searing Blow+4","Armaments","Battle Trance","Armaments","Writhe"],"relics":["Black Blood","PreservedInsect","Whetstone","Ancient Tea Set","Oddly Smooth Stone","MutagenicStrength","Enchiridion","Gremlin Horn","Ornamental Fan"],"potions_floor_usage":[11,14,16,16,30],"damage_taken":[{"damage":1,"enemies":"Cultist","floor":1,"turns":3},{"damage":7,"enemies":"2 Louse","floor":3,"turns":3},{"damage":35,"enemies":"3 Sentries","floor":6,"turns":10},{"damage":5,"enemies":"Small Slimes","floor":8,"turns":3},{"damage":0,"enemies":"Looter","floor":11,"turns":3},{"damage":3,"enemies":"2 Fungi Beasts","floor":12,"turns":4},{"damage":0,"enemies":"3 Louse","floor":13,"turns":5},{"damage":1,"enemies":"Exordium Wildlife","floor":14,"turns":5},{"damage":40,"enemies":"Hexaghost","floor":16,"turns":13},{"damage":6,"enemies":"Shell Parasite","floor":18,"turns":7},{"damage":19,"enemies":"Spheric Guardian","floor":20,"turns":5},{"damage":34,"enemies":"Cultist and Chosen","floor":28,"turns":9},{"damage":21,"enemies":"Snake Plant","floor":30,"turns":4},{"damage":18,"enemies":"Chosen and Byrds","floor":31,"turns":6},{"damage":44,"enemies":"Collector","floor":33,"turns":7}],"seed_played":"2017088244127106843","potions_obtained":[{"floor":1,"key":"SteroidPotion"},{"floor":11,"key":"Regen Potion"},{"floor":12,"key":"Weak Potion"},{"floor":14,"key":"EssenceOfSteel"},{"floor":18,"key":"PowerPotion"},{"floor":20,"key":"SpeedPotion"}],"is_trial":false,"path_per_floor":["M","?","M","?","$","E","R","M","T","R","M","M","M","M","R","B",null,"M","$","M","?","$","R","?","?","T","R","M","?","M","M","R","B"],"character_chosen":"IRONCLAD","items_purchased":["Armaments","Oddly Smooth Stone"],"campfire_rested":1,"item_purchase_floors":[19,19],"current_hp_per_floor":[80,80,79,79,79,50,50,51,51,51,57,60,66,71,71,52,80,80,80,71,71,71,71,71,55,55,55,31,31,20,12,36,0],"gold":42,"neow_bonus":"RANDOM_COMMON_RELIC","is_prod":false,"is_daily":false,"chose_seed":false,"campfire_upgraded":5,"win_rate":0,"timestamp":1567053563,"path_taken":["M","?","M","?","$","E","R","M","T","R","M","M","M","M","R","BOSS","M","$","?","?","$","R","?","?","T","R","M","?","M","?","R","BOSS"],"build_version":"2019-07-17","purchased_purges":2,"victory":false,"max_hp_per_floor":[80,80,80,80,80,80,80,80,80,80,80,80,80,80,80,80,80,80,80,80,80,80,80,80,80,80,80,80,80,80,80,80,80],"card_choices":[{"not_picked":["Inflame","Clash"],"picked":"Shrug It Off","floor":1},{"not_picked":["Anger","Perfected Strike"],"picked":"True Grit","floor":3},{"not_picked":["Anger","Sword Boomerang"],"picked":"Disarm","floor":6},{"not_picked":["Flex","Blood for Blood"],"picked":"Searing Blow","floor":8},{"not_picked":["Anger","Searing Blow","Rupture"],"picked":"SKIP","floor":11},{"not_picked":["Twin Strike","Wild Strike"],"picked":"Armaments","floor":12},{"not_picked":["Fire Breathing","Clothesline"],"picked":"Battle Trance","floor":13},{"not_picked":["True Grit","Shockwave","Flex"],"picked":"SKIP","floor":14},{"not_picked":["Body Slam","Fire Breathing+1","Cleave"],"picked":"SKIP","floor":18},{"not_picked":["Thunderclap","Rage","Whirlwind"],"picked":"SKIP","floor":20},{"not_picked":["Twin Strike+1","Wild Strike+1","Havoc"],"picked":"SKIP","floor":28},{"not_picked":["Fire Breathing","Armaments","True Grit"],"picked":"SKIP","floor":30},{"not_picked":["Pommel Strike+1","Sword Boomerang+1","Feed"],"picked":"SKIP","floor":31}],"player_experience":171098,"relics_obtained":[{"floor":6,"key":"Whetstone"},{"floor":9,"key":"Ancient Tea Set"},{"floor":25,"key":"Enchiridion"},{"floor":26,"key":"Gremlin Horn"}],"event_choices":[{"damage_healed":0,"gold_gain":0,"player_choice":"Ignored","damage_taken":0,"max_hp_gain":0,"max_hp_loss":0,"event_name":"Liars Game","floor":2,"gold_loss":0},{"damage_healed":0,"gold_gain":100,"player_choice":"Pray","damage_taken":0,"max_hp_gain":0,"max_hp_loss":0,"event_name":"Golden Shrine","floor":4,"gold_loss":0},{"damage_healed":0,"gold_gain":0,"player_choice":"Paid Fearfully","damage_taken":0,"max_hp_gain":0,"max_hp_loss":0,"event_name":"Masked Bandits","floor":21,"gold_loss":130},{"damage_healed":0,"gold_gain":0,"player_choice":"Inject Mutagens","damage_taken":0,"relics_obtained":["MutagenicStrength"],"max_hp_gain":0,"max_hp_loss":0,"event_name":"Drug Dealer","floor":24,"gold_loss":0},{"damage_healed":0,"gold_gain":0,"player_choice":"Obtained Book","damage_taken":16,"max_hp_gain":0,"max_hp_loss":0,"event_name":"Cursed Tome","floor":25,"gold_loss":0},{"damage_healed":0,"gold_gain":0,"player_choice":"Opened","damage_taken":0,"relics_obtained":["Ornamental Fan"],"max_hp_gain":0,"max_hp_loss":0,"event_name":"The Mausoleum","floor":29,"gold_loss":0,"cards_obtained":["Writhe"]}],"is_beta":false,"boss_relics":[{"not_picked":["Runic Dome","Astrolabe"],"picked":"Black Blood"}],"items_purged_floors":[5,19],"is_endless":false,"potions_floor_spawned":[1,11,12,14,18,20],"killed_by":"Collector","ascension_level":0}