{"gold_per_floor":[116,136,146,71,21,52,63,63,134,34,134,166,182,182,182,182],"floor_reached":16,"playtime":1093,"items_purged":["Strike_R","Strike_R"],"score":163,"play_id":"022b69c4-e07a-4833-8296-4214dad86cc9","local_time":"20190202223004","is_ascension_mode":true,"campfire_choices":[{"floor":8,"key":"REST"},{"floor":15,"key":"REST"}],"neow_cost":"PERCENT_DAMAGE","seed_source_timestamp":2051791454278923,"circlet_count":0,"master_deck":["Strike_R","Strike_R","Defend_R","Defend_R","Defend_R+1","Defend_R+1","Bash","Shrug It Off","Metallicize","Entrench"],"relics":["Burning Blood","Thread and Needle","Meat on the Bone","Orichalcum"],"potions_floor_usage":[6,7,12],"damage_taken":[{"damage":1,"enemies":"Cultist","floor":1,"turns":3},{"damage":13,"enemies":"2 Louse","floor":2,"turns":3},{"damage":0,"enemies":"Small Slimes","floor":3,"turns":5},{"damage":52,"enemies":"Gremlin Nob","floor":6,"turns":6},{"damage":6,"enemies":"Gremlin Gang","floor":7,"turns":7},{"damage":25,"enemies":"3 Sentries","floor":12,"turns":23},{"damage":4,"enemies":"Large Slime","floor":13,"turns":12},{"damage":84,"enemies":"Slime Boss","floor":16,"turns":15}],"seed_played":"-8701492530671969100","potions_obtained":[{"floor":2,"key":"Explosive Potion"},{"floor":6,"key":"Poison Potion"},{"floor":7,"key":"Swift Potion"}],"is_trial":false,"path_per_floor":["M","M","M","$","?","E","M","R","T","$","?","E","M","?","R","B"],"character_chosen":"IRONCLAD","items_purchased":[],"campfire_rested":2,"item_purchase_floors":[],"current_hp_per_floor":[77,70,76,76,76,30,30,58,58,58,58,51,65,46,74,0],"gold":182,"neow_bonus":"TWENTY_PERCENT_HP_BONUS","is_prod":false,"is_daily":false,"chose_seed":false,"campfire_upgraded":0,"win_rate":0,"timestamp":1549168204,"path_taken":["M","M","M","?","?","E","M","R","T","$","?","E","?","?","R","BOSS"],"build_version":"2019-01-23","purchased_purges":2,"victory":false,"max_hp_per_floor":[96,96,96,96,96,96,96,96,96,96,96,96,96,96,96,96],"card_choices":[{"not_picked":["Anger","Pummel"],"picked":"Shrug It Off","floor":1},{"not_picked":["Iron Wave","Dual Wield","Clothesline"],"picked":"SKIP","floor":2},{"not_picked":["Twin Strike","Rampage"],"picked":"Metallicize","floor":3},{"not_picked":["Offering","Heavy Blade","Anger"],"picked":"SKIP","floor":6},{"not_picked":["Perfected Strike","Cleave","Iron Wave"],"picked":"SKIP","floor":7},{"not_picked":["Heavy Blade","Corruption"],"picked":"Entrench","floor":12},{"not_picked":["Power Through","Perfected Strike","Fire Breathing"],"picked":"SKIP","floor":13}],"player_experience":1243680,"relics_obtained":[{"floor":6,"key":"Thread and Needle"},{"floor":9,"key":"Meat on the Bone"},{"floor":12,"key":"Orichalcum"}],"event_choices":[{"cards_removed":["Strike_R"],"damage_healed":0,"gold_gain":0,"player_choice":"Card Removal","damage_taken":0,"max_hp_gain":0,"max_hp_loss":0,"event_name":"The Cleric","floor":5,"gold_loss":50},{"damage_healed":0,"gold_gain":100,"player_choice":"Pray","damage_taken":0,"max_hp_gain":0,"max_hp_loss":0,"event_name":"Golden Shrine","floor":11,"gold_loss":0},{"damage_healed":0,"gold_gain":0,"player_choice":"Entered Light","damage_taken":19,"max_hp_gain":0,"max_hp_loss":0,"event_name":"Shining Light","floor":14,"gold_loss":0,"cards_upgraded":["Defend_R","Defend_R"]}],"is_beta":false,"boss_relics":[],"items_purged_floors":[4,10],"is_endless":false,"potions_floor_spawned":[2,6,7],"killed_by":"Slime Boss","ascension_level":5}