{"gold_per_floor":[113,113,38,49,64,93,93,103,153,153,126,126,96],"floor_reached":13,"playtime":515,"items_purged":["Strike_R"],"score":106,"play_id":"bb1b184c-d0e6-4280-8bdf-666f865a0b56","local_time":"20190202162025","is_ascension_mode":true,"campfire_choices":[{"floor":7,"key":"REST"},{"floor":10,"key":"REST"}],"neow_cost":"NONE","seed_source_timestamp":2030189515400217,"circlet_count":0,"master_deck":["Strike_R","Strike_R","Strike_R","Strike_R","Defend_R","Defend_R","Defend_R","Defend_R","Bash+1","Body Slam","Dark Embrace","Whirlwind","Disarm","Uppercut","Shockwave","Feed+1"],"relics":["Burning Blood","NeowsBlessing","Letter Opener","Blood Vial"],"potions_floor_usage":[6],"damage_taken":[{"damage":0,"enemies":"Small Slimes","floor":1,"turns":1},{"damage":0,"enemies":"Cultist","floor":4,"turns":1},{"damage":0,"enemies":"Jaw Worm","floor":5,"turns":1},{"damage":75,"enemies":"Lagavulin","floor":6,"turns":11},{"damage":15,"enemies":"Blue Slaver","floor":8,"turns":7},{"damage":39,"enemies":"Exordium Thugs","floor":11,"turns":8},{"damage":13,"enemies":"Looter","floor":13,"turns":2}],"seed_played":"-3031107291820282804","potions_obtained":[{"floor":4,"key":"SteroidPotion"},{"floor":6,"key":"Explosive Potion"},{"floor":11,"key":"PowerPotion"}],"is_trial":false,"path_per_floor":["M","?","$","M","M","E","R","M","T","R","M","?","M"],"character_chosen":"IRONCLAD","items_purchased":[],"campfire_rested":2,"item_purchase_floors":[],"current_hp_per_floor":[80,80,80,80,80,11,35,26,26,50,22,5,0],"gold":96,"neow_bonus":"THREE_ENEMY_KILL","is_prod":false,"is_daily":false,"chose_seed":false,"campfire_upgraded":0,"win_rate":0,"timestamp":1549146025,"path_taken":["M","?","$","?","M","E","R","M","T","R","?","?","M"],"build_version":"2019-01-23","purchased_purges":1,"victory":false,"max_hp_per_floor":[80,80,80,80,80,80,80,80,80,80,83,83,83],"card_choices":[{"not_picked":["Cleave","Heavy Blade"],"picked":"Body Slam","floor":1},{"not_picked":["Infernal Blade","Carnage"],"picked":"Disarm","floor":4},{"not_picked":["Clash","Cleave"],"picked":"Uppercut","floor":5},{"not_picked":["Reckless Charge","True Grit"],"picked":"Shockwave","floor":6},{"not_picked":["Anger","Rupture"],"picked":"Feed","floor":8},{"not_picked":["Clash","Blood for Blood","Spot Weakness"],"picked":"SKIP","floor":11}],"player_experience":1239753,"relics_obtained":[{"floor":6,"key":"Letter Opener"},{"floor":9,"key":"Blood Vial"}],"event_choices":[{"damage_healed":0,"gold_gain":0,"player_choice":"2 cards matched","damage_taken":0,"max_hp_gain":0,"max_hp_loss":0,"event_name":"Match and Keep!","floor":2,"gold_loss":0,"cards_obtained":["Dark Embrace","Whirlwind"]},{"damage_healed":0,"gold_gain":0,"player_choice":"Entered Light","damage_taken":17,"max_hp_gain":0,"max_hp_loss":0,"event_name":"Shining Light","floor":12,"gold_loss":0,"cards_upgraded":["Feed","Bash"]}],"is_beta":false,"boss_relics":[],"items_purged_floors":[3],"is_endless":false,"potions_floor_spawned":[4,6,11],"killed_by":"Looter","ascension_level":5}