{"gold_per_floor":[119,119,136,48,62,89,89,89,115,128,128,128,147,167,167,272,272,284,199,212,212],"floor_reached":21,"playtime":1230,"items_purged":[],"score":272,"play_id":"56637208-2ddc-43ff-bfcc-f52cb08e3c0c","local_time":"20190718090314","is_ascension_mode":true,"campfire_choices":[{"floor":7,"key":"REST"},{"floor":11,"key":"REST"},{"floor":15,"key":"REST"}],"neow_cost":"NONE","seed_source_timestamp":548922864491848,"circlet_count":0,"master_deck":["AscendersBane","Strike_B","Strike_B","Strike_B","Strike_B","Defend_B","Defend_B","Defend_B","Defend_B","Zap","Dualcast","Madness","Cold Snap","Loop","Defragment","Glacier","Core Surge","Cold Snap"],"relics":["Cracked Core","NeowsBlessing","Oddly Smooth Stone","Singing Bowl","Smiling Mask","Sozu","Dream Catcher"],"potions_floor_usage":[16,16,16],"damage_taken":[{"damage":0,"enemies":"Cultist","floor":1,"turns":1},{"damage":0,"enemies":"2 Louse","floor":3,"turns":1},{"damage":0,"enemies":"Jaw Worm","floor":5,"turns":1},{"damage":62,"enemies":"Gremlin Nob","floor":6,"turns":8},{"damage":5,"enemies":"Looter","floor":10,"turns":4},{"damage":27,"enemies":"Lots of Slimes","floor":13,"turns":5},{"damage":9,"enemies":"Red Slaver","floor":14,"turns":4},{"damage":18,"enemies":"Hexaghost","floor":16,"turns":11},{"damage":42,"enemies":"3 Byrds","floor":18,"turns":9},{"damage":9,"enemies":"Spheric Guardian","floor":20,"turns":6},{"damage":19,"enemies":"Centurion and Healer","floor":21,"turns":19}],"seed_played":"6727959372829309463","potions_obtained":[{"floor":1,"key":"FocusPotion"},{"floor":2,"key":"LiquidBronze"},{"floor":2,"key":"GamblersBrew"},{"floor":6,"key":"Regen Potion"},{"floor":16,"key":"Fire Potion"}],"is_trial":false,"path_per_floor":["M","?","M","$","M","E","R","T","T","M","R","?","M","M","R","B",null,"M","?","M","M"],"character_chosen":"DEFECT","items_purchased":["Madness"],"campfire_rested":3,"item_purchase_floors":[4],"current_hp_per_floor":[68,68,68,68,68,6,28,28,28,23,45,45,20,11,34,31,66,24,24,17,0],"gold":212,"neow_bonus":"THREE_ENEMY_KILL","is_prod":false,"is_daily":false,"chose_seed":false,"campfire_upgraded":0,"win_rate":0,"timestamp":1563458594,"path_taken":["M","?","M","$","?","E","R","?","T","?","R","?","M","M","R","BOSS","M","?","M","M"],"build_version":"2019-07-17","purchased_purges":0,"victory":false,"max_hp_per_floor":[75,75,75,75,75,75,75,75,75,75,75,75,77,77,77,77,77,77,77,79,79],"card_choices":[{"not_picked":["Aggregate","Lockon","Compile Driver"],"picked":"SKIP","floor":1},{"not_picked":["Streamline","Sweeping Beam","Barrage"],"picked":"SKIP","floor":3},{"not_picked":["Steam","Barrage"],"picked":"Cold Snap","floor":5},{"not_picked":["Doom and Gloom","Double Energy"],"picked":"Loop","floor":6},{"not_picked":["Chaos","FTL"],"picked":"Defragment","floor":10},{"not_picked":["Barrage","Genetic Algorithm","Compile Driver"],"picked":"Singing Bowl","floor":13},{"not_picked":["Cold Snap","Stack"],"picked":"Glacier","floor":14},{"not_picked":["Meteor Strike","Seek"],"picked":"Core Surge","floor":16},{"not_picked":["Gash+1","Streamline"],"picked":"Cold Snap","floor":18},{"not_picked":["Go for the Eyes","Leap","Turbo"],"picked":"Singing Bowl","floor":20}],"player_experience":2391217,"relics_obtained":[{"floor":6,"key":"Oddly Smooth Stone"},{"floor":8,"key":"Singing Bowl"},{"floor":9,"key":"Smiling Mask"}],"event_choices":[{"damage_healed":0,"gold_gain":0,"player_choice":"Got Potions","damage_taken":0,"max_hp_gain":0,"max_hp_loss":0,"event_name":"Lab","floor":2,"gold_loss":0},{"damage_healed":0,"gold_gain":0,"player_choice":"Ignored","damage_taken":0,"max_hp_gain":0,"max_hp_loss":0,"event_name":"Liars Game","floor":12,"gold_loss":0},{"damage_healed":0,"gold_gain":0,"player_choice":"Obtained Relic","damage_taken":0,"relics_obtained":["Dream Catcher"],"max_hp_gain":0,"max_hp_loss":0,"event_name":"Addict","floor":19,"gold_loss":85}],"is_beta":false,"boss_relics":[{"not_picked":["Nuclear Battery","Tiny House"],"picked":"Sozu"}],"items_purged_floors":[],"is_endless":false,"potions_floor_spawned":[1,6,13,16,20],"killed_by":"Centurion and Healer","ascension_level":10}