{"gold_per_floor":[117,117,117,134,134,168,168,184,184,195,46,59,29,62,62,62],"floor_reached":16,"playtime":1026,"items_purged":["Strike_R"],"score":110,"play_id":"4e6ad3d5-fc64-4ff8-b67d-1b092c12c9b7","local_time":"20190827224007","is_ascension_mode":false,"campfire_choices":[{"data":"Corruption","floor":7,"key":"SMITH"},{"floor":15,"key":"REST"}],"neow_cost":"NONE","seed_source_timestamp":417877940000,"circlet_count":0,"master_deck":["Strike_R","Strike_R","Strike_R","Defend_R","Defend_R","Defend_R","Defend_R","Bash","Corruption+1","Whirlwind","Metallicize","Evolve","Feed","Burning Pact","Iron Wave"],"relics":["Burning Blood","Pear","Nunchaku","Vajra","Meat on the Bone"],"potions_floor_usage":[14,16],"damage_taken":[{"damage":16,"enemies":"Jaw Worm","floor":1,"turns":6},{"damage":10,"enemies":"Small Slimes","floor":4,"turns":6},{"damage":34,"enemies":"3 Sentries","floor":6,"turns":6},{"damage":8,"enemies":"2 Louse","floor":8,"turns":2},{"damage":13,"enemies":"Red Slaver","floor":10,"turns":4},{"damage":0,"enemies":"Lots of Slimes","floor":12,"turns":1},{"damage":0,"enemies":"Looter","floor":13,"turns":4},{"damage":36,"enemies":"Lagavulin","floor":14,"turns":7},{"damage":48,"enemies":"Hexaghost","floor":16,"turns":9}],"seed_played":"4180880372327586658","potions_obtained":[{"floor":1,"key":"LiquidBronze"},{"floor":12,"key":"Strength Potion"},{"floor":14,"key":"AttackPotion"}],"is_trial":false,"path_per_floor":["M","?","?","M","?","E","R","M","T","M","$","M","M","E","R","B"],"character_chosen":"IRONCLAD","items_purchased":["Feed"],"campfire_rested":1,"item_purchase_floors":[11],"current_hp_per_floor":[70,70,70,66,76,48,48,46,46,39,39,45,51,21,48,0],"gold":62,"neow_bonus":"REMOVE_CARD","is_prod":false,"is_daily":false,"chose_seed":false,"campfire_upgraded":1,"win_rate":0,"timestamp":1566916807,"path_taken":["M","?","?","M","?","E","R","M","T","?","?","M","M","E","R","BOSS"],"build_version":"2019-07-17","purchased_purges":1,"victory":false,"max_hp_per_floor":[80,80,80,80,90,90,90,90,90,90,90,90,90,90,90,90],"card_choices":[{"not_picked":["Thunderclap","Havoc"],"picked":"Corruption","floor":1},{"not_picked":["Twin Strike","Cleave"],"picked":"Whirlwind","floor":4},{"not_picked":["Burning Pact","Perfected Strike"],"picked":"Metallicize","floor":6},{"not_picked":["Second Wind","Sever Soul","Warcry"],"picked":"SKIP","floor":8},{"not_picked":["Perfected Strike","Rupture"],"picked":"Evolve","floor":10},{"not_picked":["Corruption","Ghostly Armor"],"picked":"Burning Pact","floor":12},{"not_picked":["Evolve","True Grit"],"picked":"Iron Wave","floor":13},{"not_picked":["Double Tap","True Grit","Sword Boomerang"],"picked":"SKIP","floor":14}],"player_experience":232826,"relics_obtained":[{"floor":6,"key":"Nunchaku"},{"floor":9,"key":"Vajra"},{"floor":14,"key":"Meat on the Bone"}],"event_choices":[{"damage_healed":0,"gold_gain":0,"player_choice":"Ignored","damage_taken":0,"max_hp_gain":0,"max_hp_loss":0,"event_name":"Shining Light","floor":2,"gold_loss":0},{"damage_healed":0,"gold_gain":0,"player_choice":"Ignored","damage_taken":0,"max_hp_gain":0,"max_hp_loss":0,"event_name":"Liars Game","floor":3,"gold_loss":0},{"damage_healed":0,"gold_gain":0,"player_choice":"Gave Potion","damage_taken":0,"relics_obtained":["Pear"],"max_hp_gain":0,"max_hp_loss":0,"event_name":"WeMeetAgain","floor":5,"gold_loss":0}],"is_beta":false,"boss_relics":[],"items_purged_floors":[11],"is_endless":false,"potions_floor_spawned":[1,12,14],"killed_by":"Hexaghost","ascension_level":0}