{"gold_per_floor":[123,146,168,255,38,38,50,50,50,67,86,86,109,125,125,255,255,269,288,288,303,402,402,413,430,504,414,425,126,140,153,153,153],"floor_reached":33,"playtime":2775,"items_purged":["Dualcast","Strike_B"],"score":371,"play_id":"5c263b5d-8f5f-407b-83e0-0ba2a1c32d2e","local_time":"20190718220827","is_ascension_mode":true,"campfire_choices":[{"floor":6,"key":"REST"},{"data":"Zap","floor":8,"key":"SMITH"},{"floor":15,"key":"REST"},{"floor":23,"key":"REST"},{"floor":32,"key":"REST"}],"neow_cost":"NONE","seed_source_timestamp":594490653140226,"circlet_count":0,"master_deck":["AscendersBane","Strike_B","Strike_B","Defend_B","Defend_B","Defend_B","Defend_B","Zap+1","Glacier","Cold Snap+1","Glacier","Conserve Battery","Echo Form","Conserve Battery","Capacitor","Echo Form"],"relics":["Cracked Core","MawBank","Anchor","Gremlin Horn","Bloody Idol","Inserter","Ornamental Fan","PrismaticShard"],"potions_floor_usage":[16,16,16,30,31,33],"damage_taken":[{"damage":0,"enemies":"Cultist","floor":1,"turns":4},{"damage":7,"enemies":"Jaw Worm","floor":2,"turns":4},{"damage":12,"enemies":"Small Slimes","floor":3,"turns":5},{"damage":0,"enemies":"2 Fungi Beasts","floor":7,"turns":4},{"damage":0,"enemies":"Blue Slaver","floor":10,"turns":4},{"damage":0,"enemies":"Red Slaver","floor":11,"turns":5},{"damage":0,"enemies":"Looter","floor":13,"turns":4},{"damage":0,"enemies":"3 Louse","floor":14,"turns":3},{"damage":41,"enemies":"The Guardian","floor":16,"turns":22},{"damage":4,"enemies":"Spheric Guardian","floor":18,"turns":9},{"damage":19,"enemies":"Chosen","floor":19,"turns":6},{"damage":11,"enemies":"Centurion and Healer","floor":21,"turns":13},{"damage":14,"enemies":"Snecko","floor":24,"turns":9},{"damage":15,"enemies":"Shelled Parasite and Fungi","floor":25,"turns":12},{"damage":30,"enemies":"Chosen and Byrds","floor":28,"turns":10},{"damage":13,"enemies":"Centurion and Healer","floor":30,"turns":11},{"damage":2,"enemies":"Cultist and Chosen","floor":31,"turns":7},{"damage":57,"enemies":"Automaton","floor":33,"turns":12}],"seed_played":"7183360715601348040","potions_obtained":[{"floor":7,"key":"Swift Potion"},{"floor":10,"key":"SpeedPotion"},{"floor":13,"key":"Fire Potion"},{"floor":16,"key":"SpeedPotion"},{"floor":18,"key":"SteroidPotion"},{"floor":24,"key":"AttackPotion"},{"floor":28,"key":"Energy Potion"},{"floor":31,"key":"Weak Potion"}],"is_trial":false,"path_per_floor":["M","M","M","?","$","R","M","R","T","M","M","?","M","M","R","B",null,"M","M","?","M","?","R","M","M","T","?","M","$","M","M","R","B"],"character_chosen":"DEFECT","items_purchased":["Anchor","PrismaticShard"],"campfire_rested":4,"item_purchase_floors":[5,29],"current_hp_per_floor":[68,61,49,38,38,60,60,60,60,60,60,42,42,42,64,23,62,58,39,39,33,38,60,51,41,46,46,21,21,13,16,38,0],"gold":153,"neow_bonus":"RANDOM_COMMON_RELIC","is_prod":false,"is_daily":false,"chose_seed":false,"campfire_upgraded":1,"win_rate":0,"timestamp":1563505707,"path_taken":["M","M","?","?","$","R","M","R","T","M","M","?","M","M","R","BOSS","M","M","?","M","?","R","M","M","T","?","?","$","M","M","R","BOSS"],"build_version":"2019-07-17","purchased_purges":2,"victory":false,"max_hp_per_floor":[75,75,75,75,75,75,75,75,75,75,75,75,75,75,75,75,75,75,75,75,75,75,75,75,75,75,75,75,75,75,75,75,75],"card_choices":[{"not_picked":["Conserve Battery","Hologram"],"picked":"Glacier","floor":1},{"not_picked":["Rebound","Streamline","Hologram"],"picked":"SKIP","floor":2},{"not_picked":["Rip and Tear","Skim","Compile Driver"],"picked":"SKIP","floor":3},{"not_picked":["Go for the Eyes","White Noise","Double Energy"],"picked":"SKIP","floor":7},{"not_picked":["Heatsinks","Coolheaded"],"picked":"Cold Snap","floor":10},{"not_picked":["Melter","Thunder Strike"],"picked":"Glacier","floor":11},{"not_picked":["Scrape","Go for the Eyes","Leap"],"picked":"SKIP","floor":13},{"not_picked":["Hologram","Turbo"],"picked":"Conserve Battery","floor":14},{"not_picked":["All For One","Machine Learning"],"picked":"Echo Form","floor":16},{"not_picked":["Barrage","Genetic Algorithm","Compile Driver"],"picked":"SKIP","floor":18},{"not_picked":["Tempest","Compile Driver+1"],"picked":"Conserve Battery","floor":19},{"not_picked":["Steam Power","Leap+1","Lockon+1"],"picked":"SKIP","floor":21},{"not_picked":["Coolheaded","Steam+1","Gash"],"picked":"SKIP","floor":24},{"not_picked":["Doom and Gloom+1","Steam+1"],"picked":"Capacitor","floor":25},{"not_picked":["Sweeping Beam","Sunder"],"picked":"Echo Form","floor":28},{"not_picked":["Prepared","Thunderclap","Flying Knee"],"picked":"SKIP","floor":30},{"not_picked":["Doppelganger","Prepared","Mind Blast"],"picked":"SKIP","floor":31}],"player_experience":2394159,"relics_obtained":[{"floor":9,"key":"Gremlin Horn"},{"floor":26,"key":"Ornamental Fan"}],"event_choices":[{"damage_healed":0,"gold_gain":75,"player_choice":"Gather Gold","damage_taken":11,"max_hp_gain":0,"max_hp_loss":0,"event_name":"World of Goop","floor":4,"gold_loss":0},{"damage_healed":0,"gold_gain":0,"player_choice":"Take Damage","damage_taken":18,"relics_obtained":["Golden Idol"],"max_hp_gain":0,"max_hp_loss":0,"event_name":"Golden Idol","floor":12,"gold_loss":0},{"damage_healed":0,"gold_gain":0,"player_choice":"Gave Idol","damage_taken":0,"relics_obtained":["Bloody Idol"],"max_hp_gain":0,"max_hp_loss":0,"event_name":"Forgotten Altar","floor":20,"relics_lost":["Golden Idol"],"gold_loss":0},{"damage_healed":0,"gold_gain":99,"player_choice":"Stole From Cult","damage_taken":0,"max_hp_gain":0,"max_hp_loss":0,"event_name":"Nest","floor":22,"gold_loss":0},{"cards_removed":["Strike_B"],"damage_healed":0,"gold_gain":0,"player_choice":"Upgrade and Remove","damage_taken":0,"max_hp_gain":0,"max_hp_loss":0,"event_name":"Designer","floor":27,"gold_loss":90,"cards_upgraded":["Cold Snap"]}],"is_beta":false,"boss_relics":[{"not_picked":["Tiny House","Ectoplasm"],"picked":"Inserter"}],"items_purged_floors":[5,29],"is_endless":false,"potions_floor_spawned":[7,10,13,16,18,24,25,28,31],"killed_by":"Automaton","ascension_level":10}