{"gold_per_floor":[118,118,193,193,217,217,240,240,264,293,243,243,267,267,267,395,395,415,434,434,434,22,22],"floor_reached":23,"playtime":883,"items_purged":["Doubt"],"score":318,"play_id":"fb0f59e6-13cd-4884-8018-fa5e6d716949","local_time":"20190428163933","is_ascension_mode":true,"campfire_choices":[{"floor":6,"key":"REST"},{"data":"Zap","floor":8,"key":"SMITH"},{"floor":12,"key":"REST"},{"floor":15,"key":"REST"}],"neow_cost":"NONE","seed_source_timestamp":0,"circlet_count":0,"master_deck":["Strike_B","Strike_B","Strike_B","Strike_B+1","Defend_B+1","Defend_B","Defend_B","Defend_B","Zap+1","Loop","Capacitor","Seek","Conserve Battery+1","Self Repair"],"special_seed":0,"relics":["Cracked Core","Golden Idol","Odd Mushroom","Cursed Key","Bird Faced Urn","Matryoshka"],"potions_floor_usage":[16,16,16,16,16,16,23],"damage_taken":[{"damage":2,"enemies":"2 Louse","floor":1,"turns":3},{"damage":0,"enemies":"Jaw Worm","floor":5,"turns":5},{"damage":0,"enemies":"Small Slimes","floor":7,"turns":3},{"damage":29,"enemies":"The Mushroom Lair","floor":10,"turns":6},{"damage":12,"enemies":"Exordium Wildlife","floor":13,"turns":4},{"damage":0,"enemies":"Slime Boss","floor":16,"turns":5},{"damage":19,"enemies":"Spheric Guardian","floor":18,"turns":4},{"damage":4,"enemies":"Chosen","floor":19,"turns":6},{"damage":67,"enemies":"Slavers","floor":23,"turns":4}],"seed_played":"-2622712157145580911","potions_obtained":[{"floor":7,"key":"FearPotion"},{"floor":13,"key":"EntropicBrew"},{"floor":16,"key":"Fruit Juice"},{"floor":18,"key":"SpeedPotion"}],"is_trial":false,"path_per_floor":["M","?","?","?","M","R","M","R","T","?","?","R","M","?","R","B",null,"M","M","?","T","$","E"],"character_chosen":"DEFECT","items_purchased":["Matryoshka","Self Repair"],"campfire_rested":3,"item_purchase_floors":[22,22],"current_hp_per_floor":[73,73,62,42,42,66,66,66,66,37,37,61,49,33,57,62,81,62,58,58,58,58,0],"gold":22,"neow_bonus":"TEN_PERCENT_HP_BONUS","is_prod":false,"is_daily":false,"chose_seed":false,"campfire_upgraded":1,"win_rate":0,"timestamp":1556487573,"path_taken":["M","?","?","?","M","R","M","R","T","?","?","R","?","?","R","BOSS","M","M","?","?","$","E"],"build_version":"2019-01-23","purchased_purges":1,"victory":false,"max_hp_per_floor":[82,82,82,82,82,82,82,82,82,82,82,82,82,82,82,87,87,87,87,87,87,87,87],"card_choices":[{"not_picked":["Hologram","Force Field","Blizzard"],"picked":"SKIP","floor":1},{"not_picked":["Leap","Ball Lightning","Steam"],"picked":"SKIP","floor":5},{"not_picked":["Skim","Rebound","Force Field"],"picked":"SKIP","floor":7},{"not_picked":["Double Energy","Beam Cell"],"picked":"Loop","floor":10},{"not_picked":["Sweeping Beam","Redo"],"picked":"Capacitor","floor":13},{"not_picked":["Amplify","Machine Learning"],"picked":"Seek","floor":16},{"not_picked":["Rebound","Hello World","Lockon"],"picked":"SKIP","floor":18},{"not_picked":["BootSequence","Sweeping Beam"],"picked":"Conserve Battery+1","floor":19}],"player_experience":1885690,"relics_obtained":[{"floor":10,"key":"Odd Mushroom"},{"floor":21,"key":"Bird Faced Urn"}],"event_choices":[{"damage_healed":0,"gold_gain":0,"player_choice":"Ignored","damage_taken":0,"max_hp_gain":0,"max_hp_loss":0,"event_name":"Liars Game","floor":2,"gold_loss":0},{"damage_healed":0,"gold_gain":75,"player_choice":"Gather Gold","damage_taken":11,"max_hp_gain":0,"max_hp_loss":0,"event_name":"World of Goop","floor":3,"gold_loss":0},{"damage_healed":0,"gold_gain":0,"player_choice":"Take Damage","damage_taken":20,"relics_obtained":["Golden Idol"],"max_hp_gain":0,"max_hp_loss":0,"event_name":"Golden Idol","floor":4,"gold_loss":0},{"damage_healed":0,"gold_gain":0,"player_choice":"Fought Mushrooms","damage_taken":0,"max_hp_gain":0,"max_hp_loss":0,"event_name":"Mushrooms","floor":10,"gold_loss":0},{"cards_removed":["Dualcast"],"damage_healed":0,"gold_gain":0,"player_choice":"Card Removal","damage_taken":0,"max_hp_gain":0,"max_hp_loss":0,"event_name":"The Cleric","floor":11,"gold_loss":50},{"damage_healed":0,"gold_gain":0,"player_choice":"Entered Light","damage_taken":16,"max_hp_gain":0,"max_hp_loss":0,"event_name":"Shining Light","floor":14,"gold_loss":0,"cards_upgraded":["Strike_B","Defend_B"]},{"damage_healed":0,"gold_gain":0,"player_choice":"Ignored","damage_taken":0,"max_hp_gain":0,"max_hp_loss":0,"event_name":"Vampires","floor":20,"gold_loss":0}],"is_beta":false,"boss_relics":[{"not_picked":["Coffee Dripper","Runic Pyramid"],"picked":"Cursed Key"}],"items_purged_floors":[22],"is_endless":false,"potions_floor_spawned":[7,13,16,18],"killed_by":"Slavers","ascension_level":8}