{"gold_per_floor":[12,12,36,36,36,60,80,80,80,80,80,103,43,43,43,43],"floor_reached":16,"playtime":871,"items_purged":["Strike_G"],"score":131,"play_id":"3d84acf7-d410-46a8-8b66-4b042d57f95d","local_time":"20190708102310","is_ascension_mode":true,"campfire_choices":[{"floor":8,"key":"REST"},{"data":"After Image","floor":10,"key":"SMITH"},{"floor":15,"key":"REST"}],"neow_cost":"NO_GOLD","seed_source_timestamp":1063477178080649,"circlet_count":0,"master_deck":["Strike_G","Strike_G","Strike_G","Defend_G","Defend_G","Defend_G","Defend_G","Defend_G","Survivor","Neutralize","After Image+1","Blur","Crippling Poison","Quick Slash"],"relics":["Ring of the Snake","Golden Idol","The Courier"],"potions_floor_usage":[7,16],"damage_taken":[{"damage":0,"enemies":"2 Louse","floor":1,"turns":4},{"damage":0,"enemies":"Jaw Worm","floor":3,"turns":7},{"damage":0,"enemies":"Small Slimes","floor":6,"turns":7},{"damage":8,"enemies":"Gremlin Gang","floor":7,"turns":7},{"damage":20,"enemies":"Exordium Wildlife","floor":12,"turns":12},{"damage":78,"enemies":"Hexaghost","floor":16,"turns":18}],"seed_played":"2563789450081912312","potions_obtained":[{"floor":3,"key":"Explosive Potion"},{"floor":7,"key":"AttackPotion"},{"floor":11,"key":"Energy Potion"},{"floor":11,"key":"SkillPotion"},{"floor":11,"key":"FairyPotion"}],"is_trial":false,"path_per_floor":["M","?","M","?","$","M","M","R","T","R","?","M","$","?","R","B"],"character_chosen":"THE_SILENT","items_purchased":[],"campfire_rested":2,"item_purchase_floors":[],"current_hp_per_floor":[63,46,46,46,46,46,38,59,59,59,59,39,39,39,60,0],"gold":43,"neow_bonus":"THREE_RARE_CARDS","is_prod":false,"is_daily":false,"chose_seed":false,"campfire_upgraded":1,"win_rate":0,"timestamp":1562599390,"path_taken":["M","?","M","?","?","M","M","R","T","R","?","?","$","?","R","BOSS"],"build_version":"2019-07-05","purchased_purges":1,"victory":false,"max_hp_per_floor":[70,70,70,70,70,70,70,70,70,70,70,70,70,70,70,70],"card_choices":[{"not_picked":["Wraith Form v2","A Thousand Cuts"],"picked":"After Image","floor":0},{"not_picked":["Blade Dance","PiercingWail","Eviscerate"],"picked":"SKIP","floor":1},{"not_picked":["Acrobatics","Flying Knee"],"picked":"Blur","floor":3},{"not_picked":["Flying Knee","Cloak And Dagger","PiercingWail"],"picked":"SKIP","floor":6},{"not_picked":["Acrobatics","Backflip","Flying Knee"],"picked":"SKIP","floor":7},{"not_picked":["Riddle With Holes","Prepared"],"picked":"Crippling Poison","floor":12}],"player_experience":2162817,"relics_obtained":[{"floor":9,"key":"The Courier"}],"event_choices":[{"damage_healed":0,"gold_gain":0,"player_choice":"Take Damage","damage_taken":17,"relics_obtained":["Golden Idol"],"max_hp_gain":0,"max_hp_loss":0,"event_name":"Golden Idol","floor":2,"gold_loss":0},{"damage_healed":0,"gold_gain":0,"player_choice":"Ignored","damage_taken":0,"max_hp_gain":0,"max_hp_loss":0,"event_name":"Liars Game","floor":4,"gold_loss":0},{"damage_healed":0,"gold_gain":0,"player_choice":"Got Potions","damage_taken":0,"max_hp_gain":0,"max_hp_loss":0,"event_name":"Lab","floor":11,"gold_loss":0},{"damage_healed":0,"gold_gain":0,"cards_transformed":["Strike_G"],"player_choice":"Change","damage_taken":0,"max_hp_gain":0,"max_hp_loss":0,"event_name":"Living Wall","floor":14,"gold_loss":0,"cards_obtained":["Quick Slash"]}],"is_beta":false,"boss_relics":[],"items_purged_floors":[13],"is_endless":false,"potions_floor_spawned":[3,7],"killed_by":"Hexaghost","ascension_level":9}