{"gold_per_floor":[115,115,133,148,73,73,137,56,56,6,6,6,6,20,20,115,115,129,129],"floor_reached":19,"playtime":3146,"items_purged":["Strike_G"],"score":217,"play_id":"cbd23208-6d21-4735-ae18-d14a98920edb","local_time":"20190328221650","is_ascension_mode":true,"campfire_choices":[{"data":"Strike_G","floor":6,"key":"SMITH"},{"floor":11,"key":"REST"},{"floor":13,"key":"REST"},{"floor":15,"key":"REST"}],"neow_cost":"NONE","seed_source_timestamp":1049844248688732,"circlet_count":0,"master_deck":["Defend_G","Defend_G","Defend_G","Defend_G","Defend_G","Survivor","Neutralize","Noxious Fumes","Caltrops","Dash","Footwork","Caltrops","Burst","Outmaneuver+1","Blur+1","Noxious Fumes+1"],"relics":["Ring of the Snake","NeowsBlessing","Dream Catcher","Sundial","Bottled Tornado","Astrolabe"],"potions_floor_usage":[7,16],"damage_taken":[{"damage":0,"enemies":"Small Slimes","floor":1,"turns":1},{"damage":0,"enemies":"Jaw Worm","floor":3,"turns":1},{"damage":0,"enemies":"2 Louse","floor":4,"turns":1},{"damage":27,"enemies":"3 Sentries","floor":7,"turns":12},{"damage":21,"enemies":"Large Slime","floor":14,"turns":7},{"damage":28,"enemies":"Slime Boss","floor":16,"turns":15},{"damage":2,"enemies":"Spheric Guardian","floor":18,"turns":6},{"damage":65,"enemies":"Masked Bandits","floor":19,"turns":3}],"seed_played":"681606124480207749","potions_obtained":[{"floor":1,"key":"AttackPotion"},{"floor":14,"key":"EssenceOfSteel"},{"floor":16,"key":"Weak Potion"}],"is_trial":false,"path_per_floor":["M","?","M","M","$","R","?","$","T","?","R","$","R","M","R","B",null,"M","?"],"character_chosen":"THE_SILENT","items_purchased":["Noxious Fumes"],"campfire_rested":3,"item_purchase_floors":[8],"current_hp_per_floor":[63,51,51,51,51,51,24,24,24,24,45,45,66,45,66,38,62,60,0],"gold":129,"neow_bonus":"THREE_ENEMY_KILL","is_prod":false,"is_daily":false,"chose_seed":false,"campfire_upgraded":1,"win_rate":0,"timestamp":1553829410,"path_taken":["M","?","M","M","$","R","?","$","T","?","R","$","R","M","R","BOSS","M","?"],"build_version":"2019-01-23","purchased_purges":1,"victory":false,"max_hp_per_floor":[70,70,70,70,70,70,70,70,70,70,70,70,70,70,70,70,70,70,70],"card_choices":[{"not_picked":["Setup","Escape Plan","Deflect"],"picked":"SKIP","floor":1},{"not_picked":["Dodge and Roll","Deflect","Underhanded Strike"],"picked":"SKIP","floor":3},{"not_picked":["Flying Knee","Blade Dance","Sucker Punch"],"picked":"SKIP","floor":4},{"not_picked":["Leg Sweep","Reflex"],"picked":"Caltrops","floor":11},{"not_picked":["Heel Hook","Catalyst"],"picked":"Dash","floor":13},{"not_picked":["Slice","Well Laid Plans"],"picked":"Footwork","floor":14},{"not_picked":["Setup","Poisoned Stab"],"picked":"Caltrops","floor":15},{"not_picked":["Night Terror","Die Die Die"],"picked":"Burst","floor":16},{"not_picked":["Prepared","Dagger Spray","Expertise"],"picked":"SKIP","floor":18}],"player_experience":1741877,"relics_obtained":[{"floor":7,"key":"Sundial"},{"floor":9,"key":"Bottled Tornado"}],"event_choices":[{"damage_healed":0,"gold_gain":0,"player_choice":"Success","damage_taken":12,"relics_obtained":["Dream Catcher"],"max_hp_gain":0,"max_hp_loss":0,"event_name":"Scrap Ooze","floor":2,"gold_loss":0},{"damage_healed":0,"gold_gain":0,"player_choice":"Searched \u00271\u0027 times","damage_taken":0,"max_hp_gain":0,"max_hp_loss":0,"event_name":"Dead Adventurer","floor":7,"gold_loss":0},{"cards_removed":["Strike_G"],"damage_healed":0,"gold_gain":0,"player_choice":"Card Removal","damage_taken":0,"max_hp_gain":0,"max_hp_loss":0,"event_name":"The Cleric","floor":10,"gold_loss":50},{"damage_healed":0,"gold_gain":0,"player_choice":"Fought Bandits","damage_taken":0,"max_hp_gain":0,"max_hp_loss":0,"event_name":"Masked Bandits","floor":19,"gold_loss":0}],"is_beta":false,"boss_relics":[{"not_picked":["White Beast Statue","Pandora\u0027s Box"],"picked":"Astrolabe"}],"items_purged_floors":[5],"is_endless":false,"potions_floor_spawned":[1,14,16],"killed_by":"Masked Bandits","ascension_level":8}