{"gold_per_floor":[116,116,135,60,84,84,120,120,120,186,186],"floor_reached":11,"playtime":307,"items_purged":["Dualcast"],"score":99,"play_id":"09e9d07a-aba7-429b-ba70-a76a61961bc7","local_time":"20190403212813","is_ascension_mode":true,"campfire_choices":[{"floor":6,"key":"REST"}],"neow_cost":"NONE","seed_source_timestamp":1568189805091929,"circlet_count":0,"master_deck":["Strike_B","Strike_B","Strike_B","Strike_B","Defend_B","Defend_B","Defend_B","Defend_B","Zap","Capacitor","Sunder"],"relics":["Cracked Core","Potion Belt","Golden Idol","Bird Faced Urn","StoneCalendar"],"potions_floor_usage":[],"damage_taken":[{"damage":0,"enemies":"Small Slimes","floor":1,"turns":3},{"damage":9,"enemies":"Jaw Worm","floor":3,"turns":4},{"damage":0,"enemies":"Cultist","floor":5,"turns":4},{"damage":61,"enemies":"Lagavulin","floor":7,"turns":9},{"damage":9,"enemies":"3 Louse","floor":11,"turns":2}],"seed_played":"-98356980479307468","potions_obtained":[{"floor":1,"key":"SpeedPotion"},{"floor":5,"key":"SpeedPotion"}],"is_trial":false,"path_per_floor":["M","?","M","$","M","R","E","?","T","?","M"],"character_chosen":"DEFECT","items_purchased":[],"campfire_rested":1,"item_purchase_floors":[],"current_hp_per_floor":[68,50,41,41,41,63,2,2,2,2,0],"gold":186,"neow_bonus":"RANDOM_COMMON_RELIC","is_prod":false,"is_daily":false,"chose_seed":false,"campfire_upgraded":0,"win_rate":0,"timestamp":1554344893,"path_taken":["M","?","M","$","M","R","E","?","T","?","M"],"build_version":"2019-01-23","purchased_purges":1,"victory":false,"max_hp_per_floor":[75,75,75,75,75,75,75,75,75,75,75],"card_choices":[{"not_picked":["Genetic Algorithm","Compile Driver","Leap"],"picked":"SKIP","floor":1},{"not_picked":["Stack","Go for the Eyes"],"picked":"Capacitor","floor":3},{"not_picked":["Reboot","Gash"],"picked":"Sunder","floor":5},{"not_picked":["Beam Cell","Fission","Go for the Eyes"],"picked":"SKIP","floor":7}],"player_experience":1798940,"relics_obtained":[{"floor":7,"key":"Bird Faced Urn"},{"floor":9,"key":"StoneCalendar"}],"event_choices":[{"damage_healed":0,"gold_gain":0,"player_choice":"Take Damage","damage_taken":18,"relics_obtained":["Golden Idol"],"max_hp_gain":0,"max_hp_loss":0,"event_name":"Golden Idol","floor":2,"gold_loss":0},{"damage_healed":0,"gold_gain":0,"player_choice":"Fled","damage_taken":0,"max_hp_gain":0,"max_hp_loss":0,"event_name":"Scrap Ooze","floor":8,"gold_loss":0},{"damage_healed":0,"gold_gain":66,"player_choice":"Gained Gold","damage_taken":0,"max_hp_gain":0,"max_hp_loss":0,"event_name":"Golden Wing","floor":10,"gold_loss":0}],"is_beta":false,"boss_relics":[],"items_purged_floors":[4],"is_endless":false,"potions_floor_spawned":[1,5],"killed_by":"3 Louse","ascension_level":8}