{"gold_per_floor":[117,117,117,132,144,144,163,163,163,163,195,195,206,216,216,216],"floor_reached":16,"playtime":713,"items_purged":[],"score":179,"play_id":"02ef802e-0cb2-4c36-813d-bcf302eccd0c","local_time":"20190831191924","is_ascension_mode":true,"campfire_choices":[{"data":"Whirlwind","floor":6,"key":"SMITH"},{"data":"Bash","floor":8,"key":"SMITH"},{"data":"True Grit","floor":10,"key":"SMITH"},{"data":"Shockwave","floor":12,"key":"SMITH"},{"data":"Battle Trance","floor":15,"key":"SMITH"}],"neow_cost":"NONE","seed_source_timestamp":189329872379300,"circlet_count":0,"master_deck":["AscendersBane","Strike_R","Strike_R","Strike_R","Strike_R","Strike_R","Defend_R","Defend_R","Defend_R","Defend_R","Bash+1","Shockwave+1","Combust","Whirlwind+1","True Grit+1","Battle Trance+1","Cleave+1","Thunderclap+1"],"relics":["Burning Blood","Blue Candle","Molten Egg 2"],"potions_floor_usage":[],"damage_taken":[{"damage":10,"enemies":"Jaw Worm","floor":1,"turns":4},{"damage":6,"enemies":"Cultist","floor":4,"turns":4},{"damage":3,"enemies":"2 Louse","floor":5,"turns":3},{"damage":12,"enemies":"2 Fungi Beasts","floor":7,"turns":2},{"damage":35,"enemies":"Lagavulin","floor":11,"turns":7},{"damage":12,"enemies":"Looter","floor":13,"turns":3},{"damage":14,"enemies":"Exordium Thugs","floor":14,"turns":3},{"damage":24,"enemies":"The Guardian","floor":16,"turns":6}],"seed_played":"-2133617106054387264","potions_obtained":[{"floor":1,"key":"FearPotion"},{"floor":4,"key":"GamblersBrew"}],"is_trial":false,"path_per_floor":["M","?","?","M","M","R","M","R","T","R","E","R","M","M","R","B"],"character_chosen":"IRONCLAD","items_purchased":[],"campfire_rested":0,"item_purchase_floors":[],"current_hp_per_floor":[64,69,69,69,72,72,66,66,66,66,37,37,31,23,23,0],"gold":216,"neow_bonus":"THREE_CARDS","is_prod":false,"is_daily":false,"chose_seed":false,"campfire_upgraded":5,"win_rate":0,"timestamp":1567246764,"path_taken":["M","?","?","?","M","R","M","R","T","R","E","R","M","M","R","BOSS"],"build_version":"2019-07-17","purchased_purges":0,"victory":false,"max_hp_per_floor":[75,80,80,80,80,80,80,80,80,80,80,80,80,80,80,80],"card_choices":[{"not_picked":["Combust","Twin Strike"],"picked":"Shockwave","floor":0},{"not_picked":["Sever Soul","Clash"],"picked":"Combust","floor":1},{"not_picked":["Pummel","Combust","Sentinel"],"picked":"SKIP","floor":4},{"not_picked":["Twin Strike","Flex"],"picked":"Whirlwind","floor":5},{"not_picked":["Heavy Blade","Sword Boomerang"],"picked":"True Grit","floor":7},{"not_picked":["Wild Strike","Flame Barrier"],"picked":"Battle Trance","floor":11},{"not_picked":["Havoc","Barricade"],"picked":"Cleave+1","floor":13},{"not_picked":["Pummel+1","Infernal Blade"],"picked":"Thunderclap+1","floor":14}],"player_experience":524874,"relics_obtained":[{"floor":9,"key":"Blue Candle"},{"floor":11,"key":"Molten Egg 2"}],"event_choices":[{"damage_healed":0,"gold_gain":0,"player_choice":"Donut","damage_taken":0,"max_hp_gain":5,"max_hp_loss":0,"event_name":"Big Fish","floor":2,"gold_loss":0},{"damage_healed":0,"gold_gain":0,"player_choice":"Leave","damage_taken":0,"max_hp_gain":0,"max_hp_loss":0,"event_name":"The Cleric","floor":3,"gold_loss":0}],"is_beta":false,"boss_relics":[],"items_purged_floors":[],"is_endless":false,"potions_floor_spawned":[1,4,5,7],"killed_by":"The Guardian","ascension_level":15}