{"gold_per_floor":[14,14,89,89,105,105,105,126,126,146,159,144],"floor_reached":12,"playtime":339,"items_purged":[],"score":102,"play_id":"f92aafb3-153b-41a7-96eb-019588f78677","local_time":"20190730211710","is_ascension_mode":true,"campfire_choices":[{"data":"Zap","floor":6,"key":"SMITH"}],"neow_cost":"NO_GOLD","seed_source_timestamp":1630670709203490,"circlet_count":0,"master_deck":["AscendersBane","Strike_B","Strike_B","Strike_B","Strike_B","Defend_B","Defend_B","Defend_B","Defend_B+1","Zap+1","All For One","Gash","Cold Snap+1","Redo","Redo","Redo"],"relics":["Cracked Core","Unceasing Top","Odd Mushroom","Peace Pipe"],"potions_floor_usage":[],"damage_taken":[{"damage":0,"enemies":"Cultist","floor":1,"turns":4},{"damage":0,"enemies":"2 Louse","floor":5,"turns":3},{"damage":23,"enemies":"The Mushroom Lair","floor":8,"turns":4},{"damage":2,"enemies":"Jaw Worm","floor":10,"turns":3},{"damage":11,"enemies":"Exordium Thugs","floor":11,"turns":4},{"damage":6,"enemies":"Looter","floor":12,"turns":1}],"seed_played":"4950031535633947452","potions_obtained":[{"floor":11,"key":"Regen Potion"}],"is_trial":false,"path_per_floor":["M","?","?","T","M","R","?","?","T","M","M","M"],"character_chosen":"DEFECT","items_purchased":[],"campfire_rested":0,"item_purchase_floors":[],"current_hp_per_floor":[68,68,57,57,57,57,42,19,19,17,6,0],"gold":144,"neow_bonus":"THREE_RARE_CARDS","is_prod":false,"is_daily":false,"chose_seed":false,"campfire_upgraded":1,"win_rate":0,"timestamp":1564539430,"path_taken":["M","?","?","?","?","R","?","?","T","M","M","M"],"build_version":"2019-07-17","purchased_purges":0,"victory":false,"max_hp_per_floor":[75,75,75,75,75,75,75,75,75,75,75,75],"card_choices":[{"not_picked":["Rainbow","Amplify"],"picked":"All For One","floor":0},{"not_picked":["Stack","Beam Cell"],"picked":"Gash","floor":1},{"not_picked":["Stack","Rebound"],"picked":"Cold Snap","floor":5},{"not_picked":["Steam Power","Steam"],"picked":"Redo","floor":8},{"not_picked":["Hello World","Reprogram"],"picked":"Redo","floor":10},{"not_picked":["Blizzard","Turbo"],"picked":"Redo","floor":11}],"player_experience":2580711,"relics_obtained":[{"floor":4,"key":"Unceasing Top"},{"floor":8,"key":"Odd Mushroom"},{"floor":9,"key":"Peace Pipe"}],"event_choices":[{"cards_removed":["Dualcast"],"damage_healed":0,"gold_gain":0,"player_choice":"Forget","damage_taken":0,"max_hp_gain":0,"max_hp_loss":0,"event_name":"Living Wall","floor":2,"gold_loss":0},{"damage_healed":0,"gold_gain":75,"player_choice":"Gather Gold","damage_taken":11,"max_hp_gain":0,"max_hp_loss":0,"event_name":"World of Goop","floor":3,"gold_loss":0},{"damage_healed":0,"gold_gain":0,"player_choice":"Entered Light","damage_taken":15,"max_hp_gain":0,"max_hp_loss":0,"event_name":"Shining Light","floor":7,"gold_loss":0,"cards_upgraded":["Defend_B","Cold Snap"]},{"damage_healed":0,"gold_gain":0,"player_choice":"Fought Mushrooms","damage_taken":0,"max_hp_gain":0,"max_hp_loss":0,"event_name":"Mushrooms","floor":8,"gold_loss":0}],"is_beta":false,"boss_relics":[],"items_purged_floors":[],"is_endless":false,"potions_floor_spawned":[11],"killed_by":"Looter","ascension_level":10}