{"gold_per_floor":[109,109,121,121,140,140,173,173,173,193,225,30,44,54,54,54],"floor_reached":16,"playtime":640,"items_purged":[],"score":168,"play_id":"cf55841c-5d79-43c0-9237-bdc11237dd3d","local_time":"20190724105621","is_ascension_mode":true,"campfire_choices":[{"data":"Heatsinks","floor":6,"key":"SMITH"},{"floor":8,"key":"REST"},{"floor":15,"key":"REST"}],"neow_cost":"NONE","seed_source_timestamp":1074711866290641,"circlet_count":0,"master_deck":["AscendersBane","Strike_B","Strike_B","Strike_B","Strike_B","Defend_B","Defend_B","Defend_B","Defend_B","Zap","Dualcast","Heatsinks+1","Force Field","Static Discharge","Amplify","Panache","Capacitor"],"relics":["Cracked Core","NeowsBlessing","Mummified Hand","Regal Pillow","Kunai","Happy Flower"],"potions_floor_usage":[7,14,16,16,16],"damage_taken":[{"damage":0,"enemies":"Jaw Worm","floor":1,"turns":1},{"damage":0,"enemies":"Small Slimes","floor":3,"turns":1},{"damage":0,"enemies":"Cultist","floor":5,"turns":1},{"damage":25,"enemies":"Lagavulin","floor":7,"turns":7},{"damage":12,"enemies":"Exordium Wildlife","floor":10,"turns":3},{"damage":35,"enemies":"3 Sentries","floor":11,"turns":7},{"damage":18,"enemies":"2 Fungi Beasts","floor":13,"turns":5},{"damage":3,"enemies":"Large Slime","floor":14,"turns":5},{"damage":42,"enemies":"Hexaghost","floor":16,"turns":9}],"seed_played":"7450334645252617857","potions_obtained":[{"floor":3,"key":"PowerPotion"},{"floor":10,"key":"Poison Potion"},{"floor":11,"key":"Explosive Potion"},{"floor":13,"key":"Ancient Potion"},{"floor":14,"key":"Poison Potion"}],"is_trial":false,"path_per_floor":["M","?","M","?","M","R","E","R","T","M","E","$","M","M","R","B"],"character_chosen":"DEFECT","items_purchased":["Panache"],"campfire_rested":2,"item_purchase_floors":[12],"current_hp_per_floor":[68,61,61,61,61,61,36,73,73,61,26,26,8,5,42,0],"gold":54,"neow_bonus":"THREE_ENEMY_KILL","is_prod":false,"is_daily":false,"chose_seed":false,"campfire_upgraded":1,"win_rate":0,"timestamp":1563983781,"path_taken":["M","?","M","?","?","R","E","R","T","M","E","$","M","M","R","BOSS"],"build_version":"2019-07-17","purchased_purges":0,"victory":false,"max_hp_per_floor":[75,75,75,75,75,75,75,75,75,75,75,75,75,75,75,75],"card_choices":[{"not_picked":["Beam Cell","Coolheaded","Turbo"],"picked":"SKIP","floor":1},{"not_picked":["Rip and Tear","Static Discharge"],"picked":"Heatsinks","floor":3},{"not_picked":["Barrage","Conserve Battery"],"picked":"Force Field","floor":5},{"not_picked":["Conserve Battery","Gash"],"picked":"Static Discharge","floor":7},{"not_picked":["Reprogram","Melter"],"picked":"Amplify","floor":10},{"not_picked":["Streamline","Stack","Barrage"],"picked":"SKIP","floor":11},{"not_picked":["Go for the Eyes","Streamline"],"picked":"Capacitor","floor":13},{"not_picked":["Gash","Barrage","Leap"],"picked":"SKIP","floor":14}],"player_experience":2444135,"relics_obtained":[{"floor":7,"key":"Regal Pillow"},{"floor":9,"key":"Kunai"},{"floor":11,"key":"Happy Flower"}],"event_choices":[{"damage_healed":0,"gold_gain":0,"player_choice":"Success","damage_taken":7,"relics_obtained":["Mummified Hand"],"max_hp_gain":0,"max_hp_loss":0,"event_name":"Scrap Ooze","floor":2,"gold_loss":0},{"damage_healed":0,"gold_gain":0,"player_choice":"Ignored","damage_taken":0,"max_hp_gain":0,"max_hp_loss":0,"event_name":"Liars Game","floor":4,"gold_loss":0}],"is_beta":false,"boss_relics":[],"items_purged_floors":[],"is_endless":false,"potions_floor_spawned":[3,10,11,13,14],"killed_by":"Hexaghost","ascension_level":10}