{"gold_per_floor":[217,292,292,292,302,302,30,47,47,64,64,64,64,83,83,178,178,194,194,194,194,94,94,109,109,109,125,144,144],"floor_reached":29,"playtime":1954,"items_purged":["Strike_G","Strike_G"],"score":266,"play_id":"3ee8e968-2f09-4bda-b6fd-119229a79c55","local_time":"20190207160836","is_ascension_mode":true,"campfire_choices":[{"floor":6,"key":"REST"},{"data":"Master of Strategy","floor":12,"key":"SMITH"},{"data":"Blur","floor":15,"key":"SMITH"},{"floor":23,"key":"REST"},{"floor":25,"key":"REST"}],"neow_cost":"NONE","seed_source_timestamp":2460076684108333,"circlet_count":0,"master_deck":["Defend_G","Defend_G","Defend_G","Defend_G","Defend_G","Strike_G","Survivor","Neutralize","Dash","Master of Strategy+1","Blur+1","Adrenaline","Necronomicurse","Bouncing Flask","Writhe","Cloak And Dagger"],"relics":["Ring of the Snake","Bottled Lightning","Cursed Key","Necronomicon","Blue Candle"],"potions_floor_usage":[16,16,16],"damage_taken":[{"damage":8,"enemies":"Cultist","floor":1,"turns":6},{"damage":0,"enemies":"Small Slimes","floor":5,"turns":4},{"damage":0,"enemies":"2 Louse","floor":8,"turns":3},{"damage":0,"enemies":"Blue Slaver","floor":10,"turns":5},{"damage":15,"enemies":"Large Slime","floor":14,"turns":15},{"damage":28,"enemies":"The Guardian","floor":16,"turns":30},{"damage":18,"enemies":"3 Byrds","floor":18,"turns":15},{"damage":0,"enemies":"Colosseum Slavers","floor":21,"turns":10},{"damage":4,"enemies":"Spheric Guardian","floor":24,"turns":7},{"damage":17,"enemies":"Snake Plant","floor":27,"turns":6},{"damage":19,"enemies":"Sentry and Sphere","floor":28,"turns":6},{"damage":24,"enemies":"Cultist and Chosen","floor":29,"turns":8}],"seed_played":"2821277676885484756","potions_obtained":[{"floor":1,"key":"Dexterity Potion"},{"floor":5,"key":"Ancient Potion"},{"floor":10,"key":"SkillPotion"},{"floor":28,"key":"FearPotion"}],"is_trial":false,"path_per_floor":["M","?","?","?","M","R","$","M","T","M","$","R","?","M","R","B",null,"M","?","?","?","$","R","M","R","T","M","M","M"],"character_chosen":"THE_SILENT","items_purchased":["Master of Strategy"],"campfire_rested":3,"item_purchase_floors":[7],"current_hp_per_floor":[62,51,51,44,44,65,65,65,65,65,65,65,65,50,50,22,58,40,24,11,11,11,33,29,51,51,34,15,0],"gold":144,"neow_bonus":"HUNDRED_GOLD","is_prod":false,"is_daily":false,"chose_seed":false,"campfire_upgraded":2,"win_rate":0,"timestamp":1549577316,"path_taken":["M","?","?","?","M","R","?","M","T","M","$","R","?","M","R","BOSS","M","?","?","?","?","R","M","R","T","M","M","?"],"build_version":"2019-01-23","purchased_purges":2,"victory":false,"max_hp_per_floor":[70,70,70,70,70,70,70,70,70,70,70,70,70,70,70,70,70,70,70,75,75,75,75,75,75,75,75,75,75],"card_choices":[{"not_picked":["Slice","Sucker Punch"],"picked":"Dash","floor":1},{"not_picked":["Accuracy","Dagger Throw","Acrobatics"],"picked":"SKIP","floor":5},{"not_picked":["All Out Attack","Predator","Accuracy"],"picked":"SKIP","floor":8},{"not_picked":["Crippling Poison","Dodge and Roll"],"picked":"Blur","floor":10},{"not_picked":["Slice","Underhanded Strike","Prepared"],"picked":"SKIP","floor":14},{"not_picked":["Doppelganger","Phantasmal Killer"],"picked":"Adrenaline","floor":16},{"not_picked":["Quick Slash","Riddle With Holes","PiercingWail"],"picked":"SKIP","floor":18},{"not_picked":["Acrobatics","Outmaneuver"],"picked":"Bouncing Flask","floor":24},{"not_picked":["Dodge and Roll","Accuracy+1","Infinite Blades"],"picked":"SKIP","floor":27},{"not_picked":["Finisher","Deadly Poison+1"],"picked":"Cloak And Dagger","floor":28}],"player_experience":1272452,"relics_obtained":[{"floor":9,"key":"Bottled Lightning"},{"floor":19,"key":"Necronomicon"},{"floor":26,"key":"Blue Candle"}],"event_choices":[{"damage_healed":0,"gold_gain":75,"player_choice":"Gather Gold","damage_taken":11,"max_hp_gain":0,"max_hp_loss":0,"event_name":"World of Goop","floor":2,"gold_loss":0},{"cards_removed":["Strike_G"],"damage_healed":0,"gold_gain":0,"player_choice":"Forget","damage_taken":0,"max_hp_gain":0,"max_hp_loss":0,"event_name":"Living Wall","floor":3,"gold_loss":0},{"cards_removed":["Strike_G"],"damage_healed":0,"gold_gain":0,"player_choice":"Card Removal","damage_taken":7,"max_hp_gain":0,"max_hp_loss":0,"event_name":"Golden Wing","floor":4,"gold_loss":0},{"damage_healed":0,"gold_gain":0,"player_choice":"Bought 0 Potions","damage_taken":0,"max_hp_gain":0,"max_hp_loss":0,"event_name":"The Woman in Blue","floor":13,"gold_loss":0},{"damage_healed":0,"gold_gain":0,"player_choice":"Obtained Book","damage_taken":16,"max_hp_gain":0,"max_hp_loss":0,"event_name":"Cursed Tome","floor":19,"gold_loss":0},{"damage_healed":0,"gold_gain":0,"player_choice":"Shed Blood","damage_taken":18,"max_hp_gain":5,"max_hp_loss":0,"event_name":"Forgotten Altar","floor":20,"gold_loss":0},{"damage_healed":0,"gold_gain":0,"player_choice":"Fight","damage_taken":0,"max_hp_gain":0,"max_hp_loss":0,"event_name":"Colosseum","floor":21,"gold_loss":0},{"damage_healed":0,"gold_gain":0,"player_choice":"Fled From Nobs","damage_taken":0,"max_hp_gain":0,"max_hp_loss":0,"event_name":"Colosseum","floor":21,"gold_loss":0}],"is_beta":false,"boss_relics":[{"not_picked":["Snecko Eye","Empty Cage"],"picked":"Cursed Key"}],"items_purged_floors":[7,22],"is_endless":false,"potions_floor_spawned":[1,5,10,21,28],"killed_by":"Cultist and Chosen","ascension_level":5}