{"gold_per_floor":[17,17,17,17,17,17,48,48,128,144,169,169,124,137,137,235,235,252,252,268,183,108,135,162,194,229,241,270,282,294,321,333,345],"floor_reached":33,"playtime":1841,"items_purged":["Bash"],"score":298,"play_id":"576c9601-03e2-4b3b-9a3c-ae12cf5e2ce4","local_time":"20190828155241","is_ascension_mode":false,"campfire_choices":[{"data":"Shockwave","floor":6,"key":"SMITH"},{"data":"Perfected Strike","floor":12,"key":"SMITH"},{"floor":15,"key":"REST"},{"data":"Perfected Strike","floor":27,"key":"SMITH"},{"floor":32,"key":"REST"}],"neow_cost":"NO_GOLD","seed_source_timestamp":22467579828600,"circlet_count":0,"master_deck":["Strike_R","Strike_R","Strike_R","Strike_R","Strike_R","Defend_R","Defend_R","Pommel Strike","Shockwave+1","Iron Wave","Whirlwind","Perfected Strike+1","Carnage","Rampage+1","Double Tap+1","Shrug It Off+1","Armaments+1","Perfected Strike+1","Inflame","Heavy Blade+1","Battle Trance+1","Clash"],"relics":["Burning Blood","Matryoshka","Blood Vial","Toxic Egg 2","Self Forming Clay","Orichalcum","Runic Pyramid","Bronze Scales","MawBank","Paper Frog","Anchor"],"potions_floor_usage":[16],"damage_taken":[{"damage":8,"enemies":"2 Louse","floor":1,"turns":4},{"damage":44,"enemies":"Gremlin Nob","floor":7,"turns":6},{"damage":11,"enemies":"Jaw Worm","floor":10,"turns":4},{"damage":27,"enemies":"3 Sentries","floor":11,"turns":5},{"damage":0,"enemies":"Cultist","floor":14,"turns":3},{"damage":57,"enemies":"Hexaghost","floor":16,"turns":10},{"damage":4,"enemies":"Spheric Guardian","floor":18,"turns":3},{"damage":8,"enemies":"Shell Parasite","floor":20,"turns":5},{"damage":20,"enemies":"Slavers","floor":23,"turns":5},{"damage":25,"enemies":"Centurion and Healer","floor":24,"turns":6},{"damage":14,"enemies":"Cultist and Chosen","floor":25,"turns":5},{"damage":35,"enemies":"Shelled Parasite and Fungi","floor":28,"turns":5},{"damage":0,"enemies":"Chosen and Byrds","floor":31,"turns":3},{"damage":80,"enemies":"Collector","floor":33,"turns":5}],"seed_played":"-6302221541476894179","potions_obtained":[{"floor":7,"key":"Dexterity Potion"},{"floor":16,"key":"Fire Potion"},{"floor":18,"key":"Ancient Potion"},{"floor":24,"key":"SmokeBomb"},{"floor":25,"key":"PowerPotion"},{"floor":28,"key":"Explosive Potion"}],"is_trial":false,"path_per_floor":["M","$","?","T","?","R","E","$","T","M","E","R","?","M","R","B",null,"M","?","M","?","$","E","M","M","T","R","M","?","?","M","R","B"],"character_chosen":"IRONCLAD","items_purchased":[],"campfire_rested":2,"item_purchase_floors":[],"current_hp_per_floor":[94,94,94,94,94,94,56,56,56,53,34,34,34,42,70,21,96,96,96,94,94,94,82,65,59,59,59,32,32,32,40,68,0],"gold":345,"neow_bonus":"TWENTY_PERCENT_HP_BONUS","is_prod":false,"is_daily":false,"chose_seed":false,"campfire_upgraded":3,"win_rate":0.0,"timestamp":1567000361,"path_taken":["M","$","?","?","?","R","E","$","T","?","E","R","?","M","R","BOSS","M","?","M","?","$","E","M","M","T","R","M","?","?","M","R","BOSS"],"build_version":"2019-07-17","purchased_purges":1,"victory":false,"max_hp_per_floor":[96,96,96,96,96,96,96,96,96,96,96,96,96,96,96,96,96,96,96,96,96,96,96,96,96,96,96,96,96,96,96,96,96],"card_choices":[{"not_picked":["Sword Boomerang","Armaments"],"picked":"Pommel Strike","floor":1},{"not_picked":["Twin Strike","True Grit"],"picked":"Whirlwind","floor":7},{"not_picked":["Headbutt","Thunderclap"],"picked":"Perfected Strike","floor":10},{"not_picked":["Iron Wave","Blood for Blood"],"picked":"Carnage","floor":11},{"not_picked":["Dark Embrace","Pommel Strike"],"picked":"Rampage","floor":14},{"not_picked":["Brutality","Fiend Fire"],"picked":"Double Tap+1","floor":16},{"not_picked":["Sever Soul","Twin Strike+1"],"picked":"Shrug It Off+1","floor":18},{"not_picked":["Flex+1","Shockwave+1"],"picked":"Perfected Strike","floor":20},{"not_picked":["Armaments+1","True Grit+1"],"picked":"Inflame","floor":23},{"not_picked":["Rage+1","Sword Boomerang+1","Body Slam"],"picked":"SKIP","floor":24},{"not_picked":["Combust","Whirlwind"],"picked":"Heavy Blade+1","floor":25},{"not_picked":["Berserk","Clothesline"],"picked":"Battle Trance+1","floor":28},{"not_picked":["Burning Pact+1","Warcry+1"],"picked":"Clash","floor":31}],"player_experience":10978,"relics_obtained":[{"floor":4,"key":"Matryoshka"},{"floor":7,"key":"Blood Vial"},{"floor":9,"key":"Toxic Egg 2"},{"floor":9,"key":"Self Forming Clay"},{"floor":11,"key":"Orichalcum"},{"floor":23,"key":"MawBank"},{"floor":26,"key":"Paper Frog"},{"floor":26,"key":"Anchor"}],"event_choices":[{"damage_healed":0,"gold_gain":0,"cards_transformed":["Defend_R"],"player_choice":"Change","damage_taken":0,"max_hp_gain":0,"max_hp_loss":0,"event_name":"Living Wall","floor":3,"gold_loss":0,"cards_obtained":["Shockwave"]},{"cards_removed":["Defend_R"],"damage_healed":0,"gold_gain":0,"player_choice":"Took Card","damage_taken":0,"max_hp_gain":0,"max_hp_loss":0,"event_name":"NoteForYourself","floor":5,"gold_loss":0,"cards_obtained":["Iron Wave"]},{"damage_healed":0,"gold_gain":0,"player_choice":"Left Gold","damage_taken":0,"max_hp_gain":0,"max_hp_loss":0,"event_name":"World of Goop","floor":13,"gold_loss":45},{"damage_healed":0,"gold_gain":0,"player_choice":"Read","damage_taken":0,"max_hp_gain":0,"max_hp_loss":0,"event_name":"The Library","floor":19,"gold_loss":0,"cards_obtained":["Armaments"]},{"damage_healed":0,"gold_gain":0,"player_choice":"Obtained Relic","damage_taken":0,"relics_obtained":["Bronze Scales"],"max_hp_gain":0,"max_hp_loss":0,"event_name":"Addict","floor":21,"gold_loss":85},{"damage_healed":0,"gold_gain":0,"player_choice":"Ignored","damage_taken":0,"max_hp_gain":0,"max_hp_loss":0,"event_name":"Cursed Tome","floor":29,"gold_loss":0},{"damage_healed":0,"gold_gain":0,"player_choice":"Upgraded","damage_taken":0,"max_hp_gain":0,"max_hp_loss":0,"event_name":"Upgrade Shrine","floor":30,"gold_loss":0,"cards_upgraded":["Rampage"]}],"is_beta":false,"boss_relics":[{"not_picked":["Mark of Pain","Runic Cube"],"picked":"Runic Pyramid"}],"items_purged_floors":[22],"is_endless":false,"potions_floor_spawned":[7,16,18,24,25,28],"killed_by":"Collector","ascension_level":0}