{"gold_per_floor":[116,116,116,66,66,105,130,173,203,244,256,293,326,363,375,518,530,555,588,600,612,638,684,696,741,777,158,172,172,172,172,172,302,302,321,345,470,470,341,341,341,381,381,381,401,452,28,28,28,28],"floor_reached":50,"playtime":5747,"items_purged":["Strike_R","Defend_R","Strike_R"],"score":853,"play_id":"bb0b436b-1cf5-4520-ae96-3113a88dc019","local_time":"20190819134440","is_ascension_mode":true,"campfire_choices":[{"data":"Whirlwind","floor":11,"key":"SMITH"},{"data":"Bash","floor":15,"key":"SMITH"},{"data":"Bludgeon","floor":24,"key":"SMITH"},{"data":"Perfected Strike","floor":29,"key":"SMITH"},{"floor":32,"key":"REST"},{"data":"Berserk","floor":40,"key":"SMITH"},{"data":"Heavy Blade","floor":44,"key":"SMITH"},{"floor":49,"key":"REST"}],"neow_cost":"NONE","seed_source_timestamp":159891928876100,"circlet_count":0,"master_deck":["Strike_R","Strike_R","Strike_R","Defend_R","Defend_R","Bash+1","Perfected Strike+1","Whirlwind+1","Shockwave+1","Pommel Strike","Disarm+1","Shrug It Off+1","Burning Pact+1","Bludgeon+1","Warcry+1","Thunderclap","Flex+1","Headbutt+1","Power Through+1","Exhume+1","True Grit+1","HandOfGreed","Perfected Strike","Purity+1","Wild Strike+1","J.A.X.+1","Limit Break+1","Battle Trance+1","Dual Wield+1","Intimidate+1","Twin Strike","Heavy Blade+1","Second Wind+1","Berserk+1","Dual Wield+1","Shrug It Off+1","Blind+1","Ghostly Armor+1","Double Tap+1","Pommel Strike","Twin Strike+1","Feel No Pain","Madness+1","Madness+1"],"relics":["Burning Blood","NeowsBlessing","Regal Pillow","Toxic Egg 2","Golden Idol","Potion Belt","Gremlin Horn","Tiny Chest","MawBank","Orichalcum","Philosopher\u0027s Stone","GremlinMask","Blood Vial","Smiling Mask","Centennial Puzzle","Membership Card","PreservedInsect","Juzu Bracelet","Orrery","Magic Flower","Pantograph","Happy Flower","Mango","Unceasing Top","Whetstone","Toy Ornithopter"],"potions_floor_usage":[10,22,23,25,33,33,42,42,46,46,50,50,50],"damage_taken":[{"damage":0,"enemies":"Jaw Worm","floor":1,"turns":1},{"damage":0,"enemies":"Lagavulin","floor":6,"turns":1},{"damage":0,"enemies":"Small Slimes","floor":7,"turns":1},{"damage":20,"enemies":"Gremlin Nob","floor":8,"turns":4},{"damage":10,"enemies":"Lagavulin","floor":10,"turns":5},{"damage":0,"enemies":"2 Louse","floor":13,"turns":1},{"damage":1,"enemies":"Looter","floor":14,"turns":3},{"damage":18,"enemies":"The Guardian","floor":16,"turns":12},{"damage":0,"enemies":"Chosen","floor":18,"turns":5},{"damage":9,"enemies":"Shell Parasite","floor":19,"turns":5},{"damage":6,"enemies":"Cultist and Chosen","floor":22,"turns":5},{"damage":9,"enemies":"Book of Stabbing","floor":23,"turns":5},{"damage":27,"enemies":"Slavers","floor":25,"turns":4},{"damage":6,"enemies":"Snake Plant","floor":28,"turns":3},{"damage":68,"enemies":"Automaton","floor":33,"turns":10},{"damage":8,"enemies":"Orb Walker","floor":35,"turns":3},{"damage":24,"enemies":"3 Shapes","floor":36,"turns":3},{"damage":0,"enemies":"Mind Bloom Boss Battle","floor":37,"turns":6},{"damage":10,"enemies":"Giant Head","floor":42,"turns":5},{"damage":14,"enemies":"Transient","floor":45,"turns":5},{"damage":65,"enemies":"Reptomancer","floor":46,"turns":7},{"damage":120,"enemies":"Time Eater","floor":50,"turns":12}],"seed_played":"-513026342556311675","potions_obtained":[{"floor":7,"key":"Fire Potion"},{"floor":8,"key":"SpeedPotion"},{"floor":10,"key":"Energy Potion"},{"floor":19,"key":"Weak Potion"},{"floor":25,"key":"Block Potion"},{"floor":33,"key":"Ancient Potion"},{"floor":35,"key":"SteroidPotion"},{"floor":37,"key":"BloodPotion"},{"floor":45,"key":"Block Potion"}],"is_trial":false,"path_per_floor":["M","?","T","?","?","E","M","E","T","E","R","T","M","M","R","B",null,"M","M","?","?","M","E","R","E","T","$","M","R","?","?","R","B",null,"M","M","?","?","$","R","T","E","T","R","M","E","$","?","R","B"],"character_chosen":"IRONCLAD","items_purchased":["Membership Card","True Grit+1","PreservedInsect","Juzu Bracelet","HandOfGreed","FearPotion","Energy Potion","Perfected Strike","Purity+1","Shrug It Off+1","Blind+1","SteroidPotion","Double Tap+1","Pommel Strike","Twin Strike","Whetstone","Feel No Pain","SpeedPotion","Weak Potion","Energy Potion","Toy Ornithopter"],"campfire_rested":2,"item_purchase_floors":[27,27,27,27,27,27,27,27,27,39,39,39,47,47,47,47,47,47,47,47,47],"current_hp_per_floor":[80,62,62,62,42,48,54,40,40,36,36,36,42,47,47,35,69,75,72,72,72,72,69,69,50,50,50,52,52,52,52,80,18,65,65,49,57,57,57,57,57,59,73,73,71,53,53,41,84,0],"gold":28,"neow_bonus":"THREE_ENEMY_KILL","is_prod":false,"is_daily":false,"chose_seed":false,"campfire_upgraded":6,"win_rate":0,"timestamp":1566189880,"path_taken":["M","?","?","?","?","E","?","E","T","E","R","?","M","M","R","BOSS","M","M","?","?","M","E","R","E","T","$","M","R","?","?","R","BOSS","M","M","?","?","$","R","?","E","T","R","M","E","$","?","R","BOSS"],"build_version":"2019-07-17","purchased_purges":3,"victory":false,"max_hp_per_floor":[80,80,80,80,80,80,80,80,80,80,80,80,80,80,80,80,80,80,80,80,80,80,80,80,80,80,80,80,80,80,80,80,80,80,80,80,80,80,80,80,80,80,94,94,94,94,94,94,94,94],"card_choices":[{"not_picked":["Anger","Hemokinesis"],"picked":"Perfected Strike","floor":1},{"not_picked":["Limit Break+1","Fiend Fire"],"picked":"Whirlwind","floor":6},{"not_picked":["Perfected Strike","Anger"],"picked":"Shockwave+1","floor":7},{"not_picked":["Anger","Wild Strike"],"picked":"Pommel Strike","floor":8},{"not_picked":["Pommel Strike","Armaments+1"],"picked":"Disarm+1","floor":10},{"not_picked":["Sword Boomerang","Heavy Blade"],"picked":"Shrug It Off+1","floor":13},{"not_picked":["Uppercut","Wild Strike"],"picked":"Burning Pact+1","floor":14},{"not_picked":["Feed","Dark Embrace"],"picked":"Bludgeon","floor":16},{"not_picked":["Armaments+1","Cleave"],"picked":"Warcry+1","floor":18},{"not_picked":["Heavy Blade","Bloodletting+1"],"picked":"Thunderclap","floor":19},{"not_picked":["Warcry+1","Combust+1"],"picked":"Headbutt+1","floor":22},{"not_picked":["Berserk","Sword Boomerang"],"picked":"Power Through+1","floor":23},{"not_picked":["Flex+1","Thunderclap"],"picked":"Exhume+1","floor":25},{"not_picked":["Sever Soul","Body Slam"],"picked":"Wild Strike","floor":28},{"not_picked":["Offering+1","Juggernaut"],"picked":"Limit Break+1","floor":33},{"not_picked":["Clash","Anger+1"],"picked":"Battle Trance+1","floor":34},{"not_picked":["Clash","True Grit+1"],"picked":"Dual Wield+1","floor":34},{"not_picked":["Evolve","Clash"],"picked":"Intimidate+1","floor":34},{"not_picked":["Disarm+1","Sever Soul"],"picked":"Twin Strike","floor":34},{"not_picked":["Whirlwind","Blood for Blood"],"picked":"Heavy Blade","floor":34},{"not_picked":["True Grit+1","Hemokinesis"],"picked":"Second Wind+1","floor":35},{"not_picked":["True Grit+1","Cleave+1"],"picked":"Berserk","floor":36},{"not_picked":["True Grit+1","Clash+1"],"picked":"Dual Wield+1","floor":37},{"not_picked":["Armaments+1","Headbutt+1"],"picked":"Ghostly Armor+1","floor":42},{"not_picked":["Clash+1","Heavy Blade+1","Second Wind+1"],"picked":"SKIP","floor":45},{"not_picked":["Feed","Thunderclap","Hemokinesis"],"picked":"SKIP","floor":46}],"player_experience":366473,"relics_obtained":[{"floor":3,"key":"Toxic Egg 2"},{"floor":6,"key":"Potion Belt"},{"floor":8,"key":"Gremlin Horn"},{"floor":9,"key":"Tiny Chest"},{"floor":10,"key":"MawBank"},{"floor":12,"key":"Orichalcum"},{"floor":23,"key":"Blood Vial"},{"floor":25,"key":"Smiling Mask"},{"floor":26,"key":"Centennial Puzzle"},{"floor":37,"key":"Magic Flower"},{"floor":41,"key":"Pantograph"},{"floor":42,"key":"Happy Flower"},{"floor":43,"key":"Mango"},{"floor":46,"key":"Unceasing Top"}],"event_choices":[{"damage_healed":0,"gold_gain":0,"player_choice":"Success","damage_taken":18,"relics_obtained":["Regal Pillow"],"max_hp_gain":0,"max_hp_loss":0,"event_name":"Scrap Ooze","floor":2,"gold_loss":0},{"cards_removed":["Defend_R"],"damage_healed":0,"gold_gain":0,"player_choice":"Card Removal","damage_taken":0,"max_hp_gain":0,"max_hp_loss":0,"event_name":"The Cleric","floor":4,"gold_loss":50},{"damage_healed":0,"gold_gain":0,"player_choice":"Take Damage","damage_taken":20,"relics_obtained":["Golden Idol"],"max_hp_gain":0,"max_hp_loss":0,"event_name":"Golden Idol","floor":5,"gold_loss":0},{"damage_healed":0,"gold_gain":0,"player_choice":"Read","damage_taken":0,"max_hp_gain":0,"max_hp_loss":0,"event_name":"The Library","floor":20,"gold_loss":0,"cards_obtained":["Flex"]},{"damage_healed":0,"gold_gain":0,"player_choice":"Trade","damage_taken":0,"relics_obtained":["GremlinMask"],"max_hp_gain":0,"max_hp_loss":0,"event_name":"FaceTrader","floor":21,"gold_loss":0},{"damage_healed":0,"gold_gain":0,"player_choice":"Ignored","damage_taken":0,"max_hp_gain":0,"max_hp_loss":0,"event_name":"Vampires","floor":30,"gold_loss":0},{"damage_healed":0,"gold_gain":0,"player_choice":"Obtain J.A.X.","damage_taken":0,"max_hp_gain":0,"max_hp_loss":0,"event_name":"Drug Dealer","floor":31,"gold_loss":0,"cards_obtained":["J.A.X."]},{"damage_healed":0,"gold_gain":0,"player_choice":"Fight","damage_taken":0,"max_hp_gain":0,"max_hp_loss":0,"event_name":"MindBloom","floor":37,"gold_loss":0},{"damage_healed":0,"gold_gain":0,"player_choice":"Ignored","damage_taken":0,"max_hp_gain":0,"max_hp_loss":0,"event_name":"Tomb of Lord Red Mask","floor":38,"gold_loss":0},{"damage_healed":0,"gold_gain":0,"player_choice":"Embrace Madness","damage_taken":12,"max_hp_gain":0,"max_hp_loss":0,"event_name":"Winding Halls","floor":48,"gold_loss":0,"cards_obtained":["Madness","Madness"]}],"is_beta":false,"boss_relics":[{"not_picked":["Coffee Dripper","White Beast Statue"],"picked":"Philosopher\u0027s Stone"},{"not_picked":["Calling Bell","Runic Dome"],"picked":"Orrery"}],"items_purged_floors":[27,39,47],"is_endless":false,"potions_floor_spawned":[7,8,10,19,25,33,35,37,45],"killed_by":"Time Eater","ascension_level":5}