{"gold_per_floor":[110,36,36,36,52,78,95,114,114,114,39,39,72,91,91,186,186,203,203,203,223,27,57,57,67,93,108,108,108,108,120,120,225,225,237,237,237,237,254,283,283,315,315,315,315,90,110,57,57,57],"floor_reached":51,"playtime":2034,"items_purged":["Strike_R","Burning Pact"],"score":791,"play_id":"47c4676a-e669-4a09-9f06-c18f036e55da","local_time":"20190819234047","is_ascension_mode":true,"campfire_choices":[{"data":"Rampage","floor":10.0,"key":"SMITH"},{"floor":15.0,"key":"REST"},{"floor":24.0,"key":"REST"},{"data":"Inflame","floor":28.0,"key":"SMITH"},{"floor":30.0,"key":"REST"},{"floor":32.0,"key":"REST"},{"floor":41.0,"key":"REST"},{"floor":44.0,"key":"REST"},{"data":"Limit Break","floor":49.0,"key":"SMITH"}],"neow_cost":"NONE","seed_source_timestamp":0,"circlet_count":0,"master_deck":["Strike_R+1","Strike_R+1","Strike_R+1","Strike_R+1","Defend_R+1","Defend_R+1","Defend_R+1","Defend_R+1","Bash","Panacea+1","Inflame+1","Rampage+1","Anger+1","True Grit","Bludgeon+1","Thunderclap+1","Seeing Red+1","Sword Boomerang+1","Inflame+1","Iron Wave+1","Dark Shackles","Pummel+1","Limit Break+1","Headbutt+1","Heavy Blade+1"],"special_seed":0,"relics":["Burning Blood","Red Skull","Bottled Tornado","Molten Egg 2","Torii","Velvet Choker","Strange Spoon","Shuriken","Anchor","Philosopher\u0027s Stone","Matryoshka","Dodecahedron","Pantograph","Meat on the Bone"],"potions_floor_usage":[50,50],"damage_taken":[{"damage":0.0,"enemies":"Small Slimes","floor":1.0,"turns":3.0},{"damage":6.0,"enemies":"Jaw Worm","floor":5.0,"turns":5.0},{"damage":37.0,"enemies":"Lagavulin","floor":6.0,"turns":10.0},{"damage":1.0,"enemies":"Cultist","floor":7.0,"turns":4.0},{"damage":7.0,"enemies":"Blue Slaver","floor":8.0,"turns":3.0},{"damage":8.0,"enemies":"Gremlin Nob","floor":13.0,"turns":4.0},{"damage":7.0,"enemies":"Exordium Wildlife","floor":14.0,"turns":3.0},{"damage":52.0,"enemies":"Hexaghost","floor":16.0,"turns":10.0},{"damage":2.0,"enemies":"Chosen","floor":18.0,"turns":4.0},{"damage":10.0,"enemies":"2 Thieves","floor":21.0,"turns":2.0},{"damage":52.0,"enemies":"Gremlin Leader","floor":23.0,"turns":4.0},{"damage":15.0,"enemies":"Snecko","floor":25.0,"turns":4.0},{"damage":18.0,"enemies":"Shelled Parasite and Fungi","floor":27.0,"turns":4.0},{"damage":14.0,"enemies":"Centurion and Healer","floor":31.0,"turns":5.0},{"damage":40.0,"enemies":"Champ","floor":33.0,"turns":7.0},{"damage":11.0,"enemies":"3 Darklings","floor":35.0,"turns":4.0},{"damage":13.0,"enemies":"3 Shapes","floor":39.0,"turns":5.0},{"damage":45.0,"enemies":"Reptomancer","floor":40.0,"turns":6.0},{"damage":44.0,"enemies":"Giant Head","floor":42.0,"turns":7.0},{"damage":0.0,"enemies":"Transient","floor":47.0,"turns":5.0},{"damage":45,"enemies":"Time Eater","floor":50,"turns":5}],"seed_played":"2470771468264731325","potions_obtained":[{"floor":1.0,"key":"SkillPotion"},{"floor":6.0,"key":"Block Potion"},{"floor":13.0,"key":"SmokeBomb"},{"floor":18.0,"key":"Strength Potion"},{"floor":21.0,"key":"Block Potion"},{"floor":27.0,"key":"SkillPotion"},{"floor":31.0,"key":"Dexterity Potion"},{"floor":42.0,"key":"AttackPotion"},{"floor":47.0,"key":"Poison Potion"}],"is_trial":false,"path_per_floor":["M","$","?","?","M","E","M","M","T","R","$","T","E","M","R","B",null,"M","?","?","M","$","E","R","M","T","M","R","$","R","M","R","B",null,"M","?","?","?","M","E","R","E","T","R","?","$","M","$","R","B",null],"character_chosen":"IRONCLAD","items_purchased":["Inflame","Strange Spoon","Limit Break","Headbutt+1","Heavy Blade+1"],"campfire_rested":6,"item_purchase_floors":[2,22,46,46,48],"current_hp_per_floor":[80,80,80,80,80,49,54,53,53,53,53,53,51,50,74,28,80,80,80,80,76,76,30,54,45,45,33,33,33,57,49,73,39,80,75,75,75,75,68,29,53,15,15,39,70,70,70,70,70,43],"gold":57,"neow_bonus":"RANDOM_COLORLESS","is_prod":false,"is_daily":false,"chose_seed":false,"campfire_upgraded":3,"win_rate":0,"timestamp":1566272447,"path_taken":["M","$","?","?","M","E","M","M","T","R","$","?","E","M","R","BOSS","M","?","?","M","$","E","R","M","T","M","R","?","R","M","R","BOSS","M","?","?","?","?","E","R","E","T","R","?","$","M","$","R","BOSS"],"build_version":"2019-07-17","purchased_purges":2,"victory":true,"max_hp_per_floor":[80,80,80,80,80,80,80,80,80,80,80,80,80,80,80,80,80,80,80,80,80,80,80,80,80,80,80,80,80,80,80,80,80,80,80,80,80,80,80,80,80,80,80,80,70,70,70,70,70,70],"card_choices":[{"not_picked":["Sentinel","Corruption","Rupture"],"picked":"SKIP","floor":1.0},{"not_picked":["Flex","Shockwave"],"picked":"Burning Pact","floor":5.0},{"not_picked":["Sword Boomerang","True Grit"],"picked":"Rampage","floor":6.0},{"not_picked":["Flame Barrier","Clash","Hemokinesis"],"picked":"SKIP","floor":7.0},{"not_picked":["Corruption","Sword Boomerang","Entrench"],"picked":"SKIP","floor":8.0},{"not_picked":["Perfected Strike+1","Flex"],"picked":"Anger+1","floor":13.0},{"not_picked":["Clash+1","Intimidate"],"picked":"True Grit","floor":14.0},{"not_picked":["Offering","Brutality"],"picked":"Bludgeon+1","floor":16.0},{"not_picked":["Evolve","Shrug It Off"],"picked":"Thunderclap+1","floor":18.0},{"not_picked":["Anger+1","Cleave+1"],"picked":"Seeing Red+1","floor":21.0},{"not_picked":["Entrench","Power Through"],"picked":"Sword Boomerang+1","floor":23.0},{"not_picked":["Clash+1","Wild Strike+1","Flame Barrier"],"picked":"SKIP","floor":25.0},{"not_picked":["Clash+1","Searing Blow+1"],"picked":"Inflame","floor":27.0},{"not_picked":["Warcry","Wild Strike+1"],"picked":"Iron Wave+1","floor":31.0},{"not_picked":["Iron Wave+1","Sword Boomerang+1","Armaments"],"picked":"SKIP","floor":35.0},{"not_picked":["Jack Of All Trades","Magnetism"],"picked":"Dark Shackles","floor":36.0},{"not_picked":["Disarm","Iron Wave+1","Rupture+1"],"picked":"SKIP","floor":39.0},{"not_picked":["Armaments+1","Fire Breathing"],"picked":"Pummel+1","floor":40.0},{"not_picked":["Thunderclap+1","True Grit","Anger+1"],"picked":"SKIP","floor":42.0},{"not_picked":["Perfected Strike+1","Hemokinesis+1","Second Wind+1"],"picked":"SKIP","floor":47.0}],"player_experience":141549,"relics_obtained":[{"floor":6.0,"key":"Red Skull"},{"floor":9.0,"key":"Bottled Tornado"},{"floor":12.0,"key":"Molten Egg 2"},{"floor":13.0,"key":"Torii"},{"floor":23.0,"key":"Shuriken"},{"floor":26.0,"key":"Anchor"},{"floor":40.0,"key":"Matryoshka"},{"floor":42.0,"key":"Dodecahedron"},{"floor":43.0,"key":"Pantograph"},{"floor":43.0,"key":"Meat on the Bone"}],"event_choices":[{"damage_healed":0.0,"max_hp_gain":0.0,"max_hp_loss":0.0,"gold_gain":0.0,"event_name":"Living Wall","player_choice":"Grow","floor":3.0,"gold_loss":0.0,"damage_taken":0.0,"cards_upgraded":["Panacea"]},{"damage_healed":0.0,"max_hp_gain":0.0,"max_hp_loss":0.0,"gold_gain":0.0,"event_name":"Liars Game","player_choice":"Ignored","floor":4.0,"gold_loss":0.0,"damage_taken":0.0},{"damage_healed":0.0,"max_hp_gain":0.0,"max_hp_loss":0.0,"gold_gain":0.0,"event_name":"Back to Basics","player_choice":"Simplicity","floor":19.0,"gold_loss":0.0,"damage_taken":0.0,"cards_upgraded":["Strike_R","Strike_R","Strike_R","Strike_R","Defend_R","Defend_R","Defend_R","Defend_R"]},{"damage_healed":0.0,"max_hp_gain":0.0,"max_hp_loss":0.0,"gold_gain":0.0,"event_name":"Vampires","player_choice":"Ignored","floor":20.0,"gold_loss":0.0,"damage_taken":0.0},{"damage_healed":0.0,"max_hp_gain":0.0,"max_hp_loss":0.0,"gold_gain":0.0,"event_name":"SensoryStone","player_choice":"Memory 1","floor":36.0,"gold_loss":0.0,"damage_taken":0.0},{"damage_healed":0.0,"max_hp_gain":0.0,"max_hp_loss":0.0,"gold_gain":0.0,"event_name":"Mysterious Sphere","player_choice":"Ignored","floor":37.0,"gold_loss":0.0,"damage_taken":0.0},{"damage_healed":0.0,"max_hp_gain":0.0,"max_hp_loss":0.0,"gold_gain":0.0,"event_name":"Accursed Blacksmith","player_choice":"Forge","floor":38.0,"gold_loss":0.0,"damage_taken":0.0,"cards_upgraded":["Inflame"]},{"damage_healed":70.0,"max_hp_gain":0.0,"max_hp_loss":10.0,"gold_gain":0.0,"event_name":"The Moai Head","player_choice":"Heal","floor":45.0,"gold_loss":0.0,"damage_taken":0.0}],"is_beta":false,"boss_relics":[{"not_picked":["Eternal Feather","Tiny House"],"picked":"Velvet Choker"},{"not_picked":["Black Blood","Runic Dome"],"picked":"Philosopher\u0027s Stone"}],"items_purged_floors":[11,46],"is_endless":false,"potions_floor_spawned":[1,6,13,18,21,27,31,42,47],"ascension_level":1}