{"gold_per_floor":[113,113,124,144,144,158,158,176,201,201,211,211,286,306,306,306],"floor_reached":16,"playtime":18421,"items_purged":[],"score":132,"play_id":"b58c4878-3bd5-4f22-a298-32165d87af37","local_time":"20190331221311","is_ascension_mode":true,"campfire_choices":[{"data":"After Image","floor":7,"key":"SMITH"},{"data":"Strike_G","floor":10,"key":"SMITH"},{"floor":15,"key":"REST"}],"neow_cost":"NONE","seed_source_timestamp":1293314041797780,"circlet_count":0,"master_deck":["Defend_G","Defend_G+1","Defend_G","Defend_G","Defend_G","Strike_G","Strike_G","Strike_G+1","Strike_G+1","Survivor","Neutralize","Leg Sweep","Well Laid Plans","After Image+1","Catalyst"],"relics":["Ring of the Snake","Blood Vial","Pen Nib"],"potions_floor_usage":[6,16,16,16],"damage_taken":[{"damage":2,"enemies":"Cultist","floor":1,"turns":5},{"damage":0,"enemies":"Small Slimes","floor":3,"turns":7},{"damage":0,"enemies":"Jaw Worm","floor":4,"turns":8},{"damage":0,"enemies":"Gremlin Gang","floor":6,"turns":6},{"damage":0,"enemies":"Blue Slaver","floor":8,"turns":8},{"damage":0,"enemies":"2 Fungi Beasts","floor":11,"turns":7},{"damage":4,"enemies":"3 Louse","floor":14,"turns":9},{"damage":72,"enemies":"Hexaghost","floor":16,"turns":22}],"seed_played":"8207532473781013111","potions_obtained":[{"floor":1,"key":"FearPotion"},{"floor":3,"key":"SpeedPotion"},{"floor":4,"key":"AttackPotion"},{"floor":6,"key":"Dexterity Potion"}],"is_trial":false,"path_per_floor":["M","?","M","M","?","M","R","M","T","R","M","?","?","M","R","B"],"character_chosen":"THE_SILENT","items_purchased":[],"campfire_rested":1,"item_purchase_floors":[],"current_hp_per_floor":[63,63,65,67,67,69,69,70,70,70,70,56,45,43,64,0],"gold":306,"neow_bonus":"RANDOM_COMMON_RELIC","is_prod":false,"is_daily":false,"chose_seed":false,"campfire_upgraded":2,"win_rate":0,"timestamp":1554088391,"path_taken":["M","?","M","M","?","M","R","M","T","R","?","?","?","M","R","BOSS"],"build_version":"2019-01-23","purchased_purges":0,"victory":false,"max_hp_per_floor":[70,70,70,70,70,70,70,70,70,70,70,70,70,70,70,70],"card_choices":[{"not_picked":["Deadly Poison","Infinite Blades"],"picked":"Leg Sweep","floor":1},{"not_picked":["Dagger Spray","PiercingWail"],"picked":"Well Laid Plans","floor":3},{"not_picked":["Prepared","Predator","Distraction"],"picked":"SKIP","floor":4},{"not_picked":["Acrobatics","Slice","Flying Knee"],"picked":"SKIP","floor":6},{"not_picked":["Expertise","Masterful Stab","Quick Slash"],"picked":"SKIP","floor":8},{"not_picked":["Finisher","Flechettes","Calculated Gamble"],"picked":"SKIP","floor":11},{"not_picked":["Cloak And Dagger","Dodge and Roll"],"picked":"Catalyst","floor":14}],"player_experience":1749898,"relics_obtained":[{"floor":9,"key":"Pen Nib"}],"event_choices":[{"damage_healed":0,"gold_gain":0,"player_choice":"Ignored","damage_taken":0,"max_hp_gain":0,"max_hp_loss":0,"event_name":"Liars Game","floor":2,"gold_loss":0},{"damage_healed":0,"gold_gain":0,"cards_transformed":["Strike_G"],"player_choice":"Transformed","damage_taken":0,"max_hp_gain":0,"max_hp_loss":0,"event_name":"Transmorgrifier","floor":5,"gold_loss":0,"cards_obtained":["After Image"]},{"damage_healed":0,"gold_gain":0,"player_choice":"Entered Light","damage_taken":14,"max_hp_gain":0,"max_hp_loss":0,"event_name":"Shining Light","floor":12,"gold_loss":0,"cards_upgraded":["Defend_G","Strike_G"]},{"damage_healed":0,"gold_gain":75,"player_choice":"Gather Gold","damage_taken":11,"max_hp_gain":0,"max_hp_loss":0,"event_name":"World of Goop","floor":13,"gold_loss":0}],"is_beta":false,"boss_relics":[],"items_purged_floors":[],"is_endless":false,"potions_floor_spawned":[1,3,4,6],"killed_by":"Hexaghost","ascension_level":8}