{"gold_per_floor":[109,109,109,124,124,124,49,68,68,79,79,95,108,128,128,224,224,240,251,301,313,323,323,334,334,359,385,20,119,135,152,152,152],"floor_reached":33,"playtime":1700,"items_purged":["Strike_B","Strike_B"],"score":403,"play_id":"315992ba-c0fe-460d-9e4b-8761c4d1e4cc","local_time":"20190414210022","is_ascension_mode":true,"campfire_choices":[{"data":"Zap","floor":6,"key":"SMITH"},{"data":"Zap","floor":11,"key":"SMITH"},{"floor":15,"key":"REST"},{"floor":23,"key":"REST"},{"floor":25,"key":"REST"},{"floor":32,"key":"REST"}],"neow_cost":"NONE","seed_source_timestamp":407867281737978,"circlet_count":0,"master_deck":["Strike_B","Strike_B","Defend_B","Defend_B","Defend_B","Defend_B","Zap+1","FTL","Zap+1","Conserve Battery","Self Repair","Electrodynamics","Buffer","Cold Snap+1","Thunder Strike","The Bomb","FTL","Conserve Battery"],"relics":["Cracked Core","NeowsBlessing","Shuriken","Fusion Hammer","PreservedInsect","Sundial"],"potions_floor_usage":[16,16,27,27,27],"damage_taken":[{"damage":0,"enemies":"Jaw Worm","floor":1,"turns":1},{"damage":0,"enemies":"2 Louse","floor":4,"turns":1},{"damage":0,"enemies":"Small Slimes","floor":8,"turns":1},{"damage":0,"enemies":"2 Fungi Beasts","floor":10,"turns":3},{"damage":35,"enemies":"Gremlin Gang","floor":12,"turns":6},{"damage":5,"enemies":"3 Louse","floor":13,"turns":3},{"damage":3,"enemies":"Blue Slaver","floor":14,"turns":3},{"damage":30,"enemies":"The Guardian","floor":16,"turns":12},{"damage":41,"enemies":"Shell Parasite","floor":18,"turns":7},{"damage":17,"enemies":"Spheric Guardian","floor":19,"turns":4},{"damage":15,"enemies":"Shelled Parasite and Fungi","floor":21,"turns":6},{"damage":11,"enemies":"Sentry and Sphere","floor":22,"turns":4},{"damage":21,"enemies":"Snecko","floor":24,"turns":7},{"damage":0,"enemies":"Slavers","floor":27,"turns":4},{"damage":12,"enemies":"Centurion and Healer","floor":30,"turns":5},{"damage":13,"enemies":"Shelled Parasite and Fungi","floor":31,"turns":7},{"damage":66,"enemies":"Champ","floor":33,"turns":11}],"seed_played":"-4931881128385197615","potions_obtained":[{"floor":1,"key":"EssenceOfSteel"},{"floor":14,"key":"Strength Potion"},{"floor":16,"key":"PowerPotion"},{"floor":22,"key":"AttackPotion"},{"floor":24,"key":"Energy Potion"}],"is_trial":false,"path_per_floor":["M","?","?","M","?","R","$","M","T","M","R","M","M","M","R","B",null,"M","M","?","M","M","R","M","R","T","E","$","?","M","M","R","B"],"character_chosen":"DEFECT","items_purchased":["The Bomb","FTL"],"campfire_rested":4,"item_purchase_floors":[28,28],"current_hp_per_floor":[68,73,66,66,66,66,66,66,66,66,66,31,26,30,54,31,68,34,24,24,16,12,36,22,46,46,53,53,53,48,42,66,0],"gold":152,"neow_bonus":"THREE_ENEMY_KILL","is_prod":false,"is_daily":false,"chose_seed":false,"campfire_upgraded":2,"win_rate":0,"timestamp":1555293622,"path_taken":["M","?","?","M","?","R","$","M","T","M","R","M","M","M","R","BOSS","M","?","?","M","M","R","?","R","T","E","$","?","M","M","R","BOSS"],"build_version":"2019-01-23","purchased_purges":2,"victory":false,"max_hp_per_floor":[75,80,80,80,80,80,80,80,80,80,80,80,80,80,80,80,80,80,80,80,80,80,80,80,80,80,80,80,80,80,80,80,80],"card_choices":[{"not_picked":["Recycle","Redo"],"picked":"FTL","floor":1},{"not_picked":["Steam","Reprogram","Coolheaded"],"picked":"SKIP","floor":4},{"not_picked":["Ball Lightning","Streamline","Compile Driver"],"picked":"SKIP","floor":8},{"not_picked":["Beam Cell","Storm"],"picked":"Conserve Battery","floor":10},{"not_picked":["Rebound","Beam Cell","Fusion"],"picked":"SKIP","floor":12},{"not_picked":["Heatsinks","Reinforced Body"],"picked":"Self Repair","floor":13},{"not_picked":["Compile Driver","Consume","Coolheaded"],"picked":"SKIP","floor":14},{"not_picked":["Buffer","Machine Learning"],"picked":"Electrodynamics","floor":16},{"not_picked":["Redo","Sweeping Beam","Steam"],"picked":"SKIP","floor":18},{"not_picked":["Compile Driver+1","Sunder"],"picked":"Buffer","floor":19},{"not_picked":["Barrage","Force Field+1"],"picked":"Cold Snap+1","floor":21},{"not_picked":["Leap","Go for the Eyes+1","Stack+1"],"picked":"SKIP","floor":22},{"not_picked":["Consume","Stack","Compile Driver"],"picked":"SKIP","floor":24},{"not_picked":["White Noise+1","Go for the Eyes"],"picked":"Thunder Strike","floor":27},{"not_picked":["Steam+1","Compile Driver"],"picked":"Conserve Battery","floor":30},{"not_picked":["Leap","Compile Driver+1","Hello World+1"],"picked":"SKIP","floor":31}],"player_experience":1851402,"relics_obtained":[{"floor":9,"key":"Shuriken"},{"floor":26,"key":"PreservedInsect"},{"floor":27,"key":"Sundial"}],"event_choices":[{"damage_healed":0,"gold_gain":0,"player_choice":"Donut","damage_taken":0,"max_hp_gain":5,"max_hp_loss":0,"event_name":"Big Fish","floor":2,"gold_loss":0},{"cards_removed":["Dualcast"],"damage_healed":0,"gold_gain":0,"player_choice":"Card Removal","damage_taken":7,"max_hp_gain":0,"max_hp_loss":0,"event_name":"Golden Wing","floor":3,"gold_loss":0},{"damage_healed":0,"gold_gain":0,"player_choice":"1 cards matched","damage_taken":0,"max_hp_gain":0,"max_hp_loss":0,"event_name":"Match and Keep!","floor":5,"gold_loss":0,"cards_obtained":["Zap"]},{"damage_healed":0,"gold_gain":100,"player_choice":"Bet on Murderer","damage_taken":0,"max_hp_gain":0,"max_hp_loss":0,"event_name":"The Joust","floor":20,"gold_loss":50},{"damage_healed":0,"gold_gain":99,"player_choice":"Stole From Cult","damage_taken":0,"max_hp_gain":0,"max_hp_loss":0,"event_name":"Nest","floor":29,"gold_loss":0}],"is_beta":false,"boss_relics":[{"not_picked":["Runic Pyramid","Black Star"],"picked":"Fusion Hammer"}],"items_purged_floors":[7,28],"is_endless":false,"potions_floor_spawned":[1,14,16,22,24],"killed_by":"Champ","ascension_level":8}