{"gold_per_floor":[116,134,134,144,244,244,258,258,258,35,51,51,66,66,66,168,168,178,178],"floor_reached":19,"playtime":758,"items_purged":["Strike_B"],"score":223,"play_id":"5e1dff7c-d769-4461-bcf6-5ffecd4f1380","local_time":"20190408220323","is_ascension_mode":true,"campfire_choices":[{"data":"Zap","floor":6,"key":"SMITH"},{"floor":8,"key":"REST"},{"floor":15,"key":"REST"}],"neow_cost":"NONE","seed_source_timestamp":337038051847802,"circlet_count":0,"master_deck":["Strike_B","Strike_B","Defend_B","Defend_B","Defend_B","Defend_B","Zap+1","Sunder","Capacitor","Echo Form","Cold Snap"],"relics":["Cracked Core","Letter Opener","Happy Flower","Inserter"],"potions_floor_usage":[7,16,16,16,16,16],"damage_taken":[{"damage":3,"enemies":"Small Slimes","floor":1,"turns":3},{"damage":7,"enemies":"Jaw Worm","floor":2,"turns":3},{"damage":0,"enemies":"Cultist","floor":4,"turns":3},{"damage":9,"enemies":"Lots of Slimes","floor":7,"turns":4},{"damage":1,"enemies":"Looter","floor":11,"turns":4},{"damage":16,"enemies":"Large Slime","floor":13,"turns":6},{"damage":57,"enemies":"Hexaghost","floor":16,"turns":10},{"damage":14,"enemies":"Spheric Guardian","floor":18,"turns":4},{"damage":58,"enemies":"Masked Bandits","floor":19,"turns":3}],"seed_played":"-2430262953629019814","potions_obtained":[{"floor":2,"key":"Weak Potion"},{"floor":4,"key":"EntropicBrew"},{"floor":7,"key":"Fruit Juice"},{"floor":16,"key":"Fire Potion"},{"floor":18,"key":"Fire Potion"}],"is_trial":false,"path_per_floor":["M","M","?","M","?","R","M","R","T","$","M","$","M","?","R","B",null,"M","?"],"character_chosen":"DEFECT","items_purchased":["Happy Flower"],"campfire_rested":2,"item_purchase_floors":[10],"current_hp_per_floor":[65,58,63,63,63,63,59,84,84,84,83,83,67,60,85,28,71,57,0],"gold":178,"neow_bonus":"TRANSFORM_CARD","is_prod":false,"is_daily":false,"chose_seed":false,"campfire_upgraded":1,"win_rate":0,"timestamp":1554779003,"path_taken":["M","M","?","M","?","R","?","R","T","$","M","?","M","?","R","BOSS","M","?"],"build_version":"2019-01-23","purchased_purges":1,"victory":false,"max_hp_per_floor":[75,75,80,80,80,80,85,85,85,85,85,85,85,85,85,85,85,85,85],"card_choices":[{"not_picked":["Leap","Hologram","Reprogram"],"picked":"SKIP","floor":1},{"not_picked":["Lockon","Tempest","Static Discharge"],"picked":"SKIP","floor":2},{"not_picked":["Redo","Reprogram","Leap"],"picked":"SKIP","floor":4},{"not_picked":["Rebound","Auto Shields","Redo"],"picked":"SKIP","floor":7},{"not_picked":["Melter","Biased Cognition"],"picked":"Capacitor","floor":11},{"not_picked":["Steam","Scrape","Turbo"],"picked":"SKIP","floor":13},{"not_picked":["Creative AI","Electrodynamics"],"picked":"Echo Form","floor":16},{"not_picked":["Sweeping Beam+1","Gash"],"picked":"Cold Snap","floor":18}],"player_experience":1813350,"relics_obtained":[{"floor":9,"key":"Letter Opener"}],"event_choices":[{"damage_healed":0,"gold_gain":0,"player_choice":"Donut","damage_taken":0,"max_hp_gain":5,"max_hp_loss":0,"event_name":"Big Fish","floor":3,"gold_loss":0},{"damage_healed":0,"gold_gain":100,"player_choice":"Pray","damage_taken":0,"max_hp_gain":0,"max_hp_loss":0,"event_name":"Golden Shrine","floor":5,"gold_loss":0},{"cards_removed":["Strike_B"],"damage_healed":0,"gold_gain":0,"player_choice":"Card Removal","damage_taken":7,"max_hp_gain":0,"max_hp_loss":0,"event_name":"Golden Wing","floor":14,"gold_loss":0},{"damage_healed":0,"gold_gain":0,"player_choice":"Fought Bandits","damage_taken":0,"max_hp_gain":0,"max_hp_loss":0,"event_name":"Masked Bandits","floor":19,"gold_loss":0}],"is_beta":false,"boss_relics":[{"not_picked":["White Beast Statue","Fusion Hammer"],"picked":"Inserter"}],"items_purged_floors":[10],"is_endless":false,"potions_floor_spawned":[2,4,7,16,18],"killed_by":"Masked Bandits","ascension_level":8}