{"gold_per_floor":[99,24,24,24,24,24,24,24,24,24,0,0,0,0,0,0,0,0,0,0,0],"floor_reached":21,"playtime":4941,"items_purged":["Strike_G"],"score":239,"play_id":"5f92e6b2-e784-4c49-9ca5-28ead7239980","local_time":"20190322181611","is_ascension_mode":true,"campfire_choices":[{"floor":6.0,"key":"REST"},{"data":"Leg Sweep","floor":8.0,"key":"SMITH"},{"data":"Neutralize","floor":10.0,"key":"SMITH"},{"data":"Deadly Poison","floor":15.0,"key":"SMITH"}],"neow_cost":"NONE","seed_source_timestamp":0,"circlet_count":0,"master_deck":["Defend_G","Defend_G","Defend_G","Defend_G","Defend_G","Strike_G","Strike_G","Strike_G","Strike_G+1","Survivor","Neutralize+1","Deadly Poison+1","Leg Sweep+1","Backstab","Deadly Poison+1","Deadly Poison+1"],"special_seed":0,"relics":["Ectoplasm","White Beast Statue"],"potions_floor_usage":[21],"damage_taken":[{"damage":0.0,"enemies":"Jaw Worm","floor":1.0,"turns":4.0},{"damage":0.0,"enemies":"2 Louse","floor":3.0,"turns":4.0},{"damage":0.0,"enemies":"Small Slimes","floor":7.0,"turns":3.0},{"damage":3.0,"enemies":"Looter","floor":11.0,"turns":3.0},{"damage":0.0,"enemies":"2 Fungi Beasts","floor":12.0,"turns":3.0},{"damage":0.0,"enemies":"Blue Slaver","floor":13.0,"turns":4.0},{"damage":28.0,"enemies":"Slime Boss","floor":16.0,"turns":16.0},{"damage":17,"enemies":"2 Thieves","floor":18,"turns":4},{"damage":9,"enemies":"Spheric Guardian","floor":19,"turns":4},{"damage":37,"enemies":"Centurion and Healer","floor":21,"turns":7}],"seed_played":"-3557026846443806806","potions_obtained":[{"floor":1.0,"key":"Dexterity Potion"},{"floor":11.0,"key":"SpeedPotion"},{"floor":18,"key":"Swift Potion"},{"floor":19,"key":"SkillPotion"}],"is_trial":false,"path_per_floor":["M","$","M","?","?","R","M","R","T","R","M","M","M","$","R","B",null,"M","M","?","M"],"character_chosen":"THE_SILENT","items_purchased":[],"campfire_rested":1,"item_purchase_floors":[],"current_hp_per_floor":[63,63,63,49,49,70,70,70,70,70,67,67,67,67,67,39,62,45,36,36,0],"gold":0,"neow_bonus":"BOSS_RELIC","is_prod":false,"is_daily":false,"chose_seed":false,"campfire_upgraded":3,"win_rate":0,"timestamp":1553296571,"path_taken":["M","$","M","?","?","R","M","R","T","R","M","M","M","$","R","BOSS","M","M","?","M"],"build_version":"2019-01-23","purchased_purges":1,"victory":false,"max_hp_per_floor":[70,70,70,70,70,70,70,70,70,70,70,70,70,70,70,70,70,70,70,70,70],"card_choices":[{"not_picked":["Heel Hook","Slice"],"picked":"Deadly Poison","floor":1.0},{"not_picked":["Dagger Throw","Masterful Stab"],"picked":"Leg Sweep","floor":3.0},{"not_picked":["Acrobatics","Blade Dance","Dagger Spray"],"picked":"SKIP","floor":7.0},{"not_picked":["Outmaneuver","Infinite Blades"],"picked":"Backstab","floor":11.0},{"not_picked":["Dagger Spray","Backflip","Poisoned Stab"],"picked":"SKIP","floor":12.0},{"not_picked":["Sucker Punch","Dagger Throw"],"picked":"Deadly Poison","floor":13.0},{"not_picked":["Slice","Deflect","Predator"],"picked":"SKIP","floor":18},{"not_picked":["Quick Slash+1","Underhanded Strike+1"],"picked":"Deadly Poison+1","floor":19}],"player_experience":1699771,"relics_obtained":[],"event_choices":[{"damage_healed":0.0,"max_hp_gain":0.0,"max_hp_loss":0.0,"gold_gain":0.0,"event_name":"Shining Light","player_choice":"Entered Light","floor":4.0,"gold_loss":0.0,"damage_taken":14.0,"cards_upgraded":["Deadly Poison","Strike_G"]},{"damage_healed":0.0,"max_hp_gain":0.0,"max_hp_loss":0.0,"gold_gain":0.0,"event_name":"The Cleric","player_choice":"Leave","floor":5.0,"gold_loss":0.0,"damage_taken":0.0},{"damage_healed":0,"gold_gain":99,"player_choice":"Stole From Cult","damage_taken":0,"max_hp_gain":0,"max_hp_loss":0,"event_name":"Nest","floor":20,"gold_loss":0}],"is_beta":false,"boss_relics":[{"not_picked":["WristBlade","Velvet Choker"],"picked":"White Beast Statue"}],"items_purged_floors":[2],"is_endless":false,"potions_floor_spawned":[1,11,18,19],"killed_by":"Centurion and Healer","ascension_level":8}