{"gold_per_floor":[117,117,133,133,58,68,78,78,102,118,118,118,128,148,148,248,248,266,9,0,0,19,19,19],"floor_reached":24,"playtime":1550,"items_purged":["Strike_B","Strike_B"],"score":301,"play_id":"2af59c68-1674-4e3c-b6b9-5dcd7b0859f1","local_time":"20190831101356","is_ascension_mode":true,"campfire_choices":[{"data":"Zap","floor":8,"key":"SMITH"},{"data":"Reboot","floor":11,"key":"SMITH"},{"floor":15,"key":"REST"},{"floor":23,"key":"REST"}],"neow_cost":"NONE","seed_source_timestamp":1498414523921400,"circlet_count":0,"master_deck":["AscendersBane","Strike_B","Strike_B","Defend_B","Defend_B","Defend_B","Defend_B","Zap+1","Reboot+1","Self Repair","Cold Snap","Zap+1","Machine Learning","Gash","Echo Form","FTL"],"relics":["Cracked Core","Sozu","Anchor","Nloth\u0027s Gift"],"potions_floor_usage":[16,16],"damage_taken":[{"damage":8,"enemies":"Small Slimes","floor":1,"turns":5},{"damage":1,"enemies":"Cultist","floor":3,"turns":4},{"damage":2,"enemies":"Jaw Worm","floor":6,"turns":4},{"damage":7,"enemies":"2 Fungi Beasts","floor":7,"turns":3},{"damage":4,"enemies":"3 Louse","floor":10,"turns":3},{"damage":25,"enemies":"Exordium Thugs","floor":13,"turns":4},{"damage":18,"enemies":"Large Slime","floor":14,"turns":6},{"damage":47,"enemies":"Hexaghost","floor":16,"turns":13},{"damage":35,"enemies":"3 Byrds","floor":18,"turns":6},{"damage":19,"enemies":"Spheric Guardian","floor":22,"turns":4},{"damage":54,"enemies":"Book of Stabbing","floor":24,"turns":5}],"seed_played":"7274191197552418857","potions_obtained":[{"floor":3,"key":"Poison Potion"},{"floor":6,"key":"Dexterity Potion"},{"floor":10,"key":"Block Potion"}],"is_trial":false,"path_per_floor":["M","?","M","?","$","M","M","R","T","M","R","?","M","M","R","B",null,"M","$","?","?","M","R","E"],"character_chosen":"DEFECT","items_purchased":["Anchor"],"campfire_rested":2,"item_purchase_floors":[19],"current_hp_per_floor":[60,60,66,66,66,71,71,71,71,67,67,72,54,43,67,27,67,39,39,39,39,27,51,0],"gold":19,"neow_bonus":"TRANSFORM_CARD","is_prod":false,"is_daily":false,"chose_seed":false,"campfire_upgraded":2,"win_rate":0,"timestamp":1567264436,"path_taken":["M","?","M","?","$","M","?","R","T","M","R","?","M","M","R","BOSS","M","$","?","?","M","R","E"],"build_version":"2019-07-17","purchased_purges":2,"victory":false,"max_hp_per_floor":[75,75,75,75,75,75,75,75,75,75,75,80,80,80,80,80,80,80,80,80,80,80,80,80],"card_choices":[{"not_picked":["Streamline","Lockon"],"picked":"Self Repair","floor":1},{"not_picked":["Rip and Tear","Leap"],"picked":"Cold Snap","floor":3},{"not_picked":["Storm","Sweeping Beam","Coolheaded"],"picked":"SKIP","floor":6},{"not_picked":["Compile Driver","Streamline","Steam"],"picked":"SKIP","floor":7},{"not_picked":["Beam Cell","Consume"],"picked":"Gash","floor":10},{"not_picked":["Aggregate","Streamline","Consume"],"picked":"SKIP","floor":13},{"not_picked":["Turbo","Double Energy","Amplify"],"picked":"SKIP","floor":14},{"not_picked":["Seek","Reboot"],"picked":"Echo Form","floor":16},{"not_picked":["Aggregate","Rip and Tear"],"picked":"FTL","floor":18},{"not_picked":["Multi-Cast","Coolheaded","Go for the Eyes"],"picked":"SKIP","floor":22}],"player_experience":2941102,"relics_obtained":[{"floor":9,"key":"Ancient Tea Set"}],"event_choices":[{"damage_healed":0,"gold_gain":0,"player_choice":"Grow","damage_taken":0,"max_hp_gain":0,"max_hp_loss":0,"event_name":"Living Wall","floor":2,"gold_loss":0,"cards_upgraded":["Zap"]},{"damage_healed":0,"gold_gain":0,"player_choice":"2 cards matched","damage_taken":0,"max_hp_gain":0,"max_hp_loss":0,"event_name":"Match and Keep!","floor":4,"gold_loss":0,"cards_obtained":["Zap","Machine Learning"]},{"damage_healed":0,"gold_gain":0,"player_choice":"Donut","damage_taken":0,"max_hp_gain":5,"max_hp_loss":0,"event_name":"Big Fish","floor":12,"gold_loss":0},{"damage_healed":0,"gold_gain":0,"player_choice":"Paid Fearfully","damage_taken":0,"max_hp_gain":0,"max_hp_loss":0,"event_name":"Masked Bandits","floor":20,"gold_loss":9},{"damage_healed":0,"gold_gain":0,"player_choice":"Traded Relic","damage_taken":0,"relics_obtained":["Nloth\u0027s Gift"],"max_hp_gain":0,"max_hp_loss":0,"event_name":"N\u0027loth","floor":21,"relics_lost":["Ancient Tea Set"],"gold_loss":0}],"is_beta":false,"boss_relics":[{"not_picked":["Black Star","Orrery"],"picked":"Sozu"}],"items_purged_floors":[5,19],"is_endless":false,"potions_floor_spawned":[3,6,7,10,18],"killed_by":"Book of Stabbing","ascension_level":12}