{"gold_per_floor":[19,19,30,45,61,61,79,98,122,122,47,59,59],"floor_reached":13,"playtime":1030,"items_purged":["Strike_G"],"score":95,"play_id":"5d6fb82e-6124-4cc1-a740-6d6b69339e3e","local_time":"20190129194420","is_ascension_mode":true,"campfire_choices":[{"floor":6.0,"key":"REST"},{"floor":10,"key":"REST"}],"neow_cost":"NO_GOLD","seed_source_timestamp":0,"circlet_count":0,"master_deck":["Defend_G","Defend_G","Defend_G","Defend_G","Defend_G","Strike_G","Strike_G","Strike_G","Strike_G","Survivor","Neutralize","Footwork","Adrenaline"],"special_seed":0,"relics":["Ring of the Snake","Turnip","Dream Catcher"],"potions_floor_usage":[],"damage_taken":[{"damage":0.0,"enemies":"2 Louse","floor":1.0,"turns":3.0},{"damage":2.0,"enemies":"Cultist","floor":3.0,"turns":5.0},{"damage":2.0,"enemies":"Small Slimes","floor":4.0,"turns":5.0},{"damage":23.0,"enemies":"Exordium Thugs","floor":5.0,"turns":11.0},{"damage":26,"enemies":"Large Slime","floor":7,"turns":12},{"damage":12,"enemies":"Red Slaver","floor":8,"turns":9},{"damage":0,"enemies":"Exordium Wildlife","floor":12,"turns":8},{"damage":71,"enemies":"Exordium Thugs","floor":13,"turns":11}],"seed_played":"1857199354116035531","potions_obtained":[{"floor":3.0,"key":"PowerPotion"},{"floor":5.0,"key":"Poison Potion"},{"floor":12,"key":"FairyPotion"}],"is_trial":false,"path_per_floor":["M","?","M","M","M","R","M","M","T","R","$","M","M"],"character_chosen":"THE_SILENT","items_purchased":[],"campfire_rested":2,"item_purchase_floors":[],"current_hp_per_floor":[70,63,61,59,36,57,31,19,19,40,40,40,0],"gold":59,"neow_bonus":"ONE_RARE_RELIC","is_prod":false,"is_daily":false,"chose_seed":false,"campfire_upgraded":0,"win_rate":0,"timestamp":1548812660,"path_taken":["M","?","M","M","M","R","M","M","T","R","$","?","M"],"build_version":"2019-01-23","purchased_purges":1,"victory":false,"max_hp_per_floor":[70,70,70,70,70,70,70,70,70,70,70,70,70],"card_choices":[{"not_picked":["Dagger Spray","Accuracy","Quick Slash"],"picked":"SKIP","floor":1.0},{"not_picked":["Sucker Punch","Backflip","Heel Hook"],"picked":"SKIP","floor":3.0},{"not_picked":["Sucker Punch","Skewer","Acrobatics"],"picked":"SKIP","floor":4.0},{"not_picked":["Eviscerate","Backflip","Prepared"],"picked":"SKIP","floor":5.0},{"not_picked":["Bane","Catalyst","Predator"],"picked":"SKIP","floor":7},{"not_picked":["Underhanded Strike","Slice"],"picked":"Footwork","floor":8},{"not_picked":["Eviscerate","Acrobatics"],"picked":"Adrenaline","floor":12}],"player_experience":1158509,"relics_obtained":[{"floor":9,"key":"Dream Catcher"}],"event_choices":[{"damage_healed":0.0,"max_hp_gain":0.0,"max_hp_loss":0.0,"gold_gain":0.0,"event_name":"Wheel of Change","player_choice":"Damaged","floor":2.0,"gold_loss":0.0,"damage_taken":7.0}],"is_beta":false,"boss_relics":[],"items_purged_floors":[11],"is_endless":false,"potions_floor_spawned":[3,5,12],"killed_by":"Exordium Thugs","ascension_level":4}