{"gold_per_floor":[109,126,126,142,142,142,142,142,142,161,161,177,177,195,195,295,295,307,217,230,230,257,257],"floor_reached":23,"playtime":1281,"items_purged":[],"score":217,"play_id":"d6b7cad4-ca10-4317-aaa8-78329b88e73b","local_time":"20190124195017","is_ascension_mode":true,"campfire_choices":[{"data":"Shockwave","floor":6,"key":"SMITH"},{"data":"Madness","floor":8,"key":"SMITH"},{"data":"Panacea","floor":11,"key":"SMITH"},{"data":"Body Slam","floor":13,"key":"SMITH"},{"data":"Bash","floor":15,"key":"SMITH"}],"neow_cost":"TEN_PERCENT_HP_LOSS","seed_source_timestamp":0,"circlet_count":0,"master_deck":["Strike_R","Strike_R","Strike_R","Defend_R","Defend_R","Defend_R+1","Defend_R","Bash+1","Panacea+1","Madness+1","Shockwave+1","Body Slam+1","Offering"],"special_seed":0,"relics":["Burning Blood","Shuriken","Bronze Scales","Sozu","Enchiridion","Red Mask"],"potions_floor_usage":[16,16,16],"damage_taken":[{"damage":9,"enemies":"2 Louse","floor":1,"turns":4},{"damage":7,"enemies":"Jaw Worm","floor":2,"turns":3},{"damage":8,"enemies":"Small Slimes","floor":4,"turns":5},{"damage":20,"enemies":"Exordium Thugs","floor":10,"turns":5},{"damage":5,"enemies":"Red Slaver","floor":12,"turns":5},{"damage":0,"enemies":"Large Slime","floor":14,"turns":6},{"damage":56,"enemies":"Slime Boss","floor":16,"turns":10},{"damage":24,"enemies":"2 Thieves","floor":18,"turns":4},{"damage":6,"enemies":"Chosen","floor":20,"turns":4},{"damage":28,"enemies":"Masked Bandits","floor":22,"turns":5},{"damage":24,"enemies":"Gremlin Leader","floor":23,"turns":7}],"seed_played":"-4866169650628081093","potions_obtained":[{"floor":4,"key":"AttackPotion"},{"floor":7,"key":"Ancient Potion"},{"floor":7,"key":"Weak Potion"},{"floor":12,"key":"LiquidBronze"}],"is_trial":false,"path_per_floor":["M","M","?","M","T","R","?","R","T","M","R","M","R","M","R","B",null,"M","?","M","?","?","E"],"character_chosen":"IRONCLAD","items_purchased":[],"campfire_rested":0,"item_purchase_floors":[],"current_hp_per_floor":[69,68,68,66,66,66,66,66,66,52,52,53,53,59,59,9,72,54,54,54,38,16,0],"gold":257,"neow_bonus":"RANDOM_COLORLESS_2","is_prod":false,"is_daily":false,"chose_seed":false,"campfire_upgraded":5,"win_rate":0,"timestamp":1548381017,"path_taken":["M","M","?","M","?","R","?","R","T","M","R","M","R","?","R","BOSS","M","?","?","?","?","E"],"build_version":"2019-01-23","purchased_purges":0,"victory":false,"max_hp_per_floor":[72,72,72,72,72,72,72,72,72,72,72,72,72,72,72,72,72,72,72,72,72,72,72],"card_choices":[{"not_picked":["Heavy Blade","True Grit","Flex"],"picked":"SKIP","floor":1},{"not_picked":["Perfected Strike","Pommel Strike"],"picked":"Shockwave","floor":2},{"not_picked":["Thunderclap","Dropkick","Havoc"],"picked":"SKIP","floor":4},{"not_picked":["Flex","Carnage","Dropkick"],"picked":"SKIP","floor":10},{"not_picked":["Thunderclap","Wild Strike"],"picked":"Body Slam","floor":12},{"not_picked":["Infernal Blade","Flex","True Grit"],"picked":"SKIP","floor":14},{"not_picked":["Brutality","Double Tap"],"picked":"Offering","floor":16},{"not_picked":["Perfected Strike","Headbutt","Fire Breathing+1"],"picked":"SKIP","floor":18},{"not_picked":["Perfected Strike","Havoc","Dual Wield"],"picked":"SKIP","floor":20}],"player_experience":1141604,"relics_obtained":[{"floor":5,"key":"Shuriken"},{"floor":9,"key":"Bronze Scales"},{"floor":21,"key":"Enchiridion"},{"floor":22,"key":"Red Mask"}],"event_choices":[{"cards_removed":["Strike_R"],"damage_healed":0,"gold_gain":0,"player_choice":"Forget","damage_taken":0,"max_hp_gain":0,"max_hp_loss":0,"event_name":"Living Wall","floor":3,"gold_loss":0},{"damage_healed":0,"gold_gain":0,"player_choice":"Got Potions","damage_taken":0,"max_hp_gain":0,"max_hp_loss":0,"event_name":"Lab","floor":7,"gold_loss":0},{"cards_removed":["Strike_R"],"damage_healed":0,"gold_gain":0,"player_choice":"Upgrade and Remove","damage_taken":0,"max_hp_gain":0,"max_hp_loss":0,"event_name":"Designer","floor":19,"gold_loss":90,"cards_upgraded":["Defend_R"]},{"damage_healed":0,"gold_gain":0,"player_choice":"Obtained Book","damage_taken":16,"max_hp_gain":0,"max_hp_loss":0,"event_name":"Cursed Tome","floor":21,"gold_loss":0},{"damage_healed":0,"gold_gain":0,"player_choice":"Fought Bandits","damage_taken":0,"max_hp_gain":0,"max_hp_loss":0,"event_name":"Masked Bandits","floor":22,"gold_loss":0}],"is_beta":false,"boss_relics":[{"not_picked":["Snecko Eye","Calling Bell"],"picked":"Sozu"}],"items_purged_floors":[],"is_endless":false,"potions_floor_spawned":[4,12,14,18,20,22],"killed_by":"Gremlin Leader","ascension_level":4}