{"gold_per_floor":[20,20,34,52,52,52,52,88,111,61,80,94,94,112,112,236,236,249,249,264,289,310,341,341,365,365,384,384,384,384,309,309,433,433,446,467,467,542,331,331,369,394,394,413,413],"floor_reached":45,"playtime":23471,"items_purged":["Strike_G","Strike_G"],"score":771,"play_id":"09541b3b-0ba8-4b9b-b272-90a81d940c9c","local_time":"20190713132220","is_ascension_mode":true,"campfire_choices":[{"floor":7,"key":"REST"},{"floor":13,"key":"REST"},{"floor":15,"key":"REST"},{"floor":24,"key":"REST"},{"floor":28,"key":"REST"},{"data":"Deadly Poison","floor":30,"key":"SMITH"},{"data":"Catalyst","floor":32,"key":"SMITH"},{"floor":40,"key":"REST"}],"neow_cost":"NO_GOLD","seed_source_timestamp":0,"circlet_count":0,"master_deck":["Strike_G+1","Defend_G","Defend_G","Defend_G","Defend_G","Defend_G","Survivor","Neutralize","Dark Shackles","Finesse+1","Deadly Poison+1","Backflip","Bouncing Flask","Catalyst+1","Corpse Explosion","Deadly Poison+1","Venomology","Deadly Poison+1","Noxious Fumes","Burst","Noxious Fumes","Catalyst","Parasite"],"special_seed":0,"relics":["Ring of the Snake","Golden Idol","Odd Mushroom","PreservedInsect","Busted Crown","Centennial Puzzle","StoneCalendar","Cursed Key","FossilizedHelix"],"potions_floor_usage":[16,16,22,22,23,23,23,23,33,33,35,36,36,41,42,42,42,42,44,44,45],"damage_taken":[{"damage":0,"enemies":"2 Louse","floor":1,"turns":4},{"damage":2,"enemies":"Small Slimes","floor":3,"turns":6},{"damage":0,"enemies":"Jaw Worm","floor":4,"turns":5},{"damage":32,"enemies":"The Mushroom Lair","floor":8,"turns":9},{"damage":4,"enemies":"3 Louse","floor":11,"turns":5},{"damage":0,"enemies":"Red Slaver","floor":12,"turns":5},{"damage":3,"enemies":"Exordium Wildlife","floor":14,"turns":7},{"damage":0,"enemies":"Hexaghost","floor":16,"turns":7},{"damage":2,"enemies":"3 Byrds","floor":18,"turns":2},{"damage":0,"enemies":"Chosen","floor":20,"turns":4},{"damage":0,"enemies":"3 Cultists","floor":21,"turns":2},{"damage":7,"enemies":"Snecko","floor":22,"turns":5},{"damage":10,"enemies":"Book of Stabbing","floor":23,"turns":5},{"damage":4,"enemies":"Snake Plant","floor":25,"turns":4},{"damage":18,"enemies":"Shelled Parasite and Fungi","floor":27,"turns":6},{"damage":60,"enemies":"Automaton","floor":33,"turns":7},{"damage":16,"enemies":"3 Shapes","floor":35,"turns":4},{"damage":1,"enemies":"Orb Walker","floor":36,"turns":4},{"damage":45,"enemies":"Reptomancer","floor":41,"turns":6},{"damage":8,"enemies":"4 Shapes","floor":42,"turns":3},{"damage":2,"enemies":"Sphere and 2 Shapes","floor":44,"turns":4},{"damage":16,"enemies":"2 Orb Walkers","floor":45,"turns":1}],"seed_played":"5759345621854355883","potions_obtained":[{"floor":1,"key":"SpeedPotion"},{"floor":3,"key":"Swift Potion"},{"floor":8,"key":"Explosive Potion"},{"floor":16,"key":"Block Potion"},{"floor":20,"key":"LiquidBronze"},{"floor":22,"key":"Weak Potion"},{"floor":23,"key":"LiquidBronze"},{"floor":33,"key":"PowerPotion"},{"floor":41,"key":"EntropicBrew"},{"floor":42,"key":"GhostInAJar"},{"floor":44,"key":"SmokeBomb"}],"is_trial":false,"path_per_floor":["M","?","M","M","?","$","R","?","T","?","M","M","R","M","R","B",null,"M","?","M","M","M","E","R","M","T","M","R","?","R","$","R","B",null,"M","M","$","?","$","R","E","M","T","M","?"],"character_chosen":"THE_SILENT","items_purchased":["Noxious Fumes","Catalyst"],"campfire_rested":6,"item_purchase_floors":[39,39],"current_hp_per_floor":[63,46,44,44,30,30,51,19,19,19,15,15,36,33,54,54,66,64,64,64,64,57,47,68,64,64,46,67,67,67,67,67,7,54,38,37,37,30,30,51,6,7,7,5,0],"gold":413,"neow_bonus":"RANDOM_COLORLESS_2","is_prod":false,"is_daily":false,"chose_seed":false,"campfire_upgraded":2,"win_rate":0,"timestamp":1563042140,"path_taken":["M","?","M","M","?","$","R","?","T","?","M","M","R","M","R","BOSS","M","?","M","M","M","E","R","M","T","?","R","?","R","$","R","BOSS","M","M","$","?","$","R","E","?","T","M","?"],"build_version":"2019-07-05","purchased_purges":2,"victory":false,"max_hp_per_floor":[70,70,70,70,70,70,70,70,70,70,70,70,70,70,70,70,70,70,70,70,70,70,70,70,70,70,70,70,70,70,70,70,70,70,70,70,70,70,70,70,70,70,70,70,70],"card_choices":[{"not_picked":["Slice","Dash"],"picked":"Deadly Poison","floor":1},{"not_picked":["Acrobatics","PiercingWail","Dagger Spray"],"picked":"SKIP","floor":3},{"not_picked":["Tactician","Acrobatics"],"picked":"Backflip","floor":4},{"not_picked":["Slice","Poisoned Stab"],"picked":"Bouncing Flask","floor":8},{"not_picked":["Backflip","Deadly Poison"],"picked":"Catalyst","floor":11},{"not_picked":["Skewer","Cloak And Dagger"],"picked":"Corpse Explosion","floor":12},{"not_picked":["Poisoned Stab","PiercingWail"],"picked":"Deadly Poison","floor":14},{"not_picked":["Storm of Steel","Corpse Explosion"],"picked":"Venomology","floor":16},{"not_picked":["Acrobatics"],"picked":"SKIP","floor":18},{"not_picked":["Sucker Punch"],"picked":"SKIP","floor":20},{"not_picked":["Poisoned Stab"],"picked":"SKIP","floor":21},{"not_picked":["Quick Slash"],"picked":"SKIP","floor":22},{"not_picked":["Predator"],"picked":"SKIP","floor":23},{"not_picked":[],"picked":"Deadly Poison+1","floor":25},{"not_picked":[],"picked":"Noxious Fumes","floor":27},{"not_picked":[],"picked":"Burst","floor":33},{"not_picked":["Quick Slash"],"picked":"SKIP","floor":35},{"not_picked":["Outmaneuver"],"picked":"SKIP","floor":36},{"not_picked":["Underhanded Strike+1"],"picked":"SKIP","floor":41},{"not_picked":["Prepared+1"],"picked":"SKIP","floor":42},{"not_picked":["Endless Agony"],"picked":"SKIP","floor":44}],"player_experience":2269234,"relics_obtained":[{"floor":8,"key":"Odd Mushroom"},{"floor":9,"key":"PreservedInsect"},{"floor":23,"key":"Centennial Puzzle"},{"floor":26,"key":"StoneCalendar"},{"floor":41,"key":"FossilizedHelix"}],"event_choices":[{"damage_healed":0,"gold_gain":0,"player_choice":"Take Damage","damage_taken":17,"relics_obtained":["Golden Idol"],"max_hp_gain":0,"max_hp_loss":0,"event_name":"Golden Idol","floor":2,"gold_loss":0},{"damage_healed":0,"gold_gain":0,"player_choice":"Entered Light","damage_taken":14,"max_hp_gain":0,"max_hp_loss":0,"event_name":"Shining Light","floor":5,"gold_loss":0,"cards_upgraded":["Strike_G","Finesse"]},{"damage_healed":0,"gold_gain":0,"player_choice":"Fought Mushrooms","damage_taken":0,"max_hp_gain":0,"max_hp_loss":0,"event_name":"Mushrooms","floor":8,"gold_loss":0},{"cards_removed":["Strike_G"],"damage_healed":0,"gold_gain":0,"player_choice":"Card Removal","damage_taken":0,"max_hp_gain":0,"max_hp_loss":0,"event_name":"The Cleric","floor":10,"gold_loss":50},{"damage_healed":0,"gold_gain":0,"player_choice":"Upgraded","damage_taken":0,"max_hp_gain":0,"max_hp_loss":0,"event_name":"Upgrade Shrine","floor":19,"gold_loss":0,"cards_upgraded":["Deadly Poison"]},{"cards_removed":["Strike_G"],"damage_healed":0,"gold_gain":0,"player_choice":"Elegance","damage_taken":0,"max_hp_gain":0,"max_hp_loss":0,"event_name":"Back to Basics","floor":29,"gold_loss":0},{"damage_healed":0,"gold_gain":75,"player_choice":"Touch","damage_taken":7,"max_hp_gain":0,"max_hp_loss":0,"event_name":"FaceTrader","floor":38,"gold_loss":0},{"damage_healed":0,"gold_gain":0,"player_choice":"Fight","damage_taken":0,"max_hp_gain":0,"max_hp_loss":0,"event_name":"Mysterious Sphere","floor":45,"gold_loss":0}],"is_beta":false,"boss_relics":[{"not_picked":["Fusion Hammer","Philosopher\u0027s Stone"],"picked":"Busted Crown"},{"not_picked":["Runic Dome","Astrolabe"],"picked":"Cursed Key"}],"items_purged_floors":[31,39],"is_endless":false,"potions_floor_spawned":[1,3,8,16,20,22,23,33,41,42,44],"killed_by":"2 Orb Walkers","ascension_level":9}