{"gold_per_floor":[115,126,139,154,166,166,194,223,261,292,304,316,364,390,402,534,546,581,606,618,147,171,171,189,189,189,213,128,152,152,166,166,166],"floor_reached":33,"playtime":2860,"items_purged":["Strike_R"],"score":331,"play_id":"a47bb74d-262c-47a5-a9b9-73cec840b461","local_time":"20190819143456","is_ascension_mode":true,"campfire_choices":[{"data":"Clothesline","floor":6,"key":"SMITH"},{"data":"Entrench","floor":11,"key":"SMITH"},{"data":"Bash","floor":15,"key":"SMITH"},{"data":"True Grit","floor":23,"key":"SMITH"},{"data":"Berserk","floor":25,"key":"SMITH"},{"data":"Warcry","floor":30,"key":"SMITH"},{"floor":32,"key":"REST"}],"neow_cost":"NONE","seed_source_timestamp":165802466656700,"circlet_count":0,"master_deck":["Strike_R+1","Strike_R","Strike_R","Strike_R","Defend_R","Defend_R","Defend_R","Defend_R","Bash+1","Bloodletting","Warcry+1","Iron Wave","Cleave","Clothesline+1","Entrench+1","Sword Boomerang","Headbutt","Metallicize","Ghostly Armor","Berserk+1","Feel No Pain+1","True Grit+1","Offering","Evolve","Intimidate","Whirlwind+1","Shrug It Off","Sword Boomerang+1"],"relics":["Black Blood","Bag of Marbles","MawBank","Happy Flower","Golden Idol","Red Skull","Enchiridion","Lantern","Whetstone","Orichalcum"],"potions_floor_usage":[8,10,16,16,16,16,16,22,22,33],"damage_taken":[{"damage":7,"enemies":"Jaw Worm","floor":1,"turns":3},{"damage":2,"enemies":"2 Louse","floor":2,"turns":3},{"damage":5,"enemies":"Small Slimes","floor":3,"turns":4},{"damage":5,"enemies":"3 Louse","floor":4,"turns":4},{"damage":14,"enemies":"Looter","floor":5,"turns":4},{"damage":30,"enemies":"Lagavulin","floor":7,"turns":6},{"damage":5,"enemies":"Large Slime","floor":8,"turns":4},{"damage":7,"enemies":"Lots of Slimes","floor":10,"turns":3},{"damage":26,"enemies":"Gremlin Nob","floor":13,"turns":4},{"damage":1,"enemies":"3 Louse","floor":14,"turns":2},{"damage":43,"enemies":"The Guardian","floor":16,"turns":9},{"damage":24,"enemies":"Chosen","floor":18,"turns":5},{"damage":13,"enemies":"Shell Parasite","floor":19,"turns":5},{"damage":6,"enemies":"Centurion and Healer","floor":22,"turns":5},{"damage":19,"enemies":"Sentry and Sphere","floor":24,"turns":7},{"damage":19,"enemies":"Shelled Parasite and Fungi","floor":27,"turns":5},{"damage":15,"enemies":"Centurion and Healer","floor":29,"turns":6},{"damage":14,"enemies":"Snake Plant","floor":31,"turns":3},{"damage":57,"enemies":"Collector","floor":33,"turns":6}],"seed_played":"6042052884968037038","potions_obtained":[{"floor":3,"key":"EssenceOfSteel"},{"floor":5,"key":"Regen Potion"},{"floor":7,"key":"Fire Potion"},{"floor":8,"key":"SteroidPotion"},{"floor":13,"key":"EntropicBrew"},{"floor":16,"key":"GamblersBrew"},{"floor":19,"key":"Block Potion"},{"floor":24,"key":"Strength Potion"}],"is_trial":false,"path_per_floor":["M","M","M","M","M","R","E","M","T","M","R","?","E","M","R","B",null,"M","M","?","$","M","R","M","R","T","M","?","M","R","M","R","B"],"character_chosen":"IRONCLAD","items_purchased":["Offering","Evolve","BloodPotion","Lantern"],"campfire_rested":1,"item_purchase_floors":[21,21,21,21],"current_hp_per_floor":[79,80,80,80,72,72,48,49,49,48,48,48,28,33,33,11,58,44,41,25,25,47,47,38,38,38,29,29,24,24,20,42,0],"gold":166,"neow_bonus":"RANDOM_COMMON_RELIC","is_prod":false,"is_daily":false,"chose_seed":false,"campfire_upgraded":6,"win_rate":0,"timestamp":1566192896,"path_taken":["M","M","M","M","M","R","E","M","T","M","R","?","E","M","R","BOSS","M","M","?","$","M","R","M","R","T","M","?","M","R","M","R","BOSS"],"build_version":"2019-07-17","purchased_purges":1,"victory":false,"max_hp_per_floor":[80,80,80,80,80,80,80,80,80,80,80,74,74,74,74,74,74,74,74,74,74,74,74,74,74,74,74,74,74,74,74,74,74],"card_choices":[{"not_picked":["True Grit","Dual Wield"],"picked":"Bloodletting","floor":1},{"not_picked":["Armaments","Clash"],"picked":"Warcry","floor":2},{"not_picked":["Ghostly Armor","Headbutt"],"picked":"Iron Wave","floor":3},{"not_picked":["Disarm","Exhume"],"picked":"Cleave","floor":4},{"not_picked":["Feel No Pain","Cleave"],"picked":"Clothesline","floor":5},{"not_picked":["Sword Boomerang","Impervious"],"picked":"Entrench","floor":7},{"not_picked":["Clash","Pommel Strike"],"picked":"Sword Boomerang","floor":8},{"not_picked":["Heavy Blade","True Grit"],"picked":"Headbutt","floor":10},{"not_picked":["True Grit","Pommel Strike"],"picked":"Metallicize","floor":13},{"not_picked":["Perfected Strike","Evolve"],"picked":"Ghostly Armor","floor":14},{"not_picked":["Exhume","Brutality"],"picked":"Berserk","floor":16},{"not_picked":["Wild Strike+1","Twin Strike+1"],"picked":"Feel No Pain+1","floor":18},{"not_picked":["Warcry","Rage+1"],"picked":"True Grit","floor":19},{"not_picked":["Sword Boomerang","True Grit"],"picked":"Intimidate","floor":22},{"not_picked":["Thunderclap","Perfected Strike"],"picked":"Whirlwind","floor":24},{"not_picked":["Sever Soul+1","Heavy Blade"],"picked":"Shrug It Off","floor":27},{"not_picked":["Reckless Charge","Evolve","Cleave"],"picked":"SKIP","floor":29},{"not_picked":["Dark Embrace","Sentinel"],"picked":"Sword Boomerang+1","floor":31}],"player_experience":372220,"relics_obtained":[{"floor":7,"key":"MawBank"},{"floor":9,"key":"Happy Flower"},{"floor":13,"key":"Red Skull"},{"floor":20,"key":"Enchiridion"},{"floor":26,"key":"Whetstone"}],"event_choices":[{"damage_healed":0,"gold_gain":0,"player_choice":"Lose Max HP","damage_taken":0,"relics_obtained":["Golden Idol"],"max_hp_gain":0,"max_hp_loss":6,"event_name":"Golden Idol","floor":12,"gold_loss":0},{"damage_healed":0,"gold_gain":0,"player_choice":"Obtained Book","damage_taken":16,"max_hp_gain":0,"max_hp_loss":0,"event_name":"Cursed Tome","floor":20,"gold_loss":0},{"damage_healed":0,"gold_gain":0,"player_choice":"Obtained Relic","damage_taken":0,"relics_obtained":["Orichalcum"],"max_hp_gain":0,"max_hp_loss":0,"event_name":"Addict","floor":28,"gold_loss":85}],"is_beta":false,"boss_relics":[{"not_picked":["Runic Pyramid","Philosopher\u0027s Stone"],"picked":"Black Blood"}],"items_purged_floors":[21],"is_endless":false,"potions_floor_spawned":[3,5,7,8,13,16,19,24],"killed_by":"Collector","ascension_level":5}