{"gold_per_floor":[212,212,212,227,227,227,227,227,306,320,320,135,179,198,198,198],"floor_reached":16,"playtime":677,"items_purged":["Strike_B"],"score":137,"play_id":"e780f066-2437-4560-9157-b32344a956fb","local_time":"20190421120657","is_ascension_mode":true,"campfire_choices":[{"floor":6,"key":"REST"},{"floor":11,"key":"REST"},{"floor":15,"key":"REST"}],"neow_cost":"NONE","seed_source_timestamp":981693172109006,"circlet_count":0,"master_deck":["Strike_B","Strike_B","Strike_B+1","Defend_B+1","Defend_B","Defend_B","Defend_B","Zap","Conserve Battery","Self Repair","Reinforced Body","Capacitor"],"relics":["Cracked Core","Golden Idol","Blue Candle","Bag of Preparation"],"potions_floor_usage":[13],"damage_taken":[{"damage":7,"enemies":"Jaw Worm","floor":1,"turns":5},{"damage":10,"enemies":"2 Louse","floor":4,"turns":3},{"damage":1,"enemies":"Cultist","floor":10,"turns":4},{"damage":47,"enemies":"3 Sentries","floor":13,"turns":9},{"damage":0,"enemies":"Blue Slaver","floor":14,"turns":5},{"damage":50,"enemies":"Hexaghost","floor":16,"turns":12}],"seed_played":"-6273970141311542269","potions_obtained":[{"floor":1,"key":"Swift Potion"}],"is_trial":false,"path_per_floor":["M","?","?","M","?","R","T","?","T","M","R","$","E","M","R","B"],"character_chosen":"DEFECT","items_purchased":["Self Repair","Reinforced Body"],"campfire_rested":3,"item_purchase_floors":[12,12],"current_hp_per_floor":[61,61,61,51,36,58,58,40,40,39,61,61,21,28,50,0],"gold":198,"neow_bonus":"HUNDRED_GOLD","is_prod":false,"is_daily":false,"chose_seed":false,"campfire_upgraded":0,"win_rate":0,"timestamp":1555866417,"path_taken":["M","?","?","?","?","R","?","?","T","M","R","$","E","M","R","BOSS"],"build_version":"2019-01-23","purchased_purges":1,"victory":false,"max_hp_per_floor":[75,75,75,75,75,75,75,75,75,75,75,75,75,75,75,75],"card_choices":[{"not_picked":["Chaos","Redo","Hologram"],"picked":"SKIP","floor":1},{"not_picked":["Gash","Go for the Eyes","Stack"],"picked":"SKIP","floor":4},{"not_picked":["Compile Driver","Steam"],"picked":"Conserve Battery","floor":10},{"not_picked":["Beam Cell","Conserve Battery"],"picked":"Capacitor","floor":13},{"not_picked":["Force Field","Coolheaded","Leap"],"picked":"SKIP","floor":14}],"player_experience":1879027,"relics_obtained":[{"floor":9,"key":"Blue Candle"},{"floor":13,"key":"Bag of Preparation"}],"event_choices":[{"damage_healed":0,"gold_gain":0,"player_choice":"Ignored","damage_taken":0,"max_hp_gain":0,"max_hp_loss":0,"event_name":"Liars Game","floor":2,"gold_loss":0},{"cards_removed":["Dualcast"],"damage_healed":0,"gold_gain":0,"player_choice":"Purged","damage_taken":0,"max_hp_gain":0,"max_hp_loss":0,"event_name":"Purifier","floor":3,"gold_loss":0},{"damage_healed":0,"gold_gain":0,"player_choice":"Entered Light","damage_taken":15,"max_hp_gain":0,"max_hp_loss":0,"event_name":"Shining Light","floor":5,"gold_loss":0,"cards_upgraded":["Defend_B","Strike_B"]},{"damage_healed":0,"gold_gain":0,"player_choice":"Take Damage","damage_taken":18,"relics_obtained":["Golden Idol"],"max_hp_gain":0,"max_hp_loss":0,"event_name":"Golden Idol","floor":8,"gold_loss":0}],"is_beta":false,"boss_relics":[],"items_purged_floors":[12],"is_endless":false,"potions_floor_spawned":[1],"killed_by":"Hexaghost","ascension_level":8}