{"gold_per_floor":[113,131,146,159,178,178,210,285,285,285],"floor_reached":10,"playtime":364,"items_purged":[],"score":81,"play_id":"d5ca455f-a353-4bdb-815c-015c6d3926f1","local_time":"20181213070338","is_ascension_mode":true,"campfire_choices":[{"floor":6,"key":"REST"}],"neow_cost":"NONE","seed_source_timestamp":47628811970244,"circlet_count":0,"master_deck":["Defend_G","Defend_G","Defend_G","Defend_G","Defend_G","Strike_G","Strike_G","Strike_G","Strike_G","Strike_G","Survivor","Neutralize","Noxious Fumes","Cloak And Dagger","Catalyst","Catalyst"],"relics":["Ring of the Snake","NeowsBlessing","Ice Cream"],"potions_floor_usage":[7],"damage_taken":[{"damage":0,"enemies":"Small Slimes","floor":1,"turns":1},{"damage":0,"enemies":"2 Louse","floor":2,"turns":1},{"damage":0,"enemies":"Cultist","floor":3,"turns":1},{"damage":0,"enemies":"Large Slime","floor":4,"turns":6},{"damage":27,"enemies":"Lots of Slimes","floor":5,"turns":5},{"damage":46,"enemies":"Gremlin Nob","floor":7,"turns":7},{"damage":15,"enemies":"Gremlin Gang","floor":10,"turns":2}],"seed_played":"7917652979407419058","potions_obtained":[{"floor":1,"key":"Weak Potion"},{"floor":2,"key":"Dexterity Potion"},{"floor":5,"key":"PowerPotion"}],"is_trial":false,"path_per_floor":["M","M","M","M","M","R","E","?","T","M"],"character_chosen":"THE_SILENT","items_purchased":[],"campfire_rested":1,"item_purchase_floors":[],"current_hp_per_floor":[70,70,70,70,43,64,18,7,7,0],"gold":285,"neow_bonus":"THREE_ENEMY_KILL","is_prod":false,"is_daily":false,"chose_seed":false,"campfire_upgraded":0,"win_rate":0,"timestamp":1544706218,"path_taken":["M","M","M","M","M","R","E","?","T","M"],"build_version":"2018-12-06","purchased_purges":0,"victory":false,"max_hp_per_floor":[70,70,70,70,70,70,70,70,70,70],"card_choices":[{"not_picked":["Setup","Acrobatics"],"picked":"Noxious Fumes","floor":1},{"not_picked":["Setup","PiercingWail"],"picked":"Cloak And Dagger","floor":2},{"not_picked":["Underhanded Strike","Sucker Punch"],"picked":"Catalyst","floor":3},{"not_picked":["Concentrate","Sucker Punch","Endless Agony"],"picked":"SKIP","floor":4},{"not_picked":["Reflex","Flying Knee","Accuracy"],"picked":"SKIP","floor":5},{"not_picked":["Deadly Poison","Blade Dance"],"picked":"Catalyst","floor":7}],"player_experience":774275,"relics_obtained":[{"floor":7,"key":"Ice Cream"}],"event_choices":[{"damage_healed":0,"gold_gain":75,"player_choice":"Gather Gold","damage_taken":11,"max_hp_gain":0,"max_hp_loss":0,"event_name":"World of Goop","floor":8,"gold_loss":0}],"is_beta":false,"boss_relics":[],"items_purged_floors":[],"is_endless":false,"potions_floor_spawned":[1,2,5],"killed_by":"Gremlin Gang","ascension_level":3}