{"gold_per_floor":[116,79,29,29,29,29,58,58,84,9,23,50,125,136,136,235,235,251,251,251,268,168,168,197,197,244,263,263,279,314,325,325,325],"floor_reached":33,"playtime":5027,"items_purged":["Strike_R","Defend_R"],"score":365,"play_id":"491e10a5-62f2-4fc6-ac0f-a27a3bc9ff4c","local_time":"20181125184529","is_ascension_mode":true,"campfire_choices":[{"floor":6,"key":"RECALL"},{"data":"Uppercut","floor":8,"key":"SMITH"},{"floor":15,"key":"REST"},{"data":"Impervious","floor":23,"key":"SMITH"},{"floor":25,"key":"REST"},{"floor":28,"key":"REST"},{"floor":32,"key":"REST"}],"neow_cost":"NONE","seed_source_timestamp":88902131453489,"circlet_count":0,"master_deck":["Strike_R","Strike_R","Strike_R","Strike_R","Defend_R+1","Defend_R","Defend_R+1","Uppercut+1","Battle Trance","Impervious+1","Shrug It Off+1","Reaper"],"relics":["Black Blood","NeowsBlessing","Bronze Scales","Pear","MutagenicStrength","Red Mask","Pen Nib","Smiling Mask"],"potions_floor_usage":[31,33,33,33],"damage_taken":[{"damage":0,"enemies":"Jaw Worm","floor":1,"turns":1},{"damage":0,"enemies":"Gremlin Nob","floor":7,"turns":1},{"damage":0,"enemies":"2 Louse","floor":11,"turns":1},{"damage":45,"enemies":"Lagavulin","floor":12,"turns":6},{"damage":1,"enemies":"Small Slimes","floor":14,"turns":3},{"damage":67,"enemies":"The Guardian","floor":16,"turns":10},{"damage":43,"enemies":"Shell Parasite","floor":18,"turns":9},{"damage":0,"enemies":"3 Byrds","floor":21,"turns":4},{"damage":79,"enemies":"Masked Bandits","floor":24,"turns":12},{"damage":13,"enemies":"Snake Plant","floor":27,"turns":4},{"damage":11,"enemies":"Snecko","floor":29,"turns":7},{"damage":60,"enemies":"Slavers","floor":30,"turns":12},{"damage":39,"enemies":"Shelled Parasite and Fungi","floor":31,"turns":10},{"damage":68,"enemies":"Champ","floor":33,"turns":26}],"seed_played":"-8305401269229383503","potions_obtained":[{"floor":12,"key":"GamblersBrew"},{"floor":16,"key":"SkillPotion"},{"floor":18,"key":"EssenceOfSteel"},{"floor":29,"key":"Fire Potion"},{"floor":31,"key":"Energy Potion"}],"is_trial":false,"path_per_floor":["M","$","?","?","?","R","E","R","T","$","M","E","?","M","R","B",null,"M","?","?","M","$","R","?","R","T","M","R","M","E","M","R","B"],"character_chosen":"IRONCLAD","items_purchased":["Uppercut"],"campfire_rested":4,"item_purchase_floors":[2],"current_hp_per_floor":[80,80,80,64,69,69,75,75,75,75,81,52,43,48,76,15,95,62,93,93,95,95,95,26,54,54,51,79,82,40,11,39,0],"gold":325,"neow_bonus":"THREE_ENEMY_KILL","is_prod":false,"is_daily":false,"chose_seed":false,"campfire_upgraded":2,"win_rate":0,"timestamp":1543193129,"path_taken":["M","$","?","?","?","R","E","R","T","?","M","E","?","M","R","BOSS","M","?","?","M","$","R","?","R","T","M","R","M","E","M","R","BOSS"],"build_version":"2018-11-15","purchased_purges":2,"victory":false,"max_hp_per_floor":[80,80,80,80,85,85,85,85,85,85,85,95,95,95,95,95,95,95,95,95,95,95,95,95,95,95,95,95,95,95,95,95,95],"card_choices":[{"not_picked":["Armaments","Entrench","Heavy Blade"],"picked":"SKIP","floor":1},{"not_picked":["Flex","Hemokinesis","Pommel Strike"],"picked":"SKIP","floor":7},{"not_picked":["Headbutt","Carnage","Clothesline"],"picked":"SKIP","floor":11},{"not_picked":["Wild Strike","Heavy Blade"],"picked":"Battle Trance","floor":12},{"not_picked":["Pommel Strike","Iron Wave","Thunderclap"],"picked":"SKIP","floor":14},{"not_picked":["Brutality","Barricade"],"picked":"Impervious","floor":16},{"not_picked":["Iron Wave","Clothesline"],"picked":"Shrug It Off+1","floor":18},{"not_picked":["Warcry+1","Armaments","Rampage"],"picked":"SKIP","floor":21},{"not_picked":["Anger+1","Heavy Blade"],"picked":"Reaper","floor":27},{"not_picked":["Dropkick+1","Wild Strike","Perfected Strike"],"picked":"SKIP","floor":29},{"not_picked":["Warcry","Perfected Strike","Heavy Blade"],"picked":"SKIP","floor":30},{"not_picked":["Body Slam","Reckless Charge","Clash"],"picked":"SKIP","floor":31}],"player_experience":483153,"relics_obtained":[{"floor":7,"key":"Bronze Scales"},{"floor":12,"key":"Pear"},{"floor":24,"key":"Red Mask"},{"floor":26,"key":"Pen Nib"},{"floor":30,"key":"Smiling Mask"}],"event_choices":[{"cards_removed":["Bash"],"damage_healed":0,"gold_gain":0,"player_choice":"Card Removal","damage_taken":0,"max_hp_gain":0,"max_hp_loss":0,"event_name":"The Cleric","floor":3,"gold_loss":50},{"damage_healed":0,"gold_gain":0,"player_choice":"Entered Light","damage_taken":16,"max_hp_gain":0,"max_hp_loss":0,"event_name":"Shining Light","floor":4,"gold_loss":0,"cards_upgraded":["Defend_R","Defend_R"]},{"damage_healed":0,"gold_gain":0,"player_choice":"Donut","damage_taken":0,"max_hp_gain":5,"max_hp_loss":0,"event_name":"Big Fish","floor":5,"gold_loss":0},{"damage_healed":0,"gold_gain":75,"player_choice":"Touch","damage_taken":9,"max_hp_gain":0,"max_hp_loss":0,"event_name":"FaceTrader","floor":13,"gold_loss":0},{"damage_healed":31,"gold_gain":0,"player_choice":"Heal","damage_taken":0,"max_hp_gain":0,"max_hp_loss":0,"event_name":"The Library","floor":19,"gold_loss":0},{"damage_healed":0,"gold_gain":0,"player_choice":"Inject Mutagens","damage_taken":0,"relics_obtained":["MutagenicStrength"],"max_hp_gain":0,"max_hp_loss":0,"event_name":"Drug Dealer","floor":20,"gold_loss":0},{"damage_healed":0,"gold_gain":0,"player_choice":"Fought Bandits","damage_taken":0,"max_hp_gain":0,"max_hp_loss":0,"event_name":"Masked Bandits","floor":24,"gold_loss":0}],"is_beta":false,"boss_relics":[{"not_picked":["Lizard Tail","Ectoplasm"],"picked":"Black Blood"}],"items_purged_floors":[10,22],"is_endless":false,"potions_floor_spawned":[12,16,18,29,31],"killed_by":"Champ","ascension_level":3}