{"gold_per_floor":[116,41,41,51,51,51,85,105,105,105,120,120,143,159,159,285,285,310,335,335],"floor_reached":20,"playtime":1721,"items_purged":["Strike_G"],"score":279,"play_id":"d22f8422-3f30-49ca-a01a-4c22e9f662e5","local_time":"20190324081307","is_ascension_mode":true,"campfire_choices":[{"floor":6,"key":"REST"},{"data":"Survivor","floor":10,"key":"SMITH"},{"data":"Defend_G","floor":12,"key":"SMITH"},{"data":"Defend_G","floor":15,"key":"SMITH"}],"neow_cost":"NONE","seed_source_timestamp":655030264076140,"circlet_count":0,"master_deck":["Defend_G","Defend_G","Defend_G","Defend_G+1","Defend_G+1","Strike_G","Strike_G","Strike_G","Survivor+1","Neutralize","Backstab","Poisoned Stab","Deadly Poison","Bullet Time","Noxious Fumes"],"relics":["Ring of the Snake","NeowsBlessing","Golden Idol","Question Card","Juzu Bracelet","Pen Nib","Busted Crown"],"potions_floor_usage":[16,16,16],"damage_taken":[{"damage":0,"enemies":"Small Slimes","floor":1,"turns":1},{"damage":0,"enemies":"Cultist","floor":4,"turns":1},{"damage":0,"enemies":"Lagavulin","floor":7,"turns":1},{"damage":0,"enemies":"2 Louse","floor":8,"turns":4},{"damage":4,"enemies":"Exordium Wildlife","floor":11,"turns":5},{"damage":0,"enemies":"Red Slaver","floor":14,"turns":4},{"damage":21,"enemies":"Hexaghost","floor":16,"turns":13},{"damage":28,"enemies":"Shell Parasite","floor":18,"turns":7},{"damage":14,"enemies":"Chosen","floor":19,"turns":5},{"damage":21,"enemies":"Centurion and Healer","floor":20,"turns":6}],"seed_played":"-2609909469215259249","potions_obtained":[{"floor":4,"key":"GamblersBrew"},{"floor":11,"key":"Dexterity Potion"},{"floor":14,"key":"GhostInAJar"}],"is_trial":false,"path_per_floor":["M","$","?","M","?","R","E","M","T","R","M","R","T","M","R","B",null,"M","M","M"],"character_chosen":"THE_SILENT","items_purchased":[],"campfire_rested":1,"item_purchase_floors":[],"current_hp_per_floor":[63,63,63,63,46,67,67,67,67,67,63,63,63,63,63,42,63,35,21,0],"gold":335,"neow_bonus":"THREE_ENEMY_KILL","is_prod":false,"is_daily":false,"chose_seed":false,"campfire_upgraded":3,"win_rate":0,"timestamp":1553433187,"path_taken":["M","$","?","?","?","R","E","M","T","R","M","R","?","M","R","BOSS","M","M","M"],"build_version":"2019-01-23","purchased_purges":1,"victory":false,"max_hp_per_floor":[70,70,70,70,70,70,70,70,70,70,70,70,70,70,70,70,70,70,70,70],"card_choices":[{"not_picked":["Acrobatics","Dagger Spray"],"picked":"Backstab","floor":1},{"not_picked":["Prepared","Dagger Throw","Slice"],"picked":"SKIP","floor":4},{"not_picked":["Deflect","Prepared","Expertise"],"picked":"SKIP","floor":7},{"not_picked":["Acrobatics","PiercingWail","Flying Knee","Quick Slash"],"picked":"SKIP","floor":8},{"not_picked":["Terror","Skewer","Masterful Stab"],"picked":"Deadly Poison","floor":11},{"not_picked":["Eviscerate","PiercingWail","Slice","Outmaneuver"],"picked":"SKIP","floor":14},{"not_picked":["Glass Knife","Storm of Steel","Wraith Form v2"],"picked":"Bullet Time","floor":16},{"not_picked":["Acrobatics"],"picked":"Noxious Fumes","floor":18},{"not_picked":["Deflect","Sucker Punch"],"picked":"SKIP","floor":19}],"player_experience":1720273,"relics_obtained":[{"floor":7,"key":"Question Card"},{"floor":9,"key":"Juzu Bracelet"},{"floor":13,"key":"Pen Nib"}],"event_choices":[{"damage_healed":0,"gold_gain":0,"cards_transformed":["Strike_G"],"player_choice":"Transformed","damage_taken":0,"max_hp_gain":0,"max_hp_loss":0,"event_name":"Transmorgrifier","floor":3,"gold_loss":0,"cards_obtained":["Poisoned Stab"]},{"damage_healed":0,"gold_gain":0,"player_choice":"Take Damage","damage_taken":17,"relics_obtained":["Golden Idol"],"max_hp_gain":0,"max_hp_loss":0,"event_name":"Golden Idol","floor":5,"gold_loss":0}],"is_beta":false,"boss_relics":[{"not_picked":["Black Star","Coffee Dripper"],"picked":"Busted Crown"}],"items_purged_floors":[2],"is_endless":false,"potions_floor_spawned":[4,11,14],"killed_by":"Centurion and Healer","ascension_level":8}