{"gold_per_floor":[114,64,64,79,4,4,17,40,40,40,54,54],"floor_reached":12,"playtime":600,"items_purged":["Strike_G"],"score":88,"play_id":"951f7519-f518-404e-aba6-7e5df0278cca","local_time":"20190208122056","is_ascension_mode":true,"campfire_choices":[{"floor":6,"key":"REST"},{"floor":10,"key":"DIG"}],"neow_cost":"PERCENT_DAMAGE","seed_source_timestamp":2534180684212139,"circlet_count":0,"master_deck":["Defend_G","Defend_G","Defend_G","Defend_G","Defend_G","Strike_G","Strike_G","Strike_G","Survivor","Neutralize","Catalyst"],"relics":["Ring of the Snake","FossilizedHelix","Golden Idol","Shovel","Ice Cream"],"potions_floor_usage":[12],"damage_taken":[{"damage":0,"enemies":"Jaw Worm","floor":1,"turns":4},{"damage":0,"enemies":"Cultist","floor":4,"turns":5},{"damage":0,"enemies":"2 Louse","floor":7,"turns":5},{"damage":0,"enemies":"Exordium Wildlife","floor":8,"turns":5},{"damage":36,"enemies":"Large Slime","floor":11,"turns":16},{"damage":30,"enemies":"Gremlin Gang","floor":12,"turns":3}],"seed_played":"1165671868633776113","potions_obtained":[{"floor":7,"key":"Dexterity Potion"}],"is_trial":false,"path_per_floor":["M","?","?","M","$","R","M","M","T","R","M","M"],"character_chosen":"THE_SILENT","items_purchased":[],"campfire_rested":1,"item_purchase_floors":[],"current_hp_per_floor":[49,49,32,32,32,53,53,53,53,53,17,0],"gold":54,"neow_bonus":"ONE_RARE_RELIC","is_prod":false,"is_daily":false,"chose_seed":false,"campfire_upgraded":0,"win_rate":0,"timestamp":1549650056,"path_taken":["M","?","?","M","?","R","?","M","T","R","M","M"],"build_version":"2019-01-23","purchased_purges":1,"victory":false,"max_hp_per_floor":[70,70,70,70,70,70,70,70,70,70,70,70],"card_choices":[{"not_picked":["Slice","Underhanded Strike","Flying Knee"],"picked":"SKIP","floor":1},{"not_picked":["Slice","Poisoned Stab","Concentrate"],"picked":"SKIP","floor":4},{"not_picked":["Prepared","Masterful Stab","Underhanded Strike"],"picked":"SKIP","floor":7},{"not_picked":["Crippling Poison","Infinite Blades"],"picked":"Catalyst","floor":8},{"not_picked":["Slice","Sucker Punch","Prepared"],"picked":"SKIP","floor":11}],"player_experience":1275687,"relics_obtained":[{"floor":9,"key":"Shovel"},{"floor":10,"key":"Ice Cream"}],"event_choices":[{"cards_removed":["Strike_G"],"damage_healed":0,"gold_gain":0,"player_choice":"Card Removal","damage_taken":0,"max_hp_gain":0,"max_hp_loss":0,"event_name":"The Cleric","floor":2,"gold_loss":50},{"damage_healed":0,"gold_gain":0,"player_choice":"Take Damage","damage_taken":17,"relics_obtained":["Golden Idol"],"max_hp_gain":0,"max_hp_loss":0,"event_name":"Golden Idol","floor":3,"gold_loss":0}],"is_beta":false,"boss_relics":[],"items_purged_floors":[5],"is_endless":false,"potions_floor_spawned":[7],"killed_by":"Gremlin Gang","ascension_level":5}