{"gold_per_floor":[111,111,126,143,143,143,158,158,228,228,247,263,281,281,281,384,684,684],"floor_reached":18,"playtime":1085,"items_purged":[],"score":208,"play_id":"1e085f53-acff-48a8-a5d4-ba68efc3ca7f","local_time":"20190305231432","is_ascension_mode":true,"campfire_choices":[{"floor":6,"key":"REST"},{"floor":8,"key":"REST"},{"floor":15,"key":"REST"}],"neow_cost":"NONE","seed_source_timestamp":205589917602801,"circlet_count":0,"master_deck":["Strike_B","Strike_B+1","Strike_B","Strike_B","Defend_B","Defend_B","Defend_B","Defend_B","Zap+1","Self Repair+1","Conserve Battery","Buffer","Writhe","Shame","Decay"],"relics":["Cracked Core","Vajra","Strawberry","The Courier","Calling Bell","PreservedInsect","Darkstone Periapt","Old Coin"],"potions_floor_usage":[16,16,16],"damage_taken":[{"damage":11,"enemies":"Small Slimes","floor":1,"turns":4},{"damage":1,"enemies":"Cultist","floor":3,"turns":4},{"damage":4,"enemies":"2 Louse","floor":4,"turns":3},{"damage":5,"enemies":"2 Fungi Beasts","floor":7,"turns":4},{"damage":9,"enemies":"Red Slaver","floor":11,"turns":3},{"damage":3,"enemies":"Looter","floor":12,"turns":4},{"damage":18,"enemies":"Exordium Thugs","floor":13,"turns":5},{"damage":1,"enemies":"The Guardian","floor":16,"turns":15},{"damage":83,"enemies":"Shell Parasite","floor":18,"turns":14}],"seed_played":"-7238327012128548323","potions_obtained":[{"floor":4,"key":"AttackPotion"},{"floor":11,"key":"GamblersBrew"},{"floor":12,"key":"EssenceOfSteel"},{"floor":13,"key":"Weak Potion"}],"is_trial":false,"path_per_floor":["M","?","M","M","?","R","M","R","T","?","M","M","M","?","R","B",null,"M"],"character_chosen":"DEFECT","items_purchased":[],"campfire_rested":3,"item_purchase_floors":[],"current_hp_per_floor":[57,39,38,34,18,42,37,61,61,61,62,69,61,54,78,82,82,0],"gold":684,"neow_bonus":"RANDOM_COMMON_RELIC","is_prod":false,"is_daily":false,"chose_seed":false,"campfire_upgraded":0,"win_rate":0,"timestamp":1551849272,"path_taken":["M","?","M","M","?","R","M","R","T","?","M","M","?","?","R","BOSS","M"],"build_version":"2019-01-23","purchased_purges":0,"victory":false,"max_hp_per_floor":[75,82,82,82,82,82,82,82,82,82,82,82,82,82,82,82,82,82],"card_choices":[{"not_picked":["Steam","Melter","Turbo"],"picked":"SKIP","floor":1},{"not_picked":["Steam","Beam Cell","Ball Lightning"],"picked":"SKIP","floor":3},{"not_picked":["Stack","Reprogram","Undo"],"picked":"SKIP","floor":4},{"not_picked":["Melter","Recycle"],"picked":"Self Repair","floor":7},{"not_picked":["All For One","Darkness"],"picked":"Conserve Battery","floor":11},{"not_picked":["Auto Shields","Undo","Reprogram"],"picked":"SKIP","floor":12},{"not_picked":["Steam","Go for the Eyes","Sweeping Beam"],"picked":"SKIP","floor":13},{"not_picked":["Multi-Cast","Fission"],"picked":"Buffer","floor":16}],"player_experience":1590678,"relics_obtained":[{"floor":9,"key":"The Courier"},{"floor":17,"key":"PreservedInsect"},{"floor":17,"key":"Darkstone Periapt"},{"floor":17,"key":"Old Coin"}],"event_choices":[{"damage_healed":0,"gold_gain":0,"player_choice":"Success","damage_taken":25,"relics_obtained":["Strawberry"],"max_hp_gain":0,"max_hp_loss":0,"event_name":"Scrap Ooze","floor":2,"gold_loss":0},{"damage_healed":0,"gold_gain":0,"player_choice":"Entered Light","damage_taken":16,"max_hp_gain":0,"max_hp_loss":0,"event_name":"Shining Light","floor":5,"gold_loss":0,"cards_upgraded":["Zap","Strike_B"]},{"damage_healed":0,"gold_gain":0,"player_choice":"Upgraded","damage_taken":0,"max_hp_gain":0,"max_hp_loss":0,"event_name":"Upgrade Shrine","floor":10,"gold_loss":0,"cards_upgraded":["Self Repair"]},{"cards_removed":["Dualcast"],"damage_healed":0,"gold_gain":0,"player_choice":"Card Removal","damage_taken":7,"max_hp_gain":0,"max_hp_loss":0,"event_name":"Golden Wing","floor":14,"gold_loss":0}],"is_beta":false,"boss_relics":[{"not_picked":["Black Star","Eternal Feather"],"picked":"Calling Bell"}],"items_purged_floors":[],"is_endless":false,"potions_floor_spawned":[4,11,12,13],"killed_by":"Shell Parasite","ascension_level":7}