{"gold_per_floor":[110,60,60,75,75,75,95,95,122,132,132,152,167,167,167,167],"floor_reached":16,"playtime":684,"items_purged":[],"score":143,"play_id":"94b9c0f9-4797-451e-aabb-2cab116b30a9","local_time":"20190803205222","is_ascension_mode":true,"campfire_choices":[{"floor":6,"key":"DIG"},{"floor":8,"key":"DIG"},{"floor":11,"key":"DIG"},{"floor":15,"key":"REST"}],"neow_cost":"CURSE","seed_source_timestamp":73044958870500,"circlet_count":0,"master_deck":["AscendersBane","Strike_R","Strike_R","Strike_R","Strike_R","Defend_R","Defend_R","Defend_R","Defend_R","Bash","Battle Trance","Body Slam"],"relics":["Burning Blood","Shovel","Juzu Bracelet","Boot","Bag of Marbles","Bronze Scales","Regal Pillow","Pantograph"],"potions_floor_usage":[16,16],"damage_taken":[{"damage":9,"enemies":"2 Louse","floor":1,"turns":4},{"damage":7,"enemies":"Jaw Worm","floor":4,"turns":5},{"damage":0,"enemies":"Cultist","floor":7,"turns":4},{"damage":6,"enemies":"Blue Slaver","floor":10,"turns":5},{"damage":25,"enemies":"3 Louse","floor":12,"turns":6},{"damage":33,"enemies":"Large Slime","floor":13,"turns":8},{"damage":79,"enemies":"Hexaghost","floor":16,"turns":11}],"seed_played":"-7846288587722163855","potions_obtained":[{"floor":4,"key":"EssenceOfSteel"},{"floor":10,"key":"Poison Potion"}],"is_trial":false,"path_per_floor":["M","?","T","M","?","R","M","R","T","M","R","M","M","?","R","B"],"character_chosen":"IRONCLAD","items_purchased":[],"campfire_rested":1,"item_purchase_floors":[],"current_hp_per_floor":[69,69,69,68,61,61,67,67,67,67,67,48,21,14,53,0],"gold":167,"neow_bonus":"ONE_RARE_RELIC","is_prod":false,"is_daily":false,"chose_seed":false,"campfire_upgraded":0,"win_rate":0,"timestamp":1564883542,"path_taken":["M","?","?","M","?","R","M","R","T","M","R","M","M","?","R","BOSS"],"build_version":"2019-07-17","purchased_purges":0,"victory":false,"max_hp_per_floor":[80,80,80,80,80,80,80,80,80,80,80,80,80,80,80,80],"card_choices":[{"not_picked":["Pummel","Havoc","Uppercut"],"picked":"SKIP","floor":1},{"not_picked":["Rage","Anger"],"picked":"Battle Trance","floor":4},{"not_picked":["Havoc","Headbutt","Shockwave"],"picked":"SKIP","floor":7},{"not_picked":["Heavy Blade","Intimidate","Pommel Strike"],"picked":"SKIP","floor":10},{"not_picked":["Clash","Cleave"],"picked":"Body Slam","floor":12},{"not_picked":["Thunderclap","Heavy Blade","Power Through"],"picked":"SKIP","floor":13}],"player_experience":2652751,"relics_obtained":[{"floor":3,"key":"Juzu Bracelet"},{"floor":6,"key":"Bag of Marbles"},{"floor":8,"key":"Bronze Scales"},{"floor":9,"key":"Regal Pillow"},{"floor":11,"key":"Pantograph"}],"event_choices":[{"cards_removed":["Doubt"],"damage_healed":0,"gold_gain":0,"player_choice":"Card Removal","damage_taken":0,"max_hp_gain":0,"max_hp_loss":0,"event_name":"The Cleric","floor":2,"gold_loss":50},{"damage_healed":0,"gold_gain":0,"player_choice":"Success","damage_taken":7,"relics_obtained":["Boot"],"max_hp_gain":0,"max_hp_loss":0,"event_name":"Scrap Ooze","floor":5,"gold_loss":0},{"cards_removed":["Strike_R"],"damage_healed":0,"gold_gain":0,"player_choice":"Card Removal","damage_taken":7,"max_hp_gain":0,"max_hp_loss":0,"event_name":"Golden Wing","floor":14,"gold_loss":0}],"is_beta":false,"boss_relics":[],"items_purged_floors":[],"is_endless":false,"potions_floor_spawned":[4,10,13],"killed_by":"Hexaghost","ascension_level":11}