{"gold_per_floor":[119,132,132,82,7,7,39,39,39,59,130,150,167,167,167,266,266,283,358,374,385,395,395,411,223,277,289,299,314,314,32,32,127,127,140,140,160,171,171,204,204,230,230,230,260,280,290,308,308,308,308,308,51,80,80],"floor_reached":55,"playtime":23818,"items_purged":["Strike_R","Strike_R","Strike_R"],"score":1421,"play_id":"92d879fb-6547-4457-930a-942a00317409","local_time":"20190707225515","is_ascension_mode":true,"campfire_choices":[{"data":"Seeing Red","floor":6,"key":"SMITH"},{"data":"Bash","floor":8,"key":"SMITH"},{"data":"Body Slam","floor":15,"key":"SMITH"},{"floor":23,"key":"REST"},{"data":"Rampage","floor":32,"key":"SMITH"},{"data":"Barricade","floor":41,"key":"SMITH"},{"floor":49,"key":"RECALL"},{"data":"Metallicize","floor":52,"key":"SMITH"}],"neow_cost":"NONE","seed_source_timestamp":999494387242529,"circlet_count":0,"master_deck":["Defend_R","Defend_R","Defend_R","Defend_R","Bash+1","Seeing Red+1","Body Slam+1","Armaments+1","Rampage+1","Impervious+1","Battle Trance+1","Metallicize+1","Shrug It Off+1","Shrug It Off+1","Barricade+1","Entrench+1","Madness+1","Madness+1","Seeing Red+1"],"relics":["Burning Blood","NeowsBlessing","Ice Cream","Pantograph","Toxic Egg 2","Busted Crown","Ancient Tea Set","Happy Flower","Runic Pyramid","Dead Branch","Blood Vial","Mango","Bottled Tornado","Paper Frog"],"potions_floor_usage":[16,16,33,33,55,55],"damage_taken":[{"damage":0,"enemies":"Cultist","floor":1,"turns":1},{"damage":0,"enemies":"2 Louse","floor":2,"turns":1},{"damage":0,"enemies":"Lagavulin","floor":7,"turns":1},{"damage":2,"enemies":"Jaw Worm","floor":10,"turns":3},{"damage":8,"enemies":"Red Slaver","floor":12,"turns":6},{"damage":3,"enemies":"3 Louse","floor":13,"turns":4},{"damage":38,"enemies":"Hexaghost","floor":16,"turns":11},{"damage":6,"enemies":"Spheric Guardian","floor":18,"turns":5},{"damage":22,"enemies":"2 Thieves","floor":20,"turns":4},{"damage":11,"enemies":"Snake Plant","floor":21,"turns":4},{"damage":15,"enemies":"3 Cultists","floor":22,"turns":6},{"damage":7,"enemies":"Snecko","floor":24,"turns":5},{"damage":0,"enemies":"Sentry and Sphere","floor":27,"turns":8},{"damage":0,"enemies":"Centurion and Healer","floor":28,"turns":5},{"damage":0,"enemies":"Shelled Parasite and Fungi","floor":29,"turns":5},{"damage":0,"enemies":"Champ","floor":33,"turns":8},{"damage":0,"enemies":"3 Shapes","floor":35,"turns":5},{"damage":0,"enemies":"3 Darklings","floor":37,"turns":6},{"damage":0,"enemies":"Spire Growth","floor":38,"turns":4},{"damage":0,"enemies":"Giant Head","floor":40,"turns":4},{"damage":0,"enemies":"Nemesis","floor":42,"turns":5},{"damage":0,"enemies":"Giant Head","floor":45,"turns":5},{"damage":0,"enemies":"Maw","floor":46,"turns":5},{"damage":15,"enemies":"Transient","floor":47,"turns":5},{"damage":0,"enemies":"3 Darklings","floor":48,"turns":7},{"damage":0,"enemies":"Awakened One","floor":50,"turns":8},{"damage":6,"enemies":"Shield and Spear","floor":54,"turns":7},{"damage":132,"enemies":"The Heart","floor":55,"turns":11}],"seed_played":"-5860428099313757759","potions_obtained":[{"floor":1,"key":"Strength Potion"},{"floor":13,"key":"BloodPotion"},{"floor":18,"key":"SteroidPotion"},{"floor":21,"key":"AttackPotion"},{"floor":22,"key":"Poison Potion"},{"floor":28,"key":"Regen Potion"},{"floor":38,"key":"Regen Potion"},{"floor":42,"key":"AttackPotion"},{"floor":46,"key":"LiquidBronze"},{"floor":54,"key":"FairyPotion"}],"is_trial":false,"path_per_floor":["M","M","?","?","$","R","E","R","T","M","T","M","M","?","R","B",null,"M","?","M","M","M","R","M","$","T","M","M","M","?","$","R","B",null,"M","?","M","M","?","E","R","E","T","?","E","M","M","M","R","B",null,"R","$","E","B"],"character_chosen":"IRONCLAD","items_purchased":["Metallicize","Shrug It Off+1","Happy Flower","Bottled Tornado"],"campfire_rested":1,"item_purchase_floors":[25,25,31,53],"current_hp_per_floor":[78,80,85,85,85,85,85,85,85,85,85,83,85,85,85,74,82,82,74,58,53,44,69,68,68,68,74,80,85,85,85,85,85,85,85,74,80,85,85,85,85,85,85,85,99,99,90,98,98,99,99,99,99,99,0],"gold":80,"neow_bonus":"THREE_ENEMY_KILL","is_prod":false,"is_daily":false,"chose_seed":false,"campfire_upgraded":6,"win_rate":0,"timestamp":1562558115,"path_taken":["M","M","?","?","$","R","E","R","T","M","?","M","?","?","R","BOSS","M","?","M","M","M","R","M","$","T","?","M","M","?","?","R","BOSS","M","?","M","M","?","E","R","E","T","?","E","M","M","M","R","BOSS","R","$","E","BOSS"],"build_version":"2019-07-05","purchased_purges":3,"victory":false,"max_hp_per_floor":[80,80,85,85,85,85,85,85,85,85,85,85,85,85,85,85,85,85,85,85,85,85,85,85,85,85,85,85,85,85,85,85,85,85,85,85,85,85,85,85,85,85,85,85,99,99,99,99,99,99,99,99,99,99,99],"card_choices":[{"not_picked":["Sentinel","Flex"],"picked":"Seeing Red","floor":1},{"not_picked":["Cleave","Iron Wave","Flex"],"picked":"SKIP","floor":2},{"not_picked":["Uppercut","Bloodletting","Infernal Blade"],"picked":"SKIP","floor":7},{"not_picked":["Evolve","Wild Strike"],"picked":"Flame Barrier","floor":10},{"not_picked":["Blood for Blood","Bloodletting+1"],"picked":"Body Slam","floor":12},{"not_picked":["Havoc+1","Iron Wave"],"picked":"Armaments+1","floor":13},{"not_picked":["Brutality","Exhume+1"],"picked":"Impervious+1","floor":16},{"not_picked":["Anger"],"picked":"SKIP","floor":18},{"not_picked":["Disarm+1"],"picked":"SKIP","floor":20},{"not_picked":["Wild Strike+1"],"picked":"SKIP","floor":21},{"not_picked":[],"picked":"Battle Trance+1","floor":22},{"not_picked":["Power Through+1"],"picked":"SKIP","floor":24},{"not_picked":["Twin Strike"],"picked":"SKIP","floor":27},{"not_picked":["Reckless Charge"],"picked":"SKIP","floor":28},{"not_picked":["Second Wind+1"],"picked":"SKIP","floor":29},{"not_picked":[],"picked":"Barricade","floor":33},{"not_picked":[],"picked":"Entrench+1","floor":35},{"not_picked":["Flex+1"],"picked":"SKIP","floor":37},{"not_picked":["Perfected Strike"],"picked":"SKIP","floor":38},{"not_picked":["Shockwave+1"],"picked":"SKIP","floor":40},{"not_picked":["Combust"],"picked":"SKIP","floor":42},{"not_picked":[],"picked":"Seeing Red+1","floor":45},{"not_picked":["Pommel Strike"],"picked":"SKIP","floor":46},{"not_picked":["Heavy Blade"],"picked":"SKIP","floor":47},{"not_picked":["Body Slam"],"picked":"SKIP","floor":48},{"not_picked":["Warcry+1"],"picked":"SKIP","floor":54}],"player_experience":2137756,"relics_obtained":[{"floor":7,"key":"Ice Cream"},{"floor":9,"key":"Pantograph"},{"floor":11,"key":"Toxic Egg 2"},{"floor":26,"key":"Ancient Tea Set"},{"floor":40,"key":"Dead Branch"},{"floor":42,"key":"Blood Vial"},{"floor":45,"key":"Mango"},{"floor":54,"key":"Paper Frog"}],"event_choices":[{"damage_healed":0,"gold_gain":0,"player_choice":"Donut","damage_taken":0,"max_hp_gain":5,"max_hp_loss":0,"event_name":"Big Fish","floor":3,"gold_loss":0},{"cards_removed":["Strike_R"],"damage_healed":0,"gold_gain":0,"player_choice":"Card Removal","damage_taken":0,"max_hp_gain":0,"max_hp_loss":0,"event_name":"The Cleric","floor":4,"gold_loss":50},{"damage_healed":0,"gold_gain":0,"cards_transformed":["Strike_R"],"player_choice":"Change","damage_taken":0,"max_hp_gain":0,"max_hp_loss":0,"event_name":"Living Wall","floor":14,"gold_loss":0,"cards_obtained":["Rampage"]},{"damage_healed":0,"gold_gain":75,"player_choice":"Touch","damage_taken":8,"max_hp_gain":0,"max_hp_loss":0,"event_name":"FaceTrader","floor":19,"gold_loss":0},{"damage_healed":0,"gold_gain":0,"player_choice":"Read","damage_taken":0,"max_hp_gain":0,"max_hp_loss":0,"event_name":"The Library","floor":30,"gold_loss":0,"cards_obtained":["Shrug It Off"]},{"damage_healed":0,"gold_gain":0,"player_choice":"Embrace Madness","damage_taken":11,"max_hp_gain":0,"max_hp_loss":0,"event_name":"Winding Halls","floor":36,"gold_loss":0,"cards_obtained":["Madness","Madness"]},{"damage_healed":0,"gold_gain":0,"player_choice":"Ignored","damage_taken":0,"max_hp_gain":0,"max_hp_loss":0,"event_name":"Tomb of Lord Red Mask","floor":39,"gold_loss":0},{"cards_removed":["Flame Barrier"],"damage_healed":0,"gold_gain":0,"player_choice":"Removed Skill","damage_taken":0,"max_hp_gain":0,"max_hp_loss":0,"event_name":"Falling","floor":44,"gold_loss":0}],"is_beta":false,"boss_relics":[{"not_picked":["Snecko Eye","Tiny House"],"picked":"Busted Crown"},{"not_picked":["Black Star","Pandora\u0027s Box"],"picked":"Runic Pyramid"}],"items_purged_floors":[5,25,31],"is_endless":false,"potions_floor_spawned":[1,13,18,21,22,28,38,42,46,47,48,54],"killed_by":"The Heart","ascension_level":9}