{"gold_per_floor":[366,316,316,342,342,342,362,375,375,385,385,403,30,44,44,144,144,116,130,130,130,95,95,108,108,108,127,127,138,148,167,167,272,272,291,364,364,384,54,74,74,89,389,420,433,533,533,543,543,543,543,543,93,93],"floor_reached":54,"playtime":4638,"items_purged":["Strike_B","Strike_B","Parasite"],"score":887,"play_id":"a1145d81-592f-43a9-97b1-f3df055d07c1","local_time":"20190220091042","is_ascension_mode":true,"campfire_choices":[{"data":"Zap","floor":6,"key":"SMITH"},{"floor":11,"key":"REST"},{"data":"Thunder Strike","floor":15,"key":"SMITH"},{"floor":23,"key":"REST"},{"floor":25,"key":"REST"},{"data":"Machine Learning","floor":28,"key":"SMITH"},{"data":"Defragment","floor":32,"key":"SMITH"},{"floor":41,"key":"RECALL"},{"data":"Echo Form","floor":47,"key":"SMITH"},{"data":"Seek","floor":49,"key":"SMITH"},{"data":"Glacier","floor":52,"key":"SMITH"}],"neow_cost":"TEN_PERCENT_HP_LOSS","seed_source_timestamp":639835017043680,"circlet_count":0,"master_deck":["Defend_B","Defend_B","Defend_B","Defend_B","Zap+1","Conserve Battery","Thunder Strike+1","Cold Snap","Glacier+1","Conserve Battery","Machine Learning+1","Self Repair+1","Necronomicurse","Defragment+1","Coolheaded+1","Coolheaded+1","Echo Form+1","Madness","Madness","Conserve Battery","FTL","Cold Snap+1","FTL","Seek+1","Loop+1"],"relics":["Cracked Core","DataDisk","Bottled Lightning","Orichalcum","Sozu","Necronomicon","Letter Opener","Inserter","Lantern","Old Coin","Frozen Egg 2","Torii","Cables"],"potions_floor_usage":[10,16,16],"damage_taken":[{"damage":18,"enemies":"Jaw Worm","floor":1,"turns":4},{"damage":3,"enemies":"2 Louse","floor":7,"turns":3},{"damage":0,"enemies":"Small Slimes","floor":8,"turns":3},{"damage":0,"enemies":"3 Louse","floor":10,"turns":4},{"damage":2,"enemies":"Large Slime","floor":12,"turns":5},{"damage":0,"enemies":"Exordium Thugs","floor":14,"turns":5},{"damage":39,"enemies":"Hexaghost","floor":16,"turns":14},{"damage":24,"enemies":"2 Thieves","floor":18,"turns":5},{"damage":16,"enemies":"Spheric Guardian","floor":19,"turns":6},{"damage":15,"enemies":"Chosen and Byrds","floor":24,"turns":9},{"damage":0,"enemies":"Centurion and Healer","floor":27,"turns":8},{"damage":0,"enemies":"Sentry and Sphere","floor":29,"turns":6},{"damage":8,"enemies":"Shelled Parasite and Fungi","floor":30,"turns":5},{"damage":12,"enemies":"Snake Plant","floor":31,"turns":4},{"damage":18,"enemies":"Champ","floor":33,"turns":14},{"damage":0,"enemies":"3 Darklings","floor":35,"turns":5},{"damage":0,"enemies":"Orb Walker","floor":38,"turns":4},{"damage":0,"enemies":"Writhing Mass","floor":40,"turns":7},{"damage":13,"enemies":"Maw","floor":42,"turns":7},{"damage":0,"enemies":"Giant Head","floor":44,"turns":10},{"damage":27,"enemies":"Spire Growth","floor":45,"turns":5},{"damage":0,"enemies":"Mind Bloom Boss Battle","floor":46,"turns":5},{"damage":9,"enemies":"Sphere and 2 Shapes","floor":48,"turns":6},{"damage":25,"enemies":"Donu and Deca","floor":50,"turns":10},{"damage":73,"enemies":"Shield and Spear","floor":54,"turns":3}],"seed_played":"-1067508261612371057","potions_obtained":[{"floor":7,"key":"Block Potion"},{"floor":12,"key":"Block Potion"},{"floor":14,"key":"AttackPotion"}],"is_trial":false,"path_per_floor":["M","?","?","T","?","R","M","M","T","M","R","M","$","M","R","B",null,"M","M","?","?","$","R","M","R","T","M","R","M","M","M","R","B",null,"M","T","?","M","$","M","R","M","T","E","M","?","R","M","R","B",null,"R","$","E"],"character_chosen":"DEFECT","items_purchased":["Cold Snap","Glacier","Conserve Battery","Orichalcum","Defragment","FTL","Lantern","Cables","Loop+1"],"campfire_rested":3,"item_purchase_floors":[13,13,13,13,22,39,39,53,53],"current_hp_per_floor":[50,50,55,55,55,55,52,52,52,52,73,71,71,71,71,32,63,39,33,33,17,17,38,33,54,54,64,64,73,73,61,61,53,68,73,73,64,73,73,73,73,70,70,73,56,73,73,73,73,58,69,69,69,0],"gold":93,"neow_bonus":"TWO_FIFTY_GOLD","is_prod":false,"is_daily":false,"chose_seed":false,"campfire_upgraded":7,"win_rate":0,"timestamp":1550675442,"path_taken":["M","?","?","?","?","R","M","M","T","M","R","M","$","M","R","BOSS","M","M","?","?","$","R","M","R","T","?","R","M","M","?","R","BOSS","M","?","?","M","$","M","R","M","T","E","M","?","R","?","R","BOSS","R","$","E"],"build_version":"2019-01-23","purchased_purges":3,"victory":false,"max_hp_per_floor":[68,68,73,73,73,73,73,73,73,73,73,73,73,73,73,73,73,73,73,73,73,73,73,73,73,73,73,73,73,73,73,73,73,73,73,73,73,73,73,73,73,73,73,73,73,73,73,73,73,73,73,73,70,70],"card_choices":[{"not_picked":["Static Discharge","Stack"],"picked":"Conserve Battery","floor":1},{"not_picked":["Static Discharge","Sweeping Beam","Barrage"],"picked":"SKIP","floor":7},{"not_picked":["Streamline","Hologram"],"picked":"Thunder Strike","floor":8},{"not_picked":["Redo","Compile Driver","Turbo"],"picked":"SKIP","floor":10},{"not_picked":["Melter","Aggregate","Auto Shields"],"picked":"SKIP","floor":12},{"not_picked":["Blizzard","Rip and Tear","Steam"],"picked":"SKIP","floor":14},{"not_picked":["Fission","Amplify"],"picked":"Machine Learning","floor":16},{"not_picked":["Streamline+1","Redo+1"],"picked":"Self Repair+1","floor":18},{"not_picked":["Leap","Consume+1","Ball Lightning"],"picked":"SKIP","floor":19},{"not_picked":["Turbo","Aggregate"],"picked":"Coolheaded+1","floor":24},{"not_picked":["Rebound","Hologram"],"picked":"Coolheaded+1","floor":27},{"not_picked":["Heatsinks","Compile Driver+1","Fusion"],"picked":"SKIP","floor":29},{"not_picked":["Redo","Ball Lightning","Compile Driver+1"],"picked":"SKIP","floor":30},{"not_picked":["Darkness","Gash","Hello World"],"picked":"SKIP","floor":31},{"not_picked":["Thunder Strike","Buffer"],"picked":"Echo Form","floor":33},{"not_picked":["Heatsinks","Steam","Barrage"],"picked":"SKIP","floor":35},{"not_picked":["Streamline+1","Hologram"],"picked":"Conserve Battery","floor":38},{"not_picked":["Gash+1","Steam"],"picked":"Cold Snap+1","floor":40},{"not_picked":["White Noise","Sweeping Beam","Ball Lightning"],"picked":"SKIP","floor":42},{"not_picked":["Ball Lightning","Turbo"],"picked":"FTL","floor":44},{"not_picked":["Steam","White Noise","Streamline"],"picked":"SKIP","floor":45},{"not_picked":["Coolheaded","Sweeping Beam"],"picked":"Seek","floor":46},{"not_picked":["Steam","Gash+1","Genetic Algorithm+1"],"picked":"SKIP","floor":48}],"player_experience":1470894,"relics_obtained":[{"floor":4,"key":"DataDisk"},{"floor":9,"key":"Bottled Lightning"},{"floor":21,"key":"Necronomicon"},{"floor":26,"key":"Letter Opener"},{"floor":43,"key":"Old Coin"},{"floor":44,"key":"Frozen Egg 2"},{"floor":46,"key":"Torii"}],"event_choices":[{"cards_removed":["Dualcast"],"damage_healed":0,"gold_gain":0,"player_choice":"Card Removal","damage_taken":0,"max_hp_gain":0,"max_hp_loss":0,"event_name":"The Cleric","floor":2,"gold_loss":50},{"damage_healed":0,"gold_gain":0,"player_choice":"Donut","damage_taken":0,"max_hp_gain":5,"max_hp_loss":0,"event_name":"Big Fish","floor":3,"gold_loss":0},{"cards_removed":["Strike_B"],"damage_healed":0,"gold_gain":0,"player_choice":"Forget","damage_taken":0,"max_hp_gain":0,"max_hp_loss":0,"event_name":"Living Wall","floor":5,"gold_loss":0},{"cards_removed":["Strike_B"],"damage_healed":0,"gold_gain":0,"player_choice":"Elegance","damage_taken":0,"max_hp_gain":0,"max_hp_loss":0,"event_name":"Back to Basics","floor":20,"gold_loss":0},{"damage_healed":0,"gold_gain":0,"player_choice":"Obtained Book","damage_taken":16,"max_hp_gain":0,"max_hp_loss":0,"event_name":"Cursed Tome","floor":21,"gold_loss":0},{"damage_healed":0,"gold_gain":0,"player_choice":"Embrace Madness","damage_taken":9,"max_hp_gain":0,"max_hp_loss":0,"event_name":"Winding Halls","floor":37,"gold_loss":0,"cards_obtained":["Madness","Madness"]},{"damage_healed":0,"gold_gain":0,"player_choice":"Fight","damage_taken":0,"max_hp_gain":0,"max_hp_loss":0,"event_name":"MindBloom","floor":46,"gold_loss":0}],"is_beta":false,"boss_relics":[{"not_picked":["Fusion Hammer","Empty Cage"],"picked":"Sozu"},{"not_picked":["Velvet Choker","FrozenCore"],"picked":"Inserter"}],"items_purged_floors":[13,39,53],"is_endless":false,"potions_floor_spawned":[7,12,14,24,27,29,30,35,38,42,44,46],"killed_by":"Shield and Spear","ascension_level":6}