{"gold_per_floor":[115,65,140,140,165,165,165,184,184,203,221,239,239,164,164,164],"floor_reached":16,"playtime":732,"items_purged":["Strike_R"],"score":95,"play_id":"f2767fbb-5795-45e0-902e-7df542d8d007","local_time":"20181104211510","is_ascension_mode":true,"campfire_choices":[{"data":"Defend_R","floor":6,"key":"SMITH"},{"data":"Whirlwind","floor":13,"key":"SMITH"},{"data":"Inflame","floor":15,"key":"SMITH"}],"neow_cost":"NONE","seed_source_timestamp":2238522274524532,"circlet_count":0,"master_deck":["Strike_R","Strike_R","Strike_R","Defend_R+1","Defend_R","Defend_R","Defend_R","Inflame+1","Dual Wield","Twin Strike","Sword Boomerang","Whirlwind+1","Body Slam"],"relics":["Burning Blood","NeowsBlessing","Prayer Wheel","Orichalcum","Magic Flower"],"potions_floor_usage":[16,16,16,16],"damage_taken":[{"damage":0,"enemies":"Jaw Worm","floor":1,"turns":1},{"damage":0,"enemies":"2 Louse","floor":8,"turns":1},{"damage":0,"enemies":"Small Slimes","floor":10,"turns":1},{"damage":0,"enemies":"Looter","floor":11,"turns":4},{"damage":21,"enemies":"Large Slime","floor":12,"turns":5},{"damage":68,"enemies":"Hexaghost","floor":16,"turns":10}],"seed_played":"-1831688561117201689","potions_obtained":[{"floor":1,"key":"Explosive Potion"},{"floor":10,"key":"EntropicBrew"}],"is_trial":false,"path_per_floor":["M","?","?","?","T","R","?","M","T","M","M","M","R","$","R","B"],"character_chosen":"IRONCLAD","items_purchased":[],"campfire_rested":0,"item_purchase_floors":[],"current_hp_per_floor":[80,80,69,57,57,57,50,56,56,65,74,62,62,62,62,0],"gold":164,"neow_bonus":"THREE_ENEMY_KILL","is_prod":false,"is_daily":false,"chose_seed":false,"campfire_upgraded":3,"win_rate":0,"timestamp":1541387710,"path_taken":["M","?","?","?","?","R","?","M","T","M","M","?","R","$","R","BOSS"],"build_version":"2018-11-01","purchased_purges":1,"victory":false,"max_hp_per_floor":[80,80,80,80,80,80,80,80,80,80,80,80,80,80,80,80],"card_choices":[{"not_picked":["Perfected Strike","Ghostly Armor","Dropkick"],"picked":"SKIP","floor":1},{"not_picked":["Shrug It Off","Body Slam"],"picked":"Inflame","floor":8},{"not_picked":["Heavy Blade","Clothesline"],"picked":"Dual Wield","floor":8},{"not_picked":["Flex","Sword Boomerang"],"picked":"Twin Strike","floor":10},{"not_picked":["Thunderclap","Wild Strike"],"picked":"Sword Boomerang","floor":10},{"not_picked":["Twin Strike","Headbutt"],"picked":"Whirlwind","floor":11},{"not_picked":["Impervious","Entrench"],"picked":"Body Slam","floor":11},{"not_picked":["Perfected Strike","Wild Strike","Warcry"],"picked":"SKIP","floor":12},{"not_picked":["Clash","Blood for Blood","Searing Blow"],"picked":"SKIP","floor":12}],"player_experience":16591,"relics_obtained":[{"floor":5,"key":"Orichalcum"},{"floor":9,"key":"Magic Flower"}],"event_choices":[{"cards_removed":["Bash"],"damage_healed":0,"gold_gain":0,"player_choice":"Card Removal","damage_taken":0,"max_hp_gain":0,"max_hp_loss":0,"event_name":"The Cleric","floor":2,"gold_loss":50},{"damage_healed":0,"gold_gain":75,"player_choice":"Gather Gold","damage_taken":11,"max_hp_gain":0,"max_hp_loss":0,"event_name":"World of Goop","floor":3,"gold_loss":0},{"damage_healed":0,"gold_gain":0,"player_choice":"Success","damage_taken":12,"relics_obtained":["Prayer Wheel"],"max_hp_gain":0,"max_hp_loss":0,"event_name":"Scrap Ooze","floor":4,"gold_loss":0},{"cards_removed":["Strike_R"],"damage_healed":0,"gold_gain":0,"player_choice":"Card Removal","damage_taken":7,"max_hp_gain":0,"max_hp_loss":0,"event_name":"Golden Wing","floor":7,"gold_loss":0}],"is_beta":false,"boss_relics":[],"items_purged_floors":[14],"is_endless":false,"potions_floor_spawned":[1,10],"killed_by":"Hexaghost","ascension_level":1}