{"gold_per_floor":[112,112,112,131,141,141,159,170,195,207,219,244,256,288,300,414,426,426,438,468,395,18,47,47],"floor_reached":24,"playtime":1402,"items_purged":["Strike_G"],"score":302,"play_id":"cf8ad5eb-02e0-4b92-84e8-5cb6d5d3ffcc","local_time":"20190708162639","is_ascension_mode":true,"campfire_choices":[{"data":"Adrenaline","floor":6,"key":"SMITH"},{"floor":11,"key":"REST"},{"floor":15,"key":"REST"}],"neow_cost":"NONE","seed_source_timestamp":1084753568521241,"circlet_count":0,"master_deck":["Strike_G","Strike_G","Strike_G","Defend_G","Defend_G","Defend_G","Defend_G","Defend_G","Survivor","Neutralize","Adrenaline+1","Blur","Deadly Poison","Madness","Well Laid Plans","Adrenaline","Deadly Poison+1","The Bomb"],"relics":["Ring of the Serpent","Mercury Hourglass","MawBank","Orichalcum","Juzu Bracelet","Smiling Mask"],"potions_floor_usage":[16,16,16],"damage_taken":[{"damage":0,"enemies":"Small Slimes","floor":1,"turns":4},{"damage":0,"enemies":"Jaw Worm","floor":4,"turns":4},{"damage":0,"enemies":"2 Louse","floor":5,"turns":2},{"damage":25,"enemies":"Gremlin Gang","floor":7,"turns":5},{"damage":0,"enemies":"Blue Slaver","floor":8,"turns":5},{"damage":0,"enemies":"Looter","floor":12,"turns":4},{"damage":7,"enemies":"Large Slime","floor":14,"turns":8},{"damage":26,"enemies":"The Guardian","floor":16,"turns":14},{"damage":4,"enemies":"2 Thieves","floor":18,"turns":4},{"damage":0,"enemies":"Shell Parasite","floor":20,"turns":7},{"damage":56,"enemies":"Gremlin Leader","floor":23,"turns":6},{"damage":15,"enemies":"Snecko","floor":24,"turns":5}],"seed_played":"-7327740613992121024","potions_obtained":[{"floor":5,"key":"EssenceOfSteel"},{"floor":7,"key":"Block Potion"},{"floor":8,"key":"Weak Potion"}],"is_trial":false,"path_per_floor":["M","?","T","M","M","R","M","M","T","?","R","M","$","M","R","B",null,"M","?","M","?","$","E","M"],"character_chosen":"THE_SILENT","items_purchased":["The Bomb","Juzu Bracelet"],"campfire_rested":2,"item_purchase_floors":[22,22],"current_hp_per_floor":[63,56,56,56,56,56,31,31,31,31,52,52,52,45,66,40,63,59,59,59,59,59,3,0],"gold":47,"neow_bonus":"ONE_RANDOM_RARE_CARD","is_prod":false,"is_daily":false,"chose_seed":false,"campfire_upgraded":1,"win_rate":0,"timestamp":1562621199,"path_taken":["M","?","?","M","M","R","M","M","T","?","R","?","$","M","R","BOSS","M","?","M","?","$","E","M"],"build_version":"2019-07-05","purchased_purges":1,"victory":false,"max_hp_per_floor":[70,70,70,70,70,70,70,70,70,70,70,70,70,70,70,70,70,70,70,70,70,70,70,70],"card_choices":[{"not_picked":["Sucker Punch","Flying Knee","Outmaneuver"],"picked":"SKIP","floor":1},{"not_picked":["Finisher","Flying Knee","Flechettes"],"picked":"SKIP","floor":4},{"not_picked":["Leg Sweep","Catalyst"],"picked":"Blur","floor":5},{"not_picked":["Outmaneuver","Slice"],"picked":"Deadly Poison","floor":7},{"not_picked":["Bane","Outmaneuver","Flying Knee"],"picked":"SKIP","floor":8},{"not_picked":["Sucker Punch","Prepared","Slice"],"picked":"SKIP","floor":12},{"not_picked":["Riddle With Holes","Setup","Bane"],"picked":"SKIP","floor":14},{"not_picked":["Grand Finale","Wraith Form v2"],"picked":"Adrenaline","floor":16},{"not_picked":["Riddle With Holes","Infinite Blades","Prepared"],"picked":"SKIP","floor":18},{"not_picked":["Catalyst","Flying Knee"],"picked":"Deadly Poison+1","floor":20},{"not_picked":["Blade Dance","Backflip","Calculated Gamble"],"picked":"SKIP","floor":23}],"player_experience":2167311,"relics_obtained":[{"floor":3,"key":"Mercury Hourglass"},{"floor":9,"key":"MawBank"},{"floor":23,"key":"Smiling Mask"}],"event_choices":[{"cards_removed":["Strike_G"],"damage_healed":0,"gold_gain":0,"player_choice":"Card Removal","damage_taken":7,"max_hp_gain":0,"max_hp_loss":0,"event_name":"Golden Wing","floor":2,"gold_loss":0},{"damage_healed":0,"gold_gain":0,"player_choice":"2 cards matched","damage_taken":0,"max_hp_gain":0,"max_hp_loss":0,"event_name":"Match and Keep!","floor":10,"gold_loss":0,"cards_obtained":["Madness","Well Laid Plans"]},{"damage_healed":0,"gold_gain":0,"player_choice":"Ignored","damage_taken":0,"max_hp_gain":0,"max_hp_loss":0,"event_name":"Ghosts","floor":19,"gold_loss":0},{"damage_healed":0,"gold_gain":0,"player_choice":"Obtained Relic","damage_taken":0,"relics_obtained":["Orichalcum"],"max_hp_gain":0,"max_hp_loss":0,"event_name":"Addict","floor":21,"gold_loss":85}],"is_beta":false,"boss_relics":[{"not_picked":["Coffee Dripper","Runic Dome"],"picked":"Ring of the Serpent"}],"items_purged_floors":[22],"is_endless":false,"potions_floor_spawned":[5,7,8,14],"killed_by":"Snecko","ascension_level":9}