{"gold_per_floor":[363,218,233,233,233,233,24,48,72,72,72,95,95,128,128,253,253,233,13,13,13,34,34,49,70,70,83,83,83,83,98,98,98],"floor_reached":33,"playtime":1859,"items_purged":["Dualcast","Strike_B"],"score":380,"play_id":"db202ac5-e0bd-4985-b561-2da74bdb18f4","local_time":"20190804210233","is_ascension_mode":true,"campfire_choices":[{"floor":6,"key":"REST"},{"data":"Glacier","floor":11,"key":"SMITH"},{"floor":15,"key":"REST"},{"floor":23,"key":"REST"},{"floor":28,"key":"REST"},{"floor":32,"key":"REST"}],"neow_cost":"TEN_PERCENT_HP_LOSS","seed_source_timestamp":158878950060500,"circlet_count":0,"master_deck":["AscendersBane","Strike_B","Strike_B","Strike_B","Defend_B","Defend_B","Defend_B","Defend_B+1","Zap+1","Cold Snap","Defragment","FTL","Glacier+1","Electrodynamics","Seek","Undo","The Bomb","Cold Snap","Gash+1","BootSequence+1","Pain","Capacitor"],"relics":["Cracked Core","Golden Idol","War Paint","Oddly Smooth Stone","Bag of Marbles","Black Star","Pear","Mummified Hand","WarpedTongs"],"potions_floor_usage":[16,33,33],"damage_taken":[{"damage":18,"enemies":"Jaw Worm","floor":1,"turns":5},{"damage":0,"enemies":"Small Slimes","floor":3,"turns":3},{"damage":0,"enemies":"Cultist","floor":8,"turns":4},{"damage":5,"enemies":"Exordium Thugs","floor":12,"turns":5},{"damage":34,"enemies":"Lagavulin","floor":14,"turns":7},{"damage":23,"enemies":"Hexaghost","floor":16,"turns":16},{"damage":20,"enemies":"2 Thieves","floor":18,"turns":5},{"damage":19,"enemies":"3 Byrds","floor":22,"turns":3},{"damage":10,"enemies":"Snake Plant","floor":24,"turns":6},{"damage":27,"enemies":"Centurion and Healer","floor":25,"turns":9},{"damage":18,"enemies":"3 Cultists","floor":27,"turns":5},{"damage":8,"enemies":"Snecko","floor":31,"turns":5},{"damage":63,"enemies":"Automaton","floor":33,"turns":12}],"seed_played":"-4340824515702921351","potions_obtained":[{"floor":1,"key":"Dexterity Potion"},{"floor":14,"key":"Ancient Potion"},{"floor":27,"key":"EssenceOfSteel"},{"floor":31,"key":"Strength Potion"}],"is_trial":false,"path_per_floor":["M","$","M","?","?","R","$","M","T","?","R","M","$","E","R","B",null,"M","$","?","T","M","R","M","M","T","M","R","?","$","M","R","B"],"character_chosen":"DEFECT","items_purchased":["Defragment","FTL","Glacier","The Bomb","Cold Snap"],"campfire_rested":5,"item_purchase_floors":[2,7,7,19,19],"current_hp_per_floor":[50,50,50,50,33,53,53,53,53,53,53,48,48,14,34,11,54,34,34,56,66,47,70,60,33,33,15,38,38,38,30,53,0],"gold":98,"neow_bonus":"TWO_FIFTY_GOLD","is_prod":false,"is_daily":false,"chose_seed":false,"campfire_upgraded":1,"win_rate":0,"timestamp":1564970553,"path_taken":["M","$","M","?","?","R","?","M","T","?","R","M","$","E","R","BOSS","M","$","?","?","?","R","M","M","T","M","R","?","$","?","R","BOSS"],"build_version":"2019-07-17","purchased_purges":2,"victory":false,"max_hp_per_floor":[68,68,68,68,68,68,68,68,68,68,68,68,68,68,68,68,68,68,68,68,78,78,78,78,78,78,78,78,78,78,78,78,78],"card_choices":[{"not_picked":["Self Repair","Compile Driver"],"picked":"Cold Snap","floor":1},{"not_picked":["Double Energy","Streamline","Turbo"],"picked":"SKIP","floor":3},{"not_picked":["Sweeping Beam","Steam","Ball Lightning"],"picked":"SKIP","floor":8},{"not_picked":["Turbo","Coolheaded","Rebound"],"picked":"SKIP","floor":12},{"not_picked":["Hologram","Steam Power"],"picked":"Electrodynamics","floor":14},{"not_picked":["Reboot","Creative AI"],"picked":"Seek","floor":16},{"not_picked":["Sweeping Beam","Doom and Gloom+1"],"picked":"Undo","floor":18},{"not_picked":["Streamline","Lockon","Rebound"],"picked":"SKIP","floor":22},{"not_picked":["Compile Driver","Hologram"],"picked":"Gash+1","floor":24},{"not_picked":["Coolheaded+1","Rip and Tear","Sweeping Beam"],"picked":"SKIP","floor":25},{"not_picked":["Leap","Consume"],"picked":"BootSequence+1","floor":27},{"not_picked":["Turbo","Sweeping Beam"],"picked":"Capacitor","floor":31}],"player_experience":2678616,"relics_obtained":[{"floor":9,"key":"War Paint"},{"floor":14,"key":"Bag of Marbles"},{"floor":21,"key":"Pear"},{"floor":26,"key":"Mummified Hand"}],"event_choices":[{"damage_healed":0,"gold_gain":0,"player_choice":"Ignored","damage_taken":0,"max_hp_gain":0,"max_hp_loss":0,"event_name":"Liars Game","floor":4,"gold_loss":0},{"damage_healed":0,"gold_gain":0,"player_choice":"Take Damage","damage_taken":17,"relics_obtained":["Golden Idol"],"max_hp_gain":0,"max_hp_loss":0,"event_name":"Golden Idol","floor":5,"gold_loss":0},{"damage_healed":0,"gold_gain":0,"player_choice":"Gave Potion","damage_taken":0,"relics_obtained":["Oddly Smooth Stone"],"max_hp_gain":0,"max_hp_loss":0,"event_name":"WeMeetAgain","floor":10,"gold_loss":0},{"damage_healed":22,"gold_gain":0,"player_choice":"Heal","damage_taken":0,"max_hp_gain":0,"max_hp_loss":0,"event_name":"The Library","floor":20,"gold_loss":0},{"damage_healed":0,"gold_gain":0,"player_choice":"Rummage","damage_taken":0,"relics_obtained":["WarpedTongs"],"max_hp_gain":0,"max_hp_loss":0,"event_name":"Accursed Blacksmith","floor":29,"gold_loss":0,"cards_obtained":["Pain"]}],"is_beta":false,"boss_relics":[{"not_picked":["Calling Bell","Velvet Choker"],"picked":"Black Star"}],"items_purged_floors":[2,7],"is_endless":false,"potions_floor_spawned":[1,14,27,31],"killed_by":"Automaton","ascension_level":11}