{"gold_per_floor":[218,218,26,38,38,54,110,110,135,135,154,168,168,185,185,288,288,303,303,36,48,61,61,76,76,101,114,114,129,129,147,147,147],"floor_reached":33,"playtime":2604,"items_purged":["Writhe"],"score":326,"play_id":"61401e63-096f-4159-b5cd-01a6928053c1","local_time":"20190209232643","is_ascension_mode":true,"campfire_choices":[{"floor":8,"key":"REST"},{"data":"Master of Strategy","floor":10,"key":"SMITH"},{"data":"Burst","floor":13,"key":"SMITH"},{"data":"Noxious Fumes","floor":15,"key":"SMITH"},{"floor":25,"key":"REST"},{"floor":28,"key":"REST"},{"floor":30,"key":"REST"},{"floor":32,"key":"RECALL"}],"neow_cost":"NONE","seed_source_timestamp":2658527838756705,"circlet_count":0,"master_deck":["Defend_G","Defend_G","Defend_G","Defend_G","Defend_G","Survivor","Neutralize","Master of Strategy+1","Cloak And Dagger","Deadly Poison","Dash","Burst+1","Noxious Fumes+1","Adrenaline","Cloak And Dagger","Crippling Poison","Bite","Bite","Bite","Bite","Bite","Infinite Blades"],"relics":["Ring of the Snake","Vajra","Fusion Hammer","Bag of Preparation","Toolbox","Centennial Puzzle"],"potions_floor_usage":[16,16,33,33,33],"damage_taken":[{"damage":0,"enemies":"Cultist","floor":1,"turns":5},{"damage":0,"enemies":"2 Louse","floor":4,"turns":3},{"damage":0,"enemies":"Jaw Worm","floor":6,"turns":3},{"damage":25,"enemies":"3 Sentries","floor":7,"turns":13},{"damage":0,"enemies":"3 Louse","floor":11,"turns":4},{"damage":0,"enemies":"Blue Slaver","floor":12,"turns":3},{"damage":0,"enemies":"Large Slime","floor":14,"turns":6},{"damage":2,"enemies":"The Guardian","floor":16,"turns":8},{"damage":10,"enemies":"Spheric Guardian","floor":18,"turns":5},{"damage":13,"enemies":"3 Byrds","floor":21,"turns":5},{"damage":27,"enemies":"Sentry and Sphere","floor":22,"turns":7},{"damage":23,"enemies":"Snake Plant","floor":24,"turns":4},{"damage":4,"enemies":"Cultist and Chosen","floor":27,"turns":6},{"damage":8,"enemies":"Centurion and Healer","floor":29,"turns":7},{"damage":7,"enemies":"3 Cultists","floor":31,"turns":4},{"damage":118,"enemies":"Champ","floor":33,"turns":12}],"seed_played":"5438321758553961315","potions_obtained":[{"floor":4,"key":"AttackPotion"},{"floor":12,"key":"SkillPotion"},{"floor":16,"key":"EssenceOfSteel"},{"floor":22,"key":"Weak Potion"},{"floor":24,"key":"EntropicBrew"}],"is_trial":false,"path_per_floor":["M","?","$","M","?","M","?","R","T","R","M","M","R","M","R","B",null,"M","?","$","M","M","?","M","R","T","M","R","M","R","M","R","B"],"character_chosen":"THE_SILENT","items_purchased":["Master of Strategy","Toolbox"],"campfire_rested":4,"item_purchase_floors":[3,20],"current_hp_per_floor":[70,56,56,56,56,56,31,52,52,52,54,56,56,58,58,58,67,59,59,59,48,23,23,10,31,31,39,60,62,70,69,69,0],"gold":147,"neow_bonus":"HUNDRED_GOLD","is_prod":false,"is_daily":false,"chose_seed":false,"campfire_upgraded":3,"win_rate":0,"timestamp":1549776403,"path_taken":["M","?","$","M","?","M","?","R","T","R","M","M","R","M","R","BOSS","M","?","$","M","M","?","M","R","T","M","R","M","R","M","R","BOSS"],"build_version":"2019-01-23","purchased_purges":1,"victory":false,"max_hp_per_floor":[70,70,70,70,70,70,70,70,70,70,70,70,70,70,70,70,70,70,70,70,70,70,70,70,70,70,70,70,70,70,70,70,70],"card_choices":[{"not_picked":["Slice","Underhanded Strike","Reflex"],"picked":"SKIP","floor":1},{"not_picked":["Acrobatics","PiercingWail"],"picked":"Cloak And Dagger","floor":4},{"not_picked":["Tactician","Accuracy"],"picked":"Deadly Poison","floor":6},{"not_picked":["Blade Dance","Poisoned Stab"],"picked":"Dash","floor":7},{"not_picked":["Underhanded Strike","Caltrops"],"picked":"Burst","floor":11},{"not_picked":["Blade Dance","Deadly Poison"],"picked":"Noxious Fumes","floor":12},{"not_picked":["Expertise","Blade Dance","Escape Plan"],"picked":"SKIP","floor":14},{"not_picked":["Envenom","Unload"],"picked":"Adrenaline","floor":16},{"not_picked":["Dodge and Roll","Quick Slash"],"picked":"Cloak And Dagger","floor":18},{"not_picked":["Endless Agony","Slice","Backflip+1"],"picked":"SKIP","floor":21},{"not_picked":["Escape Plan","Bouncing Flask"],"picked":"Crippling Poison","floor":22},{"not_picked":["Cloak And Dagger","Poisoned Stab"],"picked":"Infinite Blades","floor":24},{"not_picked":["Dodge and Roll+1","Unload","Eviscerate"],"picked":"SKIP","floor":27},{"not_picked":["Flying Knee","Choke+1","Deflect"],"picked":"SKIP","floor":29},{"not_picked":["Blade Dance","Tactician","Bane+1"],"picked":"SKIP","floor":31}],"player_experience":1319290,"relics_obtained":[{"floor":9,"key":"Blood Vial"},{"floor":26,"key":"Centennial Puzzle"}],"event_choices":[{"damage_healed":0,"gold_gain":0,"player_choice":"Entered Light","damage_taken":14,"max_hp_gain":0,"max_hp_loss":0,"event_name":"Shining Light","floor":2,"gold_loss":0,"cards_upgraded":["Strike_G","Strike_G"]},{"damage_healed":0,"gold_gain":0,"player_choice":"Leave","damage_taken":0,"max_hp_gain":0,"max_hp_loss":0,"event_name":"The Cleric","floor":5,"gold_loss":0},{"damage_healed":0,"gold_gain":30,"player_choice":"Searched \u00273\u0027 times","damage_taken":0,"relics_obtained":["Vajra"],"max_hp_gain":0,"max_hp_loss":0,"event_name":"Dead Adventurer","floor":7,"gold_loss":0},{"damage_healed":0,"gold_gain":0,"player_choice":"Opened","damage_taken":0,"relics_obtained":["Bag of Preparation"],"max_hp_gain":0,"max_hp_loss":0,"event_name":"The Mausoleum","floor":19,"gold_loss":0,"cards_obtained":["Writhe"]},{"damage_healed":0,"gold_gain":0,"player_choice":"Became a vampire (Vial)","damage_taken":0,"max_hp_gain":0,"max_hp_loss":0,"event_name":"Vampires","floor":23,"relics_lost":["Blood Vial"],"gold_loss":0,"cards_obtained":["Bite","Bite","Bite","Bite","Bite"]}],"is_beta":false,"boss_relics":[{"not_picked":["Eternal Feather","Black Star"],"picked":"Fusion Hammer"}],"items_purged_floors":[20],"is_endless":false,"potions_floor_spawned":[4,12,16,22,24,29,31],"killed_by":"Champ","ascension_level":5}