{"gold_per_floor":[115,5,5,5,5,31,31,60,60,71,88,88,163,175,175,175],"floor_reached":16,"playtime":6393,"items_purged":["Dualcast"],"score":174,"play_id":"cdfd9f85-48e1-4a12-b6fb-38a40652d684","local_time":"20181118190249","is_ascension_mode":true,"campfire_choices":[{"data":"Zap","floor":7,"key":"SMITH"},{"data":"Cold Snap","floor":12,"key":"SMITH"},{"data":"Reinforced Body","floor":15,"key":"SMITH"}],"neow_cost":"NONE","seed_source_timestamp":347263497374405,"circlet_count":0,"master_deck":["Strike_B","Strike_B","Strike_B","Defend_B","Defend_B","Defend_B","Defend_B","Zap","Reinforced Body+1","Zap+1","Cold Snap+1"],"relics":["Cracked Core","NeowsBlessing","PreservedInsect","Symbiotic Virus","Dream Catcher","Bottled Lightning"],"potions_floor_usage":[16,16,16],"damage_taken":[{"damage":0,"enemies":"Small Slimes","floor":1,"turns":1},{"damage":0,"enemies":"3 Sentries","floor":6,"turns":1},{"damage":0,"enemies":"Lagavulin","floor":8,"turns":2},{"damage":0,"enemies":"Jaw Worm","floor":10,"turns":2},{"damage":0,"enemies":"Cultist","floor":11,"turns":2},{"damage":2,"enemies":"2 Fungi Beasts","floor":14,"turns":3},{"damage":58,"enemies":"Slime Boss","floor":16,"turns":9}],"seed_played":"-6998251467483947033","potions_obtained":[{"floor":6,"key":"PowerPotion"},{"floor":10,"key":"SteroidPotion"},{"floor":14,"key":"Energy Potion"}],"is_trial":false,"path_per_floor":["M","$","?","?","?","E","R","E","T","M","M","R","?","M","R","B"],"character_chosen":"DEFECT","items_purchased":["Reinforced Body"],"campfire_rested":0,"item_purchase_floors":[2],"current_hp_per_floor":[75,75,63,63,63,63,63,63,63,63,63,63,56,54,54,0],"gold":175,"neow_bonus":"THREE_ENEMY_KILL","is_prod":false,"is_daily":false,"chose_seed":false,"campfire_upgraded":3,"win_rate":0,"timestamp":1542589369,"path_taken":["M","$","?","?","?","E","R","E","T","M","?","R","?","?","R","BOSS"],"build_version":"2018-11-15","purchased_purges":1,"victory":false,"max_hp_per_floor":[75,75,75,75,75,75,75,75,75,75,75,75,75,75,75,75],"card_choices":[{"not_picked":["Steam","Conserve Battery","Redo"],"picked":"SKIP","floor":1},{"not_picked":["Reprogram","Darkness","Coolheaded"],"picked":"SKIP","floor":6},{"not_picked":["Leap","White Noise"],"picked":"Cold Snap","floor":8},{"not_picked":["Genetic Algorithm","Tempest","Gash"],"picked":"SKIP","floor":10},{"not_picked":["Streamline","Storm","Sweeping Beam"],"picked":"SKIP","floor":11},{"not_picked":["Rip and Tear","Melter","Leap"],"picked":"SKIP","floor":14}],"player_experience":365814,"relics_obtained":[{"floor":6,"key":"Symbiotic Virus"},{"floor":8,"key":"Dream Catcher"},{"floor":9,"key":"Bottled Lightning"}],"event_choices":[{"damage_healed":0,"gold_gain":0,"player_choice":"Success","damage_taken":12,"relics_obtained":["PreservedInsect"],"max_hp_gain":0,"max_hp_loss":0,"event_name":"Scrap Ooze","floor":3,"gold_loss":0},{"cards_removed":["Strike_B"],"damage_healed":0,"gold_gain":0,"player_choice":"Forget","damage_taken":0,"max_hp_gain":0,"max_hp_loss":0,"event_name":"Living Wall","floor":4,"gold_loss":0},{"damage_healed":0,"gold_gain":0,"player_choice":"1 cards matched","damage_taken":0,"max_hp_gain":0,"max_hp_loss":0,"event_name":"Match and Keep!","floor":5,"gold_loss":0,"cards_obtained":["Zap"]},{"damage_healed":0,"gold_gain":75,"player_choice":"Touch","damage_taken":7,"max_hp_gain":0,"max_hp_loss":0,"event_name":"FaceTrader","floor":13,"gold_loss":0}],"is_beta":false,"boss_relics":[],"items_purged_floors":[2],"is_endless":false,"potions_floor_spawned":[6,10,14],"killed_by":"Slime Boss","ascension_level":2}