{"gold_per_floor":[113,113,125,143,68,68,131,165,165,165,182,82,82,99,99,198,198,209,119,129,4,23,23,23,23,91,108,108,108,108,108,108,212,212,226,240,315,330,348,348,348],"floor_reached":41,"playtime":2458,"items_purged":["Dualcast","Strike_B","Strike_B"],"score":466,"play_id":"9f6d6aba-a30b-4d05-aeb4-2b32de60cba8","local_time":"20181113170553","is_ascension_mode":false,"campfire_choices":[{"data":"Zap","floor":6,"key":"SMITH"},{"floor":15,"key":"REST"},{"data":"Echo Form","floor":23,"key":"SMITH"},{"data":"Electrodynamics","floor":25,"key":"SMITH"},{"data":"Cold Snap","floor":28,"key":"SMITH"},{"data":"Chill","floor":30,"key":"SMITH"},{"data":"Strike_B","floor":32,"key":"SMITH"},{"floor":40,"key":"REST"}],"neow_cost":"NONE","seed_source_timestamp":2999447056775711,"circlet_count":0,"master_deck":["Strike_B+1","Defend_B+1","Defend_B+1","Defend_B","Defend_B","Zap+1","Glacier+1","Electrodynamics+1","Chill+1","Echo Form+1","Cold Snap+1","Echo Form+1"],"relics":["Cracked Core","NeowsBlessing","Singing Bowl","Pantograph","Bottled Flame","Sozu","Bottled Tornado","Nuclear Battery"],"potions_floor_usage":[7,8],"damage_taken":[{"damage":0,"enemies":"2 Louse","floor":1,"turns":1},{"damage":0,"enemies":"Jaw Worm","floor":3,"turns":1},{"damage":0,"enemies":"Cultist","floor":4,"turns":1},{"damage":16,"enemies":"3 Sentries","floor":7,"turns":9},{"damage":39,"enemies":"Gremlin Nob","floor":8,"turns":6},{"damage":0,"enemies":"3 Louse","floor":11,"turns":3},{"damage":0,"enemies":"Looter","floor":14,"turns":4},{"damage":36,"enemies":"Slime Boss","floor":16,"turns":19},{"damage":0,"enemies":"3 Byrds","floor":18,"turns":2},{"damage":5,"enemies":"Shell Parasite","floor":20,"turns":9},{"damage":0,"enemies":"Centurion and Healer","floor":22,"turns":10},{"damage":14,"enemies":"Shelled Parasite and Fungi","floor":27,"turns":6},{"damage":0,"enemies":"Collector","floor":33,"turns":10},{"damage":20,"enemies":"Orb Walker","floor":35,"turns":4},{"damage":17,"enemies":"3 Darklings","floor":36,"turns":4},{"damage":39,"enemies":"Maw","floor":38,"turns":11},{"damage":3,"enemies":"4 Shapes","floor":39,"turns":4},{"damage":43,"enemies":"Reptomancer","floor":41,"turns":2}],"seed_played":"8123032980196212217","potions_obtained":[{"floor":4,"key":"AttackPotion"},{"floor":7,"key":"GamblersBrew"},{"floor":16,"key":"FearPotion"}],"is_trial":false,"path_per_floor":["M","?","M","M","$","R","?","E","T","?","M","$","?","M","R","B",null,"M","?","M","$","M","R","?","R","T","M","R","$","R","$","R","B",null,"M","M","?","M","M","R","E"],"character_chosen":"DEFECT","items_purchased":[],"campfire_rested":2,"item_purchase_floors":[],"current_hp_per_floor":[75,60,60,60,60,60,46,7,7,7,7,7,4,6,29,18,79,81,81,78,78,78,78,78,78,78,66,66,66,66,66,66,87,87,69,54,45,8,7,35,0],"gold":348,"neow_bonus":"THREE_ENEMY_KILL","is_prod":false,"is_daily":false,"chose_seed":false,"campfire_upgraded":6,"win_rate":0.0,"timestamp":1542150353,"path_taken":["M","?","M","M","$","R","?","E","T","?","?","$","?","M","R","BOSS","M","?","?","$","M","R","?","R","T","M","R","$","R","$","R","BOSS","M","?","?","M","M","R","E"],"build_version":"2018-11-08","purchased_purges":3,"victory":false,"max_hp_per_floor":[75,75,75,75,75,75,77,77,77,77,77,77,77,79,79,79,79,81,81,83,83,83,83,83,83,83,85,85,85,85,85,85,87,87,89,91,91,93,95,95,95],"card_choices":[{"not_picked":["Barrage","Tempest","Redo"],"picked":"SKIP","floor":1},{"not_picked":["Streamline","Hologram","Beam Cell"],"picked":"SKIP","floor":3},{"not_picked":["Gash","Coolheaded"],"picked":"Glacier","floor":4},{"not_picked":["Sweeping Beam","Leap","Skim"],"picked":"Singing Bowl","floor":7},{"not_picked":["Force Field","Sweeping Beam"],"picked":"Electrodynamics","floor":8},{"not_picked":["Static Discharge","Cold Snap"],"picked":"Chill","floor":11},{"not_picked":["Blizzard","Go for the Eyes","Beam Cell"],"picked":"Singing Bowl","floor":14},{"not_picked":["Reboot","Multi-Cast"],"picked":"Echo Form","floor":16},{"not_picked":["Hologram","Redo","Streamline"],"picked":"Singing Bowl","floor":18},{"not_picked":["Compile Driver","Rebound","Darkness"],"picked":"Singing Bowl","floor":20},{"not_picked":["Compile Driver","Steam+1"],"picked":"Cold Snap","floor":22},{"not_picked":["Gash","Hologram","Redo+1"],"picked":"Singing Bowl","floor":27},{"not_picked":["Hyperbeam","Creative AI","Reboot"],"picked":"Singing Bowl","floor":33},{"not_picked":["Skim","Rebound","Steam"],"picked":"Singing Bowl","floor":35},{"not_picked":["Gash","Compile Driver","Redo+1"],"picked":"Singing Bowl","floor":36},{"not_picked":["Ball Lightning+1","Redo+1","Doom and Gloom"],"picked":"Singing Bowl","floor":38},{"not_picked":["Consume+1","Conserve Battery+1","Fusion"],"picked":"Singing Bowl","floor":39}],"player_experience":173149,"relics_obtained":[{"floor":7,"key":"Singing Bowl"},{"floor":8,"key":"Pantograph"},{"floor":9,"key":"Bottled Flame"},{"floor":26,"key":"Bottled Tornado"}],"event_choices":[{"damage_healed":0,"gold_gain":0,"player_choice":"Entered Light","damage_taken":15,"max_hp_gain":0,"max_hp_loss":0,"event_name":"Shining Light","floor":2,"gold_loss":0,"cards_upgraded":["Defend_B","Defend_B"]},{"damage_healed":0,"gold_gain":0,"player_choice":"Searched \u00271\u0027 times","damage_taken":0,"max_hp_gain":0,"max_hp_loss":0,"event_name":"Dead Adventurer","floor":7,"gold_loss":0},{"damage_healed":0,"gold_gain":0,"player_choice":"Ignored","damage_taken":0,"max_hp_gain":0,"max_hp_loss":0,"event_name":"Transmorgrifier","floor":10,"gold_loss":0},{"damage_healed":0,"gold_gain":0,"player_choice":"Fled","damage_taken":3,"max_hp_gain":0,"max_hp_loss":0,"event_name":"Scrap Ooze","floor":13,"gold_loss":0},{"cards_removed":["Strike_B"],"damage_healed":0,"gold_gain":0,"player_choice":"Upgrade and Remove","damage_taken":0,"max_hp_gain":0,"max_hp_loss":0,"event_name":"Designer","floor":19,"gold_loss":90,"cards_upgraded":["Glacier"]},{"damage_healed":0,"gold_gain":0,"player_choice":"Copied","damage_taken":0,"max_hp_gain":0,"max_hp_loss":0,"event_name":"Duplicator","floor":24,"gold_loss":0,"cards_obtained":["Echo Form"]},{"damage_healed":0,"gold_gain":75,"player_choice":"Touch","damage_taken":9,"max_hp_gain":0,"max_hp_loss":0,"event_name":"FaceTrader","floor":37,"gold_loss":0}],"is_beta":false,"boss_relics":[{"not_picked":["Orrery","Astrolabe"],"picked":"Sozu"},{"not_picked":["Velvet Choker","Coffee Dripper"],"picked":"Nuclear Battery"}],"items_purged_floors":[5,12,21],"is_endless":false,"potions_floor_spawned":[4,7,16,22,27,35,36],"killed_by":"Reptomancer","ascension_level":0}