{"path_per_floor":["M","M","?","?","$","E","R","?","T","?","M","R","M","M","R","B",null,"M","?","$","?","M","?","$","R","T","M"],"character_chosen":"THE_SILENT","items_purchased":["Block Potion","Bag of Marbles","Infinite Blades","Blood Vial","Dramatic Entrance"],"gold_per_floor":[146,165,165,340,59,86,86,51,74,74,94,94,114,127,127,255,255,275,275,31,31,44,44,44,44,122,136],"floor_reached":28,"campfire_rested":2,"playtime":1965,"current_hp_per_floor":[75,75,75,75,75,66,66,75,75,75,75,75,68,66,75,35,75,43,43,43,43,23,7,7,29,29,7],"items_purged":[],"gold":136,"play_id":"fb0332d2-737e-4b1b-b1c8-6881fdad9a18","is_prod":false,"is_daily":false,"campfire_rituals":0,"campfire_upgraded":2,"is_hardmode":false,"path_taken":["M","M","?","?","$","E","R","?","T","?","?","R","?","M","R","BOSS","M","?","?","?","M","?","$","R","T","M","?"],"build_version":"2018-01-18-PROD4","purchased_purges":0,"victory":false,"master_deck":["Defend_G","Defend_G","Defend_G","Defend_G","Strike_G","Strike_G","Strike_G","Strike_G","Strike_G","Survivor","Neutralize","PiercingWail","Prepared","Deflect","Doubt","Infinite Blades","Flechettes","Finisher","Well Laid Plans","All Out Attack","Envenom","Sucker Punch","Skewer","Dagger Spray","Bullet Time","Slice","Acrobatics","Dramatic Entrance","Predator","Deflect"],"max_hp_per_floor":[75,75,75,75,75,75,75,75,75,75,75,75,75,75,75,75,75,75,75,75,75,75,75,75,75,75,75],"relics":["Tiny House","Bag of Marbles","Omamori","Oddly Smooth Stone","Golden Idol","Orrery","Blood Vial","Nilry\u0027s Codex","Ninja Scroll"],"campfire_meditates":0,"card_choices":[{"not_picked":["Reflex","Flying Knee"],"picked":"PiercingWail"},{"not_picked":["Dodge and Roll","PiercingWail"],"picked":"Prepared"},{"not_picked":["Acrobatics","Underhanded Strike"],"picked":"Deflect"},{"not_picked":["Heel Hook","Deflect"],"picked":"Flechettes"},{"not_picked":["Acrobatics","Envenom"],"picked":"Finisher"},{"not_picked":["Underhanded Strike","Flying Knee"],"picked":"Well Laid Plans"},{"not_picked":["PiercingWail","Bane"],"picked":"All Out Attack"},{"not_picked":["Glass Knife","Doppelganger"],"picked":"Envenom"},{"not_picked":["Deflect","Caltrops"],"picked":"Sucker Punch"},{"not_picked":["Distraction","Endless Agony"],"picked":"Skewer"},{"not_picked":["Acrobatics","Slice"],"picked":"Dagger Spray"},{"not_picked":["Backflip","Deflect"],"picked":"Bullet Time"},{"not_picked":["Prepared","Poisoned Stab"],"picked":"Slice"},{"not_picked":["Underhanded Strike","Deflect"],"picked":"Acrobatics"},{"not_picked":["Slice","Bane"],"picked":"Predator"},{"not_picked":["Eviscerate","Endless Agony"],"picked":"Deflect"}],"player_experience":56729,"potions_floor_usage":[6,6,14,18],"damage_taken":[{"damage":0,"enemies":"2 Louse","floor":1,"turns":5},{"damage":0,"enemies":"Blue Slaver","floor":2,"turns":7},{"damage":9,"enemies":"3 Sentries","floor":6,"turns":10},{"damage":0,"enemies":"Jaw Worm","floor":11,"turns":4},{"damage":7,"enemies":"Looter","floor":13,"turns":3},{"damage":2,"enemies":"Gremlin Gang","floor":14,"turns":4},{"damage":40,"enemies":"Slime Boss","floor":16,"turns":12},{"damage":32,"enemies":"Shell Parasite","floor":18,"turns":8},{"damage":22,"enemies":"Spheric Guardian","floor":22,"turns":5},{"damage":24,"enemies":"Centurion and Healer","floor":27,"turns":4},{"damage":10,"enemies":"Snake Plant","floor":28,"turns":3}],"event_choices":[{"event_name":"Purifier","player_choice":"One Purge","floor":3,"damage_taken":0},{"event_name":"Liars Game","player_choice":"agreed","floor":4,"damage_taken":0},{"event_name":"The Cleric","player_choice":"Healed","floor":8,"damage_taken":0},{"event_name":"Golden Idol","player_choice":"Take Wound","floor":10,"damage_taken":0},{"event_name":"Back to Basics","player_choice":"Simplicity","floor":19,"damage_taken":0},{"event_name":"Beggar","player_choice":"Ignored","floor":21,"damage_taken":0},{"event_name":"Cursed Tome","player_choice":"Obtained Book","floor":23,"damage_taken":0}],"boss_relics":[{"not_picked":["Astrolabe","Velvet Choker"],"picked":"Orrery"}],"potions_floor_spawned":[1,16,27],"seed_played":"2360515080069849342","killed_by":"Snake Plant","is_trial":false}