{"gold_per_floor":[117,128,78,78,88,99,0,0,0,0,0,20,20,37,37,136,136,147,57,71,88,102,102,112,122,122,122,137,157,157,189,189,286,286,301,301,301,321,336,336,354,354,354,354,354],"floor_reached":45,"playtime":6124,"items_purged":["Strike_R","Strike_R"],"score":709,"play_id":"144e6407-052e-4b5c-8c76-71bac8815afb","local_time":"20190715110535","is_ascension_mode":true,"campfire_choices":[{"floor":8,"key":"REST"},{"data":"Body Slam","floor":10,"key":"SMITH"},{"data":"Body Slam","floor":13,"key":"SMITH"},{"data":"Shrug It Off","floor":15,"key":"SMITH"},{"data":"Shrug It Off","floor":23,"key":"SMITH"},{"data":"Shrug It Off","floor":30,"key":"SMITH"},{"floor":32,"key":"REST"},{"floor":40,"key":"REST"},{"floor":42,"key":"REST"},{"data":"Madness","floor":44,"key":"SMITH"}],"neow_cost":"NONE","seed_source_timestamp":0,"circlet_count":0,"master_deck":["AscendersBane","Strike_R","Strike_R","Defend_R","Defend_R+1","Defend_R+1","Defend_R+1","Bash","Shrug It Off+1","Body Slam+1","Body Slam+1","Juggernaut","Entrench","Shrug It Off+1","Shrug It Off+1","Reaper","Seeing Red","Flame Barrier","Madness+1","Madness+1","Armaments","Shrug It Off+1"],"special_seed":0,"relics":["Burning Blood","Smiling Mask","Blue Candle","Sozu","Boot","Lizard Tail","Frozen Egg 2"],"potions_floor_usage":[16,16,33],"damage_taken":[{"damage":1.0,"enemies":"Cultist","floor":1.0,"turns":3.0},{"damage":9.0,"enemies":"Small Slimes","floor":2.0,"turns":4.0},{"damage":2.0,"enemies":"Jaw Worm","floor":5.0,"turns":5.0},{"damage":23.0,"enemies":"Exordium Wildlife","floor":6.0,"turns":13.0},{"damage":12,"enemies":"Large Slime","floor":12,"turns":8},{"damage":1,"enemies":"Red Slaver","floor":14,"turns":4},{"damage":35,"enemies":"The Guardian","floor":16,"turns":12},{"damage":11,"enemies":"Shell Parasite","floor":18,"turns":4},{"damage":3,"enemies":"2 Thieves","floor":20,"turns":3},{"damage":0,"enemies":"3 Cultists","floor":21,"turns":5},{"damage":9,"enemies":"Cultist and Chosen","floor":22,"turns":6},{"damage":0,"enemies":"Snecko","floor":24,"turns":4},{"damage":5,"enemies":"Snake Plant","floor":25,"turns":4},{"damage":13,"enemies":"Centurion and Healer","floor":28,"turns":5},{"damage":4,"enemies":"Shelled Parasite and Fungi","floor":29,"turns":4},{"damage":52,"enemies":"Book of Stabbing","floor":31,"turns":8},{"damage":24,"enemies":"Automaton","floor":33,"turns":12},{"damage":5,"enemies":"Orb Walker","floor":35,"turns":4},{"damage":21,"enemies":"3 Shapes","floor":38,"turns":6},{"damage":25,"enemies":"Spire Growth","floor":39,"turns":7},{"damage":35,"enemies":"Maw","floor":41,"turns":8},{"damage":136,"enemies":"Reptomancer","floor":45,"turns":8}],"seed_played":"-437710173410398802","potions_obtained":[{"floor":5.0,"key":"Strength Potion"},{"floor":6.0,"key":"Block Potion"},{"floor":16,"key":"FearPotion"}],"is_trial":false,"path_per_floor":["M","M","$","?","M","M","$","R","T","R","$","M","R","M","R","B",null,"M","?","M","M","M","R","M","M","T","?","M","M","R","E","R","B",null,"M","?","?","M","M","R","M","R","T","R","E"],"character_chosen":"IRONCLAD","items_purchased":["Body Slam"],"campfire_rested":4,"item_purchase_floors":[7],"current_hp_per_floor":[77,74,74,58,62,45,45,69,69,69,69,63,63,68,68,39,70,65,65,68,74,71,71,77,78,78,78,71,73,73,31,55,42,71,72,62,62,62,48,72,48,72,72,72,0],"gold":354,"neow_bonus":"RANDOM_COMMON_RELIC","is_prod":false,"is_daily":false,"chose_seed":false,"campfire_upgraded":6,"win_rate":0,"timestamp":1563206735,"path_taken":["M","M","?","?","M","M","$","R","T","R","?","M","R","?","R","BOSS","M","?","M","M","?","R","M","M","T","?","M","M","R","E","R","BOSS","M","?","?","M","?","R","M","R","T","R","E"],"build_version":"2019-07-05","purchased_purges":2,"victory":false,"max_hp_per_floor":[80,80,80,80,80,80,80,80,80,80,80,80,80,80,80,80,80,80,80,80,80,80,80,80,80,80,80,80,80,80,80,80,80,80,80,80,80,80,80,80,80,80,80,80,80],"card_choices":[{"not_picked":["True Grit","Combust","Headbutt"],"picked":"SKIP","floor":1.0},{"not_picked":["Sword Boomerang","Havoc"],"picked":"Shrug It Off","floor":2.0},{"not_picked":["Second Wind","Thunderclap","Rupture"],"picked":"SKIP","floor":5.0},{"not_picked":["Twin Strike","Perfected Strike","True Grit"],"picked":"SKIP","floor":6.0},{"not_picked":["Cleave","Double Tap"],"picked":"Body Slam","floor":12},{"not_picked":["Clash","Sword Boomerang","Cleave"],"picked":"SKIP","floor":14},{"not_picked":["Limit Break","Brutality"],"picked":"Juggernaut","floor":16},{"not_picked":["Battle Trance+1","Twin Strike"],"picked":"Entrench","floor":18},{"not_picked":["Flex+1","Heavy Blade+1","Twin Strike+1"],"picked":"SKIP","floor":20},{"not_picked":["Sword Boomerang","Dropkick"],"picked":"Shrug It Off","floor":21},{"not_picked":["Iron Wave+1","Sever Soul+1","Flex"],"picked":"SKIP","floor":22},{"not_picked":["Thunderclap+1","Fire Breathing","Anger"],"picked":"SKIP","floor":24},{"not_picked":["Spot Weakness+1","Rage"],"picked":"Shrug It Off","floor":25},{"not_picked":["Clothesline","Shockwave"],"picked":"Reaper","floor":28},{"not_picked":["Armaments","Hemokinesis"],"picked":"Seeing Red","floor":29},{"not_picked":["Shrug It Off","Rage"],"picked":"Flame Barrier","floor":31},{"not_picked":["Havoc","Pommel Strike","Flex+1"],"picked":"SKIP","floor":35},{"not_picked":["Pommel Strike+1","Hemokinesis","Perfected Strike+1"],"picked":"SKIP","floor":38},{"not_picked":["Headbutt+1","Pommel Strike+1"],"picked":"Armaments","floor":39},{"not_picked":["Double Tap","Heavy Blade"],"picked":"Shrug It Off+1","floor":41}],"player_experience":2326484,"relics_obtained":[{"floor":9,"key":"Blue Candle"},{"floor":31,"key":"Boot"},{"floor":43,"key":"Frozen Egg 2"}],"event_choices":[{"damage_healed":0.0,"max_hp_gain":0.0,"max_hp_loss":0.0,"gold_gain":0.0,"event_name":"Shining Light","player_choice":"Entered Light","floor":4.0,"gold_loss":0.0,"damage_taken":16.0,"cards_upgraded":["Defend_R","Defend_R"]},{"cards_removed":["Strike_R"],"damage_healed":0,"gold_gain":0,"player_choice":"Upgrade and Remove","damage_taken":0,"max_hp_gain":0,"max_hp_loss":0,"event_name":"Designer","floor":19,"gold_loss":90,"cards_upgraded":["Defend_R"]},{"damage_healed":0,"gold_gain":0,"player_choice":"Ignored","damage_taken":0,"max_hp_gain":0,"max_hp_loss":0,"event_name":"The Mausoleum","floor":27,"gold_loss":0},{"damage_healed":0,"gold_gain":0,"player_choice":"Embrace Madness","damage_taken":10,"max_hp_gain":0,"max_hp_loss":0,"event_name":"Winding Halls","floor":36,"gold_loss":0,"cards_obtained":["Madness","Madness"]},{"damage_healed":0,"gold_gain":0,"player_choice":"Upgraded","damage_taken":0,"max_hp_gain":0,"max_hp_loss":0,"event_name":"Upgrade Shrine","floor":37,"gold_loss":0,"cards_upgraded":["Madness"]}],"is_beta":false,"boss_relics":[{"not_picked":["Mark of Pain","Runic Pyramid"],"picked":"Sozu"},{"not_picked":["Coffee Dripper","Runic Dome"],"picked":"Lizard Tail"}],"items_purged_floors":[3,7],"is_endless":false,"potions_floor_spawned":[5,6,16,22,24,28,29,31,38],"killed_by":"Reptomancer","ascension_level":10}