{"gold_per_floor":[114,114,114,114,39,39,67,84,84,84,159,175,190,208,208,208],"floor_reached":16,"playtime":371,"items_purged":["Defend_R"],"score":125,"play_id":"3273a964-d839-4148-8eae-6699f6c5fba7","local_time":"20190829152146","is_ascension_mode":false,"campfire_choices":[{"data":"True Grit","floor":6,"key":"SMITH"},{"data":"Anger","floor":15,"key":"SMITH"}],"neow_cost":"NONE","seed_source_timestamp":620939213952355,"circlet_count":0,"master_deck":["Strike_R","Strike_R","Strike_R","Strike_R","Defend_R","Defend_R","Defend_R","Bash","True Grit+1","Anger+1"],"relics":["Burning Blood","NeowsBlessing","Vajra","Ornamental Fan"],"potions_floor_usage":[16,16,16,16],"damage_taken":[{"damage":0,"enemies":"Small Slimes","floor":1,"turns":1},{"damage":0,"enemies":"3 Sentries","floor":7,"turns":1},{"damage":0,"enemies":"2 Louse","floor":8,"turns":1},{"damage":6,"enemies":"Jaw Worm","floor":12,"turns":3},{"damage":5,"enemies":"Large Slime","floor":13,"turns":6},{"damage":5,"enemies":"Looter","floor":14,"turns":3},{"damage":76,"enemies":"Hexaghost","floor":16,"turns":10}],"seed_played":"-3018387405879030419","potions_obtained":[{"floor":7,"key":"Dexterity Potion"},{"floor":8,"key":"Poison Potion"},{"floor":12,"key":"FearPotion"},{"floor":14,"key":"EntropicBrew"}],"is_trial":false,"path_per_floor":["M","?","$","?","$","R","E","M","T","?","?","M","M","M","R","B"],"character_chosen":"IRONCLAD","items_purchased":[],"campfire_rested":0,"item_purchase_floors":[],"current_hp_per_floor":[80,80,80,85,85,85,85,85,85,78,67,67,68,69,69,0],"gold":208,"neow_bonus":"THREE_ENEMY_KILL","is_prod":false,"is_daily":false,"chose_seed":false,"campfire_upgraded":2,"win_rate":0,"timestamp":1567106506,"path_taken":["M","?","$","?","$","R","E","M","T","?","?","?","M","M","R","BOSS"],"build_version":"2019-07-17","purchased_purges":1,"victory":false,"max_hp_per_floor":[80,80,80,85,85,85,85,85,85,85,85,85,85,85,85,85],"card_choices":[{"not_picked":["Sword Boomerang","Wild Strike"],"picked":"True Grit","floor":1},{"not_picked":["Body Slam","Demon Form","Thunderclap"],"picked":"SKIP","floor":7},{"not_picked":["Carnage","Intimidate","Twin Strike"],"picked":"SKIP","floor":8},{"not_picked":["Flex","Headbutt"],"picked":"Anger","floor":12},{"not_picked":["Disarm","Body Slam","Iron Wave"],"picked":"SKIP","floor":13},{"not_picked":["Seeing Red","Armaments","Perfected Strike"],"picked":"SKIP","floor":14}],"player_experience":173563,"relics_obtained":[{"floor":7,"key":"Vajra"},{"floor":9,"key":"Ornamental Fan"}],"event_choices":[{"damage_healed":0,"gold_gain":0,"player_choice":"Leave","damage_taken":0,"max_hp_gain":0,"max_hp_loss":0,"event_name":"The Cleric","floor":2,"gold_loss":0},{"damage_healed":0,"gold_gain":0,"player_choice":"Donut","damage_taken":0,"max_hp_gain":5,"max_hp_loss":0,"event_name":"Big Fish","floor":4,"gold_loss":0},{"cards_removed":["Strike_R"],"damage_healed":0,"gold_gain":0,"player_choice":"Card Removal","damage_taken":7,"max_hp_gain":0,"max_hp_loss":0,"event_name":"Golden Wing","floor":10,"gold_loss":0},{"damage_healed":0,"gold_gain":75,"player_choice":"Gather Gold","damage_taken":11,"max_hp_gain":0,"max_hp_loss":0,"event_name":"World of Goop","floor":11,"gold_loss":0}],"is_beta":false,"boss_relics":[],"items_purged_floors":[5],"is_endless":false,"potions_floor_spawned":[7,8,12,14],"killed_by":"Hexaghost","ascension_level":0}