{"gold_per_floor":[118,118,118,118,118,161,161,174,174,190,190,210,135,148,148,278,278,303,52,52,52,76,76,101,101,180,180,193,211,19,34,34,158,158,172,172,187,187,212,212],"floor_reached":40,"playtime":3079,"items_purged":["Dualcast","Strike_B"],"score":578,"play_id":"61d6a31c-2ecc-4ac7-8223-1949ce2fa48d","local_time":"20190405213431","is_ascension_mode":true,"campfire_choices":[{"floor":7.0,"key":"REST"},{"data":"Glacier","floor":11.0,"key":"SMITH"},{"floor":15.0,"key":"REST"},{"floor":23.0,"key":"REST"},{"floor":25.0,"key":"REST"},{"floor":32.0,"key":"REST"}],"neow_cost":"NONE","seed_source_timestamp":0,"circlet_count":0,"master_deck":["Strike_B","Strike_B","Strike_B+1","Defend_B","Defend_B","Defend_B","Defend_B","Zap+1","Glacier+1","Streamline","Conserve Battery","Reinforced Body","Seek","Cold Snap","Echo Form","Buffer","Loop","Capacitor","Sunder","Apotheosis","Conserve Battery","FTL","Conserve Battery+1"],"special_seed":0,"relics":["Cracked Core","NeowsBlessing","Golden Idol","Dream Catcher","Gremlin Horn","Fusion Hammer","Pantograph","Inserter"],"potions_floor_usage":[39,39,39],"damage_taken":[{"damage":0.0,"enemies":"2 Louse","floor":1.0,"turns":1.0},{"damage":0.0,"enemies":"Lagavulin","floor":6.0,"turns":1.0},{"damage":0.0,"enemies":"Jaw Worm","floor":8.0,"turns":1.0},{"damage":0.0,"enemies":"Small Slimes","floor":10.0,"turns":2.0},{"damage":0.0,"enemies":"Blue Slaver","floor":12.0,"turns":3.0},{"damage":25.0,"enemies":"Large Slime","floor":14.0,"turns":6.0},{"damage":25.0,"enemies":"Hexaghost","floor":16.0,"turns":12.0},{"damage":12.0,"enemies":"Shell Parasite","floor":18.0,"turns":7.0},{"damage":20.0,"enemies":"3 Byrds","floor":22.0,"turns":6.0},{"damage":29.0,"enemies":"Cultist and Chosen","floor":24.0,"turns":11.0},{"damage":19.0,"enemies":"Snake Plant","floor":28.0,"turns":6.0},{"damage":21.0,"enemies":"Chosen and Byrds","floor":29.0,"turns":11.0},{"damage":1.0,"enemies":"Shelled Parasite and Fungi","floor":31.0,"turns":7.0},{"damage":35.0,"enemies":"Collector","floor":33.0,"turns":15.0},{"damage":17.0,"enemies":"Orb Walker","floor":35.0,"turns":5.0},{"damage":31.0,"enemies":"3 Darklings","floor":37.0,"turns":9.0},{"damage":0,"enemies":"Transient","floor":39,"turns":5},{"damage":23,"enemies":"4 Shapes","floor":40,"turns":2}],"seed_played":"-5059530518426202049","potions_obtained":[{"floor":1.0,"key":"AttackPotion"},{"floor":10.0,"key":"FocusPotion"},{"floor":14.0,"key":"Poison Potion"},{"floor":24.0,"key":"Energy Potion"},{"floor":28.0,"key":"SpeedPotion"},{"floor":33.0,"key":"AttackPotion"},{"floor":36.0,"key":"Poison Potion"},{"floor":36.0,"key":"Poison Potion"}],"is_trial":false,"path_per_floor":["M","?","?","?","?","E","R","M","T","M","R","M","$","M","R","B",null,"M","$","?","?","M","R","M","R","T","?","M","M","$","M","R","B",null,"M","?","M","?","M","M"],"character_chosen":"DEFECT","items_purchased":["Echo Form","Apotheosis"],"campfire_rested":5,"item_purchase_floors":[19,30],"current_hp_per_floor":[68,53,53,58,38,38,62,62,62,62,62,62,62,37,61,36,69,57,57,57,57,37,61,32,56,56,56,37,16,16,15,39,29,67,50,50,19,19,19,0],"gold":212,"neow_bonus":"THREE_ENEMY_KILL","is_prod":false,"is_daily":false,"chose_seed":false,"campfire_upgraded":1,"win_rate":0,"timestamp":1554518071,"path_taken":["M","?","?","?","?","E","R","?","T","M","R","M","$","M","R","BOSS","M","$","?","?","M","R","M","R","T","?","M","?","$","M","R","BOSS","M","?","?","?","M","M"],"build_version":"2019-01-23","purchased_purges":2,"victory":false,"max_hp_per_floor":[75,75,75,80,80,80,80,80,80,80,80,80,80,80,80,80,80,80,80,80,80,80,80,80,80,80,80,80,80,80,80,80,80,80,80,80,80,80,80,80],"card_choices":[{"not_picked":["Self Repair","Rebound"],"picked":"Glacier","floor":1.0},{"not_picked":["Compile Driver","Fission"],"picked":"Streamline","floor":6.0},{"not_picked":["Steam","Rip and Tear"],"picked":"Conserve Battery","floor":7.0},{"not_picked":["Streamline","Stack","Sweeping Beam"],"picked":"SKIP","floor":8.0},{"not_picked":["Rebound","Beam Cell"],"picked":"Reinforced Body","floor":10.0},{"not_picked":["Force Field","Coolheaded","Steam Power"],"picked":"SKIP","floor":12.0},{"not_picked":["Redo","Rebound","Hello World"],"picked":"SKIP","floor":14.0},{"not_picked":["All For One","Meteor Strike"],"picked":"Seek","floor":16.0},{"not_picked":["Scrape","Gash+1"],"picked":"Cold Snap","floor":18.0},{"not_picked":["Barrage","Coolheaded","Streamline"],"picked":"SKIP","floor":22.0},{"not_picked":["Cold Snap","Go for the Eyes"],"picked":"Buffer","floor":23.0},{"not_picked":["Redo","Turbo+1","Heatsinks"],"picked":"SKIP","floor":24.0},{"not_picked":["Glacier","Gash"],"picked":"Loop","floor":25.0},{"not_picked":["Chaos","Leap","Heatsinks"],"picked":"SKIP","floor":28.0},{"not_picked":["Aggregate+1","Streamline+1"],"picked":"Sunder","floor":29.0},{"not_picked":["Coolheaded+1","Compile Driver","Force Field"],"picked":"SKIP","floor":31.0},{"not_picked":["Sweeping Beam","Gash+1"],"picked":"Conserve Battery","floor":32.0},{"not_picked":["Streamline+1","Skim+1"],"picked":"FTL","floor":35.0},{"not_picked":["Melter","Beam Cell"],"picked":"Conserve Battery+1","floor":37.0},{"not_picked":["Beam Cell+1","Turbo+1","Stack"],"picked":"SKIP","floor":39}],"player_experience":1801178,"relics_obtained":[{"floor":6.0,"key":"Dream Catcher"},{"floor":9.0,"key":"Gremlin Horn"},{"floor":26.0,"key":"Pantograph"}],"event_choices":[{"damage_healed":0.0,"max_hp_gain":0.0,"max_hp_loss":0.0,"gold_gain":0.0,"event_name":"Shining Light","player_choice":"Entered Light","floor":2.0,"gold_loss":0.0,"damage_taken":15.0,"cards_upgraded":["Zap","Strike_B"]},{"damage_healed":0.0,"max_hp_gain":0.0,"max_hp_loss":0.0,"gold_gain":0.0,"event_name":"Liars Game","player_choice":"Ignored","floor":3.0,"gold_loss":0.0,"damage_taken":0.0},{"damage_healed":0.0,"max_hp_gain":5.0,"max_hp_loss":0.0,"gold_gain":0.0,"event_name":"Big Fish","player_choice":"Donut","floor":4.0,"gold_loss":0.0,"damage_taken":0.0},{"damage_healed":0.0,"max_hp_gain":0.0,"max_hp_loss":0.0,"gold_gain":0.0,"event_name":"Golden Idol","player_choice":"Take Damage","floor":5.0,"gold_loss":0.0,"damage_taken":20.0,"relics_obtained":["Golden Idol"]},{"damage_healed":0.0,"max_hp_gain":0.0,"max_hp_loss":0.0,"gold_gain":0.0,"event_name":"Vampires","player_choice":"Ignored","floor":20.0,"gold_loss":0.0,"damage_taken":0.0},{"damage_healed":0.0,"max_hp_gain":0.0,"max_hp_loss":0.0,"gold_gain":0.0,"event_name":"Beggar","player_choice":"Ignored","floor":21.0,"gold_loss":0.0,"damage_taken":0.0},{"damage_healed":0.0,"max_hp_gain":0.0,"max_hp_loss":0.0,"gold_gain":0.0,"event_name":"The Library","player_choice":"Read","floor":27.0,"gold_loss":0.0,"damage_taken":0.0,"cards_obtained":["Capacitor"]},{"damage_healed":0.0,"max_hp_gain":0.0,"max_hp_loss":0.0,"gold_gain":0.0,"event_name":"Lab","player_choice":"Got Potions","floor":36.0,"gold_loss":0.0,"damage_taken":0.0},{"damage_healed":0.0,"max_hp_gain":0.0,"max_hp_loss":0.0,"gold_gain":0.0,"event_name":"Tomb of Lord Red Mask","player_choice":"Ignored","floor":38.0,"gold_loss":0.0,"damage_taken":0.0}],"is_beta":false,"boss_relics":[{"not_picked":["Pandora\u0027s Box","Ectoplasm"],"picked":"Fusion Hammer"},{"not_picked":["Runic Pyramid","Orrery"],"picked":"Inserter"}],"items_purged_floors":[13,19],"is_endless":false,"potions_floor_spawned":[1,10,14,24,28,33],"killed_by":"4 Shapes","ascension_level":8}