{"gold_per_floor":[16,16,37,2,21,21,37,37,37,57,77,111,111,111,111,235,235,218,218,22,35,35,35,58,58,58,73,73,36,61,77,77,203,203,227,252,585,685,733,733,750,765,842,842,45,57,12,25,25,25],"floor_reached":51,"playtime":4005,"items_purged":["Parasite"],"score":1019,"play_id":"bd2108ef-fe0a-4324-94d8-bbb428e32542","local_time":"20190828193749","is_ascension_mode":true,"campfire_choices":[{"data":"Zap","floor":6,"key":"SMITH"},{"data":"Loop","floor":15,"key":"SMITH"},{"data":"Defragment","floor":23,"key":"SMITH"},{"floor":25,"key":"REST"},{"data":"Echo Form","floor":32,"key":"SMITH"},{"data":"Self Repair","floor":40,"key":"SMITH"},{"floor":44,"key":"REST"},{"data":"Conserve Battery","floor":49,"key":"SMITH"}],"neow_cost":"NO_GOLD","seed_source_timestamp":40724466838000,"circlet_count":0,"master_deck":["Defend_B","Defend_B","Defend_B","Defend_B","Zap+1","Dualcast+1","Ball Lightning","Ball Lightning","Conserve Battery+1","Steam","Loop+1","Go for the Eyes","Genetic Algorithm","Echo Form+1","White Noise+1","Defragment+1","Loop+1","Bite","Bite","Bite","Bite","Bite","Go for the Eyes+1","Undo+1","Self Repair+1","Hologram+1","Defragment+1","Seek+1","Sweeping Beam+1","Leap+1","Stack+1","Conserve Battery+1","Leap+1","Heatsinks+1","Loop+1","Stack+1"],"relics":["Cracked Core","Happy Flower","Cables","Toxic Egg 2","Pocketwatch","Velvet Choker","Chemical X","Bottled Lightning","Bottled Flame","Philosopher\u0027s Stone","Torii","Orichalcum","Ornamental Fan","Frozen Egg 2","Lee\u0027s Waffle","Centennial Puzzle"],"potions_floor_usage":[33,33,36,50,50],"damage_taken":[{"damage":0,"enemies":"2 Louse","floor":1,"turns":4},{"damage":2,"enemies":"Jaw Worm","floor":3,"turns":3},{"damage":0,"enemies":"Cultist","floor":5,"turns":3},{"damage":4,"enemies":"Exordium Wildlife","floor":7,"turns":2},{"damage":0,"enemies":"Looter","floor":10,"turns":2},{"damage":8,"enemies":"3 Louse","floor":11,"turns":3},{"damage":17,"enemies":"Lagavulin","floor":12,"turns":5},{"damage":0,"enemies":"Hexaghost","floor":16,"turns":9},{"damage":18,"enemies":"2 Thieves","floor":18,"turns":4},{"damage":23,"enemies":"Shell Parasite","floor":21,"turns":5},{"damage":13,"enemies":"Cultist and Chosen","floor":24,"turns":5},{"damage":12,"enemies":"Snake Plant","floor":27,"turns":4},{"damage":35,"enemies":"Centurion and Healer","floor":30,"turns":5},{"damage":0,"enemies":"Snecko","floor":31,"turns":7},{"damage":6,"enemies":"Champ","floor":33,"turns":7},{"damage":5,"enemies":"Orb Walker","floor":35,"turns":4},{"damage":49,"enemies":"3 Shapes","floor":36,"turns":4},{"damage":0,"enemies":"Mind Bloom Boss Battle","floor":38,"turns":6},{"damage":45,"enemies":"3 Darklings","floor":41,"turns":6},{"damage":19,"enemies":"Writhing Mass","floor":42,"turns":6},{"damage":22,"enemies":"Sphere and 2 Shapes","floor":46,"turns":6},{"damage":15,"enemies":"Jaw Worm Horde","floor":48,"turns":6},{"damage":89,"enemies":"Awakened One","floor":50,"turns":20}],"seed_played":"-8436175267974118939","potions_obtained":[{"floor":3,"key":"SkillPotion"},{"floor":5,"key":"PowerPotion"},{"floor":12,"key":"Energy Potion"},{"floor":16,"key":"Dexterity Potion"},{"floor":27,"key":"Swift Potion"},{"floor":35,"key":"SneckoOil"},{"floor":36,"key":"Explosive Potion"}],"is_trial":false,"path_per_floor":["M","?","M","?","M","R","M","?","T","M","M","E","T","?","R","B",null,"M","?","$","M","?","R","M","R","T","M","T","$","M","M","R","B",null,"M","M","?","?","T","R","M","M","T","R","$","M","$","M","R","B",null],"character_chosen":"DEFECT","items_purchased":["Chemical X","Self Repair","Conserve Battery+1","Leap+1","Frozen Egg 2","Lee\u0027s Waffle","Centennial Puzzle","Heatsinks+1","Stack+1"],"campfire_rested":2,"item_purchase_floors":[20,29,45,45,45,45,45,45,47],"current_hp_per_floor":[82,60,58,80,80,80,76,76,76,76,68,51,51,48,48,48,79,61,61,61,38,38,38,35,53,53,43,43,43,29,57,57,59,61,62,26,26,58,58,58,17,28,28,46,66,66,66,65,65,14],"gold":25,"neow_bonus":"TWENTY_PERCENT_HP_BONUS","is_prod":false,"is_daily":false,"chose_seed":false,"campfire_upgraded":6,"win_rate":0,"timestamp":1566988669,"path_taken":["M","?","M","?","M","R","M","?","T","?","M","E","?","?","R","BOSS","M","?","$","M","?","R","M","R","T","M","?","$","M","M","R","BOSS","M","M","?","?","?","R","M","?","T","R","$","M","?","M","R","BOSS"],"build_version":"2019-07-17","purchased_purges":1,"victory":true,"max_hp_per_floor":[89,89,89,89,89,89,89,89,89,89,89,89,89,89,89,89,89,89,89,89,89,62,62,62,62,62,62,62,62,62,62,62,62,62,62,62,62,62,62,62,62,62,62,62,66,66,66,66,66,66],"card_choices":[{"not_picked":["Steam","Conserve Battery"],"picked":"Ball Lightning","floor":1},{"not_picked":["Redo","Doom and Gloom"],"picked":"Ball Lightning","floor":3},{"not_picked":["Stack","Barrage"],"picked":"Conserve Battery","floor":5},{"not_picked":["Gash","Blizzard"],"picked":"Steam","floor":7},{"not_picked":["Ball Lightning","Go for the Eyes"],"picked":"Loop","floor":10},{"not_picked":["Hello World","Reboot"],"picked":"Go for the Eyes","floor":11},{"not_picked":["Skim","Force Field"],"picked":"Genetic Algorithm","floor":12},{"not_picked":["Rainbow+1","Amplify+1"],"picked":"Echo Form","floor":16},{"not_picked":["Beam Cell","Fusion+1"],"picked":"White Noise+1","floor":18},{"not_picked":["Go for the Eyes","Blizzard"],"picked":"Loop+1","floor":21},{"not_picked":["Compile Driver+1","Reboot+1"],"picked":"Go for the Eyes+1","floor":24},{"not_picked":["Redo+1","Steam Power+1"],"picked":"Undo+1","floor":27},{"not_picked":["Coolheaded+1","Cold Snap"],"picked":"Hologram+1","floor":30},{"not_picked":["Barrage","Rebound"],"picked":"Defragment+1","floor":31},{"not_picked":["Hyperbeam","Core Surge"],"picked":"Seek+1","floor":33},{"not_picked":["Undo+1","Gash+1","Turbo+1"],"picked":"SKIP","floor":35},{"not_picked":["Steam+1","Genetic Algorithm+1"],"picked":"Sweeping Beam+1","floor":36},{"not_picked":["Beam Cell","Redo+1"],"picked":"Leap+1","floor":38},{"not_picked":["Rebound+1","Reprogram+1"],"picked":"Stack+1","floor":41},{"not_picked":["Gash","Sweeping Beam+1","Rainbow+1"],"picked":"SKIP","floor":42},{"not_picked":["Conserve Battery+1","Redo+1"],"picked":"Loop+1","floor":46},{"not_picked":["Melter","Redo+1","Sweeping Beam+1"],"picked":"SKIP","floor":48}],"player_experience":468078,"relics_obtained":[{"floor":9,"key":"Happy Flower"},{"floor":12,"key":"Cables"},{"floor":13,"key":"Toxic Egg 2"},{"floor":26,"key":"Bottled Lightning"},{"floor":28,"key":"Bottled Flame"},{"floor":38,"key":"Torii"},{"floor":39,"key":"Orichalcum"},{"floor":43,"key":"Ornamental Fan"}],"event_choices":[{"damage_healed":0,"gold_gain":0,"player_choice":"Take Damage","damage_taken":22,"relics_obtained":["Golden Idol"],"max_hp_gain":0,"max_hp_loss":0,"event_name":"Golden Idol","floor":2,"gold_loss":0},{"damage_healed":22,"gold_gain":0,"player_choice":"Healed","damage_taken":0,"max_hp_gain":0,"max_hp_loss":0,"event_name":"The Cleric","floor":4,"gold_loss":35},{"damage_healed":0,"gold_gain":0,"player_choice":"Upgraded","damage_taken":0,"max_hp_gain":0,"max_hp_loss":0,"event_name":"Upgrade Shrine","floor":8,"gold_loss":0,"cards_upgraded":["Dualcast"]},{"damage_healed":0,"gold_gain":0,"player_choice":"Success","damage_taken":3,"relics_obtained":["Pocketwatch"],"max_hp_gain":0,"max_hp_loss":0,"event_name":"Scrap Ooze","floor":14,"gold_loss":0},{"damage_healed":0,"gold_gain":0,"player_choice":"Read","damage_taken":0,"max_hp_gain":0,"max_hp_loss":0,"event_name":"The Library","floor":19,"gold_loss":0,"cards_obtained":["Defragment"]},{"damage_healed":0,"gold_gain":0,"player_choice":"Became a vampire","damage_taken":0,"max_hp_gain":0,"max_hp_loss":27,"event_name":"Vampires","floor":22,"gold_loss":0,"cards_obtained":["Bite","Bite","Bite","Bite","Bite"]},{"damage_healed":0,"gold_gain":333,"player_choice":"Gave Idol","damage_taken":0,"max_hp_gain":0,"max_hp_loss":0,"event_name":"The Moai Head","floor":37,"relics_lost":["Golden Idol"],"gold_loss":0},{"damage_healed":0,"gold_gain":0,"player_choice":"Fight","damage_taken":0,"max_hp_gain":0,"max_hp_loss":0,"event_name":"MindBloom","floor":38,"gold_loss":0}],"is_beta":false,"boss_relics":[{"not_picked":["FrozenCore","Pandora\u0027s Box"],"picked":"Velvet Choker"},{"not_picked":["Empty Cage","Black Star"],"picked":"Philosopher\u0027s Stone"}],"items_purged_floors":[45],"is_endless":false,"potions_floor_spawned":[3,5,12,16,21,27,35,36],"ascension_level":9}