{"gold_per_floor":[116,136,147,162,175,175,250,250,273,273,273,273,283,233,233,233],"floor_reached":16,"playtime":560,"items_purged":[],"score":129,"play_id":"aa1e1578-377d-4e29-a6bb-5126746190d5","local_time":"20190407210840","is_ascension_mode":true,"campfire_choices":[{"floor":6,"key":"REST"},{"data":"Zap","floor":8,"key":"SMITH"},{"data":"Reinforced Body","floor":10,"key":"SMITH"},{"data":"Conserve Battery","floor":15,"key":"SMITH"}],"neow_cost":"NONE","seed_source_timestamp":247555521715931,"circlet_count":0,"master_deck":["Strike_B","Strike_B","Strike_B","Strike_B","Defend_B","Defend_B","Defend_B","Defend_B","Zap+1","Reinforced Body+1","Conserve Battery+1"],"relics":["Cracked Core","NeowsBlessing","Meat on the Bone"],"potions_floor_usage":[3,16,16,16],"damage_taken":[{"damage":0,"enemies":"Cultist","floor":1,"turns":1},{"damage":0,"enemies":"Jaw Worm","floor":2,"turns":1},{"damage":0,"enemies":"Small Slimes","floor":3,"turns":1},{"damage":12,"enemies":"Exordium Wildlife","floor":4,"turns":9},{"damage":17,"enemies":"Lots of Slimes","floor":5,"turns":6},{"damage":0,"enemies":"Blue Slaver","floor":13,"turns":4},{"damage":64,"enemies":"Slime Boss","floor":16,"turns":14}],"seed_played":"9162209418748593711","potions_obtained":[{"floor":1,"key":"SteroidPotion"},{"floor":3,"key":"Fruit Juice"},{"floor":4,"key":"Strength Potion"},{"floor":13,"key":"Dexterity Potion"}],"is_trial":false,"path_per_floor":["M","M","M","M","M","R","?","R","T","R","?","T","M","?","R","B"],"character_chosen":"DEFECT","items_purchased":[],"campfire_rested":1,"item_purchase_floors":[],"current_hp_per_floor":[68,68,73,61,44,68,57,57,57,57,62,62,62,62,62,0],"gold":233,"neow_bonus":"THREE_ENEMY_KILL","is_prod":false,"is_daily":false,"chose_seed":false,"campfire_upgraded":3,"win_rate":0,"timestamp":1554689320,"path_taken":["M","?","M","M","M","R","?","R","T","R","?","?","M","?","R","BOSS"],"build_version":"2019-01-23","purchased_purges":0,"victory":false,"max_hp_per_floor":[75,75,80,80,80,80,80,80,80,80,85,85,85,85,85,85],"card_choices":[{"not_picked":["Beam Cell","Redo"],"picked":"Reinforced Body","floor":1},{"not_picked":["Ball Lightning","Chaos","Hologram"],"picked":"SKIP","floor":2},{"not_picked":["Double Energy","Go for the Eyes","Consume"],"picked":"SKIP","floor":3},{"not_picked":["Stack","Beam Cell"],"picked":"Conserve Battery","floor":4},{"not_picked":["Heatsinks","Leap","Aggregate"],"picked":"SKIP","floor":5},{"not_picked":["Beam Cell","Steam","Gash"],"picked":"SKIP","floor":13}],"player_experience":1812790,"relics_obtained":[{"floor":12,"key":"Meat on the Bone"}],"event_choices":[{"damage_healed":0,"gold_gain":75,"player_choice":"Gather Gold","damage_taken":11,"max_hp_gain":0,"max_hp_loss":0,"event_name":"World of Goop","floor":7,"gold_loss":0},{"damage_healed":0,"gold_gain":0,"player_choice":"Donut","damage_taken":0,"max_hp_gain":5,"max_hp_loss":0,"event_name":"Big Fish","floor":11,"gold_loss":0},{"cards_removed":["Dualcast"],"damage_healed":0,"gold_gain":0,"player_choice":"Card Removal","damage_taken":0,"max_hp_gain":0,"max_hp_loss":0,"event_name":"The Cleric","floor":14,"gold_loss":50}],"is_beta":false,"boss_relics":[],"items_purged_floors":[],"is_endless":false,"potions_floor_spawned":[1,3,4,13],"killed_by":"Slime Boss","ascension_level":8}