{"gold_per_floor":[119,119,129,142,142,155,169,169,169,181,181,32,32,45,45,142,142,159,159,159,178,178,178,195,195,195,205,155,155],"floor_reached":29,"playtime":1208,"items_purged":["Strike_B"],"score":304,"play_id":"754049de-2700-4909-b89d-3dce84257f34","local_time":"20190430204252","is_ascension_mode":true,"campfire_choices":[{"floor":11,"key":"REST"},{"floor":15,"key":"REST"},{"floor":23,"key":"REST"},{"floor":25,"key":"REST"}],"neow_cost":"NONE","seed_source_timestamp":1789726065473933,"circlet_count":0,"master_deck":["Strike_B","Defend_B","Defend_B","Defend_B","Defend_B+1","Zap+1","Defragment","Reinforced Body","Defragment","Buffer","BootSequence","Defragment"],"relics":["Cracked Core","Bag of Preparation","Happy Flower","Sozu","Nloth\u0027s Gift","Turnip"],"potions_floor_usage":[14,16],"damage_taken":[{"damage":1,"enemies":"2 Louse","floor":1,"turns":4},{"damage":16,"enemies":"Small Slimes","floor":3,"turns":7},{"damage":5,"enemies":"Cultist","floor":4,"turns":4},{"damage":5,"enemies":"Looter","floor":6,"turns":5},{"damage":0,"enemies":"Blue Slaver","floor":7,"turns":6},{"damage":28,"enemies":"3 Louse","floor":10,"turns":6},{"damage":0,"enemies":"Gremlin Gang","floor":14,"turns":1},{"damage":19,"enemies":"Hexaghost","floor":16,"turns":15},{"damage":20,"enemies":"3 Byrds","floor":18,"turns":6},{"damage":12,"enemies":"Shell Parasite","floor":21,"turns":8},{"damage":37,"enemies":"Chosen and Byrds","floor":24,"turns":8},{"damage":0,"enemies":"Snake Plant","floor":27,"turns":6},{"damage":41,"enemies":"Cultist and Chosen","floor":29,"turns":6}],"seed_played":"7493843694125394799","potions_obtained":[{"floor":1,"key":"Energy Potion"},{"floor":4,"key":"AttackPotion"},{"floor":14,"key":"SkillPotion"},{"floor":16,"key":"SkillPotion"}],"is_trial":false,"path_per_floor":["M","?","M","M","?","M","M","?","T","M","R","$","?","M","R","B",null,"M","?","?","M","?","R","M","R","T","M","?","M"],"character_chosen":"DEFECT","items_purchased":["Defragment"],"campfire_rested":4,"item_purchase_floors":[12],"current_hp_per_floor":[67,60,44,39,39,34,34,34,34,6,28,28,13,13,35,16,60,40,40,40,28,28,50,13,35,35,35,35,0],"gold":155,"neow_bonus":"RANDOM_COMMON_RELIC","is_prod":false,"is_daily":false,"chose_seed":false,"campfire_upgraded":0,"win_rate":0,"timestamp":1556674972,"path_taken":["M","?","M","M","?","?","M","?","T","M","R","$","?","M","R","BOSS","M","?","?","?","?","R","M","R","T","?","?","M"],"build_version":"2019-01-23","purchased_purges":1,"victory":false,"max_hp_per_floor":[75,75,75,75,75,75,75,75,75,75,75,75,75,75,75,75,75,75,75,75,75,75,75,75,75,75,75,75,75],"card_choices":[{"not_picked":["Consume","Auto Shields"],"picked":"Defragment","floor":1},{"not_picked":["Ball Lightning","Auto Shields","Gash"],"picked":"SKIP","floor":3},{"not_picked":["Coolheaded","Rebound","Hello World"],"picked":"SKIP","floor":4},{"not_picked":["Melter","Hello World"],"picked":"Reinforced Body","floor":6},{"not_picked":["Recycle","Double Energy","Go for the Eyes"],"picked":"SKIP","floor":7},{"not_picked":["Double Energy","Stack","Ball Lightning"],"picked":"SKIP","floor":10},{"not_picked":["Beam Cell","Gash","Hyperbeam"],"picked":"SKIP","floor":14},{"not_picked":["Machine Learning","Thunder Strike"],"picked":"Buffer","floor":16},{"not_picked":["Coolheaded","Streamline+1","Gash"],"picked":"SKIP","floor":18},{"not_picked":["Turbo","Streamline","Ball Lightning"],"picked":"SKIP","floor":21},{"not_picked":["Turbo+1","Tempest+1"],"picked":"BootSequence","floor":24},{"not_picked":["Rebound","Sweeping Beam"],"picked":"Defragment","floor":27}],"player_experience":1887806,"relics_obtained":[{"floor":9,"key":"Happy Flower"},{"floor":26,"key":"Turnip"}],"event_choices":[{"cards_removed":["Dualcast"],"damage_healed":0,"gold_gain":0,"player_choice":"Card Removal","damage_taken":7,"max_hp_gain":0,"max_hp_loss":0,"event_name":"Golden Wing","floor":2,"gold_loss":0},{"damage_healed":0,"gold_gain":0,"player_choice":"Gave Potion","damage_taken":0,"relics_obtained":["Orichalcum"],"max_hp_gain":0,"max_hp_loss":0,"event_name":"WeMeetAgain","floor":5,"gold_loss":0},{"cards_removed":["Strike_B"],"damage_healed":0,"gold_gain":0,"player_choice":"Forget","damage_taken":0,"max_hp_gain":0,"max_hp_loss":0,"event_name":"Living Wall","floor":8,"gold_loss":0},{"damage_healed":0,"gold_gain":0,"player_choice":"Entered Light","damage_taken":15,"max_hp_gain":0,"max_hp_loss":0,"event_name":"Shining Light","floor":13,"gold_loss":0,"cards_upgraded":["Defend_B","Zap"]},{"damage_healed":0,"gold_gain":0,"player_choice":"Ignored","damage_taken":0,"max_hp_gain":0,"max_hp_loss":0,"event_name":"Vampires","floor":19,"gold_loss":0},{"damage_healed":0,"gold_gain":0,"player_choice":"Traded Relic","damage_taken":0,"relics_obtained":["Nloth\u0027s Gift"],"max_hp_gain":0,"max_hp_loss":0,"event_name":"N\u0027loth","floor":20,"relics_lost":["Orichalcum"],"gold_loss":0},{"cards_removed":["Strike_B"],"damage_healed":0,"gold_gain":0,"player_choice":"Offered Basic","damage_taken":0,"max_hp_gain":0,"max_hp_loss":0,"event_name":"Bonfire Elementals","floor":22,"gold_loss":0},{"damage_healed":0,"gold_gain":0,"player_choice":"Bet on Owner","damage_taken":0,"max_hp_gain":0,"max_hp_loss":0,"event_name":"The Joust","floor":28,"gold_loss":50}],"is_beta":false,"boss_relics":[{"not_picked":["Busted Crown","Fusion Hammer"],"picked":"Sozu"}],"items_purged_floors":[12],"is_endless":false,"potions_floor_spawned":[1,4,14,16,18,24],"killed_by":"Cultist and Chosen","ascension_level":8}