{"gold_per_floor":[364,364,364,375,389,389,406,406,483,500,500,520,219,42,42,139,139,111,126,126,138,157,157,171,183,183,183,199,114,114,74,74,178,178,193,210,210,310,323,323],"floor_reached":40,"playtime":2332,"items_purged":["Pain","Strike_B"],"score":516,"play_id":"d7efce77-9ae2-497f-8056-29e368c8ef35","local_time":"20190302134812","is_ascension_mode":true,"campfire_choices":[{"floor":6,"key":"REST"},{"floor":8,"key":"REST"},{"floor":15,"key":"REST"},{"floor":23,"key":"RECALL"},{"floor":27,"key":"REST"},{"floor":32,"key":"REST"}],"neow_cost":"CURSE","seed_source_timestamp":1522842972675335,"circlet_count":0,"master_deck":["Strike_B","Strike_B","Strike_B","Defend_B","Defend_B+1","Defend_B+1","Defend_B","Zap","Dualcast","Undo","Conserve Battery","FTL","Self Repair","Core Surge","Tempest+1","BootSequence","Conserve Battery+1","Echo Form","Streamline+1","Self Repair","Multi-Cast","Parasite"],"relics":["Bronze Scales","Mummified Hand","DataDisk","Fusion Hammer","Nloth\u0027s Gift","Letter Opener","Pantograph","Cursed Key","Girya"],"potions_floor_usage":[16,16,16,33,33,40,40,40],"damage_taken":[{"damage":7,"enemies":"Small Slimes","floor":1,"turns":4},{"damage":3,"enemies":"Jaw Worm","floor":4,"turns":4},{"damage":5,"enemies":"Cultist","floor":5,"turns":4},{"damage":15,"enemies":"Large Slime","floor":7,"turns":8},{"damage":8,"enemies":"2 Fungi Beasts","floor":10,"turns":4},{"damage":6,"enemies":"Exordium Wildlife","floor":12,"turns":5},{"damage":26,"enemies":"Slime Boss","floor":16,"turns":14},{"damage":14,"enemies":"2 Thieves","floor":18,"turns":5},{"damage":0,"enemies":"Spheric Guardian","floor":19,"turns":4},{"damage":22,"enemies":"Snake Plant","floor":21,"turns":6},{"damage":5,"enemies":"Snecko","floor":22,"turns":5},{"damage":26,"enemies":"Centurion and Healer","floor":24,"turns":9},{"damage":25,"enemies":"Snake Plant","floor":25,"turns":3},{"damage":0,"enemies":"Chosen and Byrds","floor":28,"turns":6},{"damage":73,"enemies":"Collector","floor":33,"turns":10},{"damage":41,"enemies":"3 Darklings","floor":35,"turns":3},{"damage":17,"enemies":"Orb Walker","floor":36,"turns":4},{"damage":31,"enemies":"Mind Bloom Boss Battle","floor":38,"turns":6},{"damage":14,"enemies":"Writhing Mass","floor":39,"turns":6},{"damage":36,"enemies":"Giant Head","floor":40,"turns":8}],"seed_played":"6646774358223842409","potions_obtained":[{"floor":4,"key":"SkillPotion"},{"floor":7,"key":"Poison Potion"},{"floor":10,"key":"Explosive Potion"},{"floor":19,"key":"SteroidPotion"},{"floor":22,"key":"EssenceOfSteel"},{"floor":25,"key":"GamblersBrew"},{"floor":33,"key":"EssenceOfSteel"},{"floor":35,"key":"Dexterity Potion"},{"floor":36,"key":"GamblersBrew"}],"is_trial":false,"path_per_floor":["M","?","?","M","M","R","M","R","T","M","?","M","$","$","R","B",null,"M","M","?","M","M","R","M","M","T","R","M","?","?","$","R","B",null,"M","M","?","?","M","E"],"character_chosen":"DEFECT","items_purchased":["DataDisk","FTL","Self Repair","Self Repair"],"campfire_rested":5,"item_purchase_floors":[13,13,14,31],"current_hp_per_floor":[61,46,34,31,26,48,33,55,55,47,52,46,46,46,70,51,73,66,73,73,58,60,60,41,23,23,47,54,54,39,39,64,26,70,29,26,26,34,34,0],"gold":323,"neow_bonus":"TWO_FIFTY_GOLD","is_prod":false,"is_daily":false,"chose_seed":false,"campfire_upgraded":0,"win_rate":0,"timestamp":1551556092,"path_taken":["M","?","?","M","M","R","M","R","T","M","?","M","?","$","R","BOSS","M","M","?","M","M","R","M","M","T","R","?","?","?","?","R","BOSS","M","M","?","?","M","E"],"build_version":"2019-01-23","purchased_purges":2,"victory":false,"max_hp_per_floor":[75,75,75,75,75,75,75,75,75,75,80,80,80,80,80,80,80,80,80,80,80,80,80,80,80,80,80,80,80,85,85,85,85,85,85,85,85,85,85,85],"card_choices":[{"not_picked":["Gash","Storm","Redo"],"picked":"SKIP","floor":1},{"not_picked":["Sweeping Beam","Recycle","Gash"],"picked":"SKIP","floor":4},{"not_picked":["Gash","Static Discharge"],"picked":"Undo","floor":5},{"not_picked":["Stack","Beam Cell"],"picked":"Conserve Battery","floor":7},{"not_picked":["Cold Snap","Coolheaded","Stack"],"picked":"SKIP","floor":10},{"not_picked":["Recycle","Ball Lightning","Turbo"],"picked":"SKIP","floor":12},{"not_picked":["Biased Cognition","Amplify"],"picked":"Core Surge","floor":16},{"not_picked":["Hologram","Sweeping Beam+1","Redo+1"],"picked":"SKIP","floor":18},{"not_picked":["Compile Driver","Stack+1","White Noise"],"picked":"SKIP","floor":19},{"not_picked":["Reprogram","Steam"],"picked":"Tempest+1","floor":21},{"not_picked":["Cold Snap","Double Energy"],"picked":"BootSequence","floor":22},{"not_picked":["Sunder","Rebound"],"picked":"Conserve Battery+1","floor":24},{"not_picked":["Compile Driver","Melter"],"picked":"Echo Form","floor":25},{"not_picked":["Double Energy","Redo"],"picked":"Streamline+1","floor":28},{"not_picked":["Buffer","Hyperbeam"],"picked":"Multi-Cast","floor":33},{"not_picked":["Static Discharge","Rebound","Compile Driver"],"picked":"SKIP","floor":35},{"not_picked":["Steam+1","Gash","Leap"],"picked":"SKIP","floor":36},{"not_picked":["Lockon","Ball Lightning","Turbo"],"picked":"SKIP","floor":39}],"player_experience":1542955,"relics_obtained":[{"floor":9,"key":"Mummified Hand"},{"floor":26,"key":"Letter Opener"},{"floor":38,"key":"Girya"}],"event_choices":[{"damage_healed":0,"gold_gain":0,"player_choice":"Entered Light","damage_taken":15,"max_hp_gain":0,"max_hp_loss":0,"event_name":"Shining Light","floor":2,"gold_loss":0,"cards_upgraded":["Defend_B","Defend_B"]},{"damage_healed":0,"gold_gain":0,"player_choice":"Success","damage_taken":12,"relics_obtained":["Bronze Scales"],"max_hp_gain":0,"max_hp_loss":0,"event_name":"Scrap Ooze","floor":3,"gold_loss":0},{"damage_healed":0,"gold_gain":0,"player_choice":"Donut","damage_taken":0,"max_hp_gain":5,"max_hp_loss":0,"event_name":"Big Fish","floor":11,"gold_loss":0},{"damage_healed":0,"gold_gain":0,"player_choice":"Traded Relic","damage_taken":0,"relics_obtained":["Nloth\u0027s Gift"],"max_hp_gain":0,"max_hp_loss":0,"event_name":"N\u0027loth","floor":20,"relics_lost":["Cracked Core"],"gold_loss":0},{"damage_healed":0,"gold_gain":0,"player_choice":"Obtained Relic","damage_taken":0,"relics_obtained":["Pantograph"],"max_hp_gain":0,"max_hp_loss":0,"event_name":"Addict","floor":29,"gold_loss":85},{"damage_healed":0,"gold_gain":0,"player_choice":"Shed Blood","damage_taken":20,"max_hp_gain":5,"max_hp_loss":0,"event_name":"Forgotten Altar","floor":30,"gold_loss":0},{"damage_healed":0,"gold_gain":0,"player_choice":"Ignored","damage_taken":0,"max_hp_gain":0,"max_hp_loss":0,"event_name":"Tomb of Lord Red Mask","floor":37,"gold_loss":0},{"damage_healed":0,"gold_gain":0,"player_choice":"Fight","damage_taken":0,"max_hp_gain":0,"max_hp_loss":0,"event_name":"MindBloom","floor":38,"gold_loss":0}],"is_beta":false,"boss_relics":[{"not_picked":["Pandora\u0027s Box","Orrery"],"picked":"Fusion Hammer"},{"not_picked":["Runic Dome","Nuclear Battery"],"picked":"Cursed Key"}],"items_purged_floors":[13,14],"is_endless":false,"potions_floor_spawned":[4,7,10,19,22,25,33,35,36],"killed_by":"Giant Head","ascension_level":7}