{"gold_per_floor":[111,286,304,304,24,60,74,74,74,109,109,129,129,153,153,272,272,292,12,28,28,53,53,53],"floor_reached":24,"playtime":1531,"items_purged":["Doubt"],"score":288,"play_id":"d9f7ae42-c867-444c-9670-43e23a73abd4","local_time":"20190828004506","is_ascension_mode":true,"campfire_choices":[{"data":"Uppercut","floor":8,"key":"SMITH"},{"data":"Pommel Strike","floor":11,"key":"SMITH"},{"data":"Body Slam","floor":13,"key":"SMITH"},{"data":"Armaments","floor":15,"key":"SMITH"},{"data":"Apotheosis","floor":23,"key":"SMITH"}],"neow_cost":"NONE","seed_source_timestamp":701482256068800,"circlet_count":0,"master_deck":["Strike_R","Strike_R","Strike_R","Strike_R","Strike_R","Defend_R","Defend_R","Defend_R","Defend_R","Bash+1","Pommel Strike+1","Uppercut+1","Evolve","Hemokinesis","Iron Wave","Blood for Blood","Dropkick","Body Slam+1","Armaments+1","Barricade","Flame Barrier","Apotheosis+1","Shockwave","Inflame","True Grit+1","Iron Wave+1"],"relics":["Black Blood","Golden Idol","Shuriken","Vajra","Kunai","GremlinMask"],"potions_floor_usage":[6,6,6,12,16,24],"damage_taken":[{"damage":1,"enemies":"Cultist","floor":1,"turns":4},{"damage":11,"enemies":"2 Louse","floor":3,"turns":3},{"damage":23,"enemies":"3 Sentries","floor":6,"turns":8},{"damage":4,"enemies":"Jaw Worm","floor":7,"turns":4},{"damage":20,"enemies":"Lagavulin","floor":10,"turns":7},{"damage":3,"enemies":"Large Slime","floor":12,"turns":1},{"damage":20,"enemies":"Gremlin Gang","floor":14,"turns":4},{"damage":3,"enemies":"Hexaghost","floor":16,"turns":7},{"damage":33,"enemies":"2 Thieves","floor":18,"turns":4},{"damage":10,"enemies":"Chosen","floor":20,"turns":5},{"damage":25,"enemies":"Snake Plant","floor":22,"turns":4},{"damage":32,"enemies":"Slavers","floor":24,"turns":2}],"seed_played":"2419236814640410713","potions_obtained":[{"floor":3,"key":"Poison Potion"},{"floor":7,"key":"AttackPotion"},{"floor":12,"key":"PowerPotion"},{"floor":16,"key":"SteroidPotion"},{"floor":18,"key":"Regen Potion"}],"is_trial":false,"path_per_floor":["M","?","M","?","$","E","M","R","T","E","R","M","R","M","R","B",null,"M","$","M","?","M","R","E"],"character_chosen":"IRONCLAD","items_purchased":["Evolve","Hemokinesis","Weak Potion","SteroidPotion","Apotheosis","Shockwave","Inflame"],"campfire_rested":0,"item_purchase_floors":[5,5,5,5,19,19,19],"current_hp_per_floor":[77,77,72,52,52,35,37,37,37,23,23,26,26,12,12,15,64,41,41,41,41,26,26,0],"gold":53,"neow_bonus":"UPGRADE_CARD","is_prod":false,"is_daily":false,"chose_seed":false,"campfire_upgraded":5,"win_rate":0,"timestamp":1566920706,"path_taken":["M","?","M","?","$","E","M","R","T","E","R","M","R","?","R","BOSS","M","$","M","?","M","R","E"],"build_version":"2019-07-17","purchased_purges":1,"victory":false,"max_hp_per_floor":[80,80,80,80,80,80,80,80,80,80,80,80,80,80,80,80,80,80,80,80,80,80,80,80],"card_choices":[{"not_picked":["Perfected Strike","Twin Strike"],"picked":"Pommel Strike","floor":1},{"not_picked":["Thunderclap","Whirlwind"],"picked":"Uppercut","floor":3},{"not_picked":["Clash","Shockwave"],"picked":"Iron Wave","floor":6},{"not_picked":["Pummel","Entrench"],"picked":"Blood for Blood","floor":7},{"not_picked":["Warcry","Flex"],"picked":"Dropkick","floor":10},{"not_picked":["True Grit","Pummel"],"picked":"Body Slam","floor":12},{"not_picked":["Body Slam","Dropkick"],"picked":"Armaments","floor":14},{"not_picked":["Fiend Fire","Demon Form"],"picked":"Barricade","floor":16},{"not_picked":["Blood for Blood","Pommel Strike+1"],"picked":"Flame Barrier","floor":18},{"not_picked":["Metallicize+1","Sentinel"],"picked":"True Grit+1","floor":20},{"not_picked":["Heavy Blade","Combust"],"picked":"Iron Wave+1","floor":22}],"player_experience":445636,"relics_obtained":[{"floor":6,"key":"Shuriken"},{"floor":9,"key":"Vajra"},{"floor":10,"key":"Kunai"}],"event_choices":[{"damage_healed":0,"gold_gain":175,"player_choice":"AGREE","damage_taken":0,"max_hp_gain":0,"max_hp_loss":0,"event_name":"Liars Game","floor":2,"gold_loss":0,"cards_obtained":["Doubt"]},{"damage_healed":0,"gold_gain":0,"player_choice":"Take Damage","damage_taken":20,"relics_obtained":["Golden Idol"],"max_hp_gain":0,"max_hp_loss":0,"event_name":"Golden Idol","floor":4,"gold_loss":0},{"damage_healed":0,"gold_gain":0,"player_choice":"Trade","damage_taken":0,"relics_obtained":["GremlinMask"],"max_hp_gain":0,"max_hp_loss":0,"event_name":"FaceTrader","floor":21,"gold_loss":0}],"is_beta":false,"boss_relics":[{"not_picked":["Runic Cube","Eternal Feather"],"picked":"Black Blood"}],"items_purged_floors":[5],"is_endless":false,"potions_floor_spawned":[3,7,12,16,18],"killed_by":"Slavers","ascension_level":8}