{"gold_per_floor":[116,116,131,148,161,161,175,27,52,52,52,52,82,82,82,184,184,166,193,207,30,45,45,45,45,91,91,91,110,136,136,136,136],"floor_reached":33,"playtime":1771,"items_purged":["Pain","Strike_R"],"score":276,"play_id":"8d2af9cd-d9e5-4cc2-9df7-ed0b5130151a","local_time":"20181111010513","is_ascension_mode":true,"campfire_choices":[{"floor":6,"key":"REST"},{"floor":10,"key":"REST"},{"floor":15,"key":"REST"},{"floor":24,"key":"REST"},{"floor":32,"key":"REST"}],"neow_cost":"NONE","seed_source_timestamp":2769692944630840,"circlet_count":0,"master_deck":["Strike_R","Strike_R","Strike_R","Strike_R","Defend_R","Defend_R","Defend_R","Defend_R","Bash","Flame Barrier","Inflame","Impervious","Reaper","Whirlwind","Inflame","Battle Trance","Uppercut"],"relics":["Runic Cube","WarpedTongs","Juzu Bracelet","Lantern","Thread and Needle","Potion Belt","Black Star","Red Mask","Bag of Marbles","Ginger","FossilizedHelix"],"potions_floor_usage":[16,16,16,22,30,30],"damage_taken":[{"damage":12,"enemies":"Cultist","floor":1,"turns":5},{"damage":5,"enemies":"Small Slimes","floor":3,"turns":3},{"damage":9,"enemies":"Jaw Worm","floor":4,"turns":4},{"damage":22,"enemies":"3 Louse","floor":5,"turns":6},{"damage":10,"enemies":"2 Fungi Beasts","floor":7,"turns":5},{"damage":12,"enemies":"Lagavulin","floor":13,"turns":8},{"damage":49,"enemies":"Slime Boss","floor":16,"turns":17},{"damage":8,"enemies":"2 Thieves","floor":18,"turns":4},{"damage":56,"enemies":"Masked Bandits","floor":19,"turns":9},{"damage":11,"enemies":"3 Byrds","floor":20,"turns":3},{"damage":12,"enemies":"Cultist and Chosen","floor":22,"turns":8},{"damage":19,"enemies":"Sentry and Sphere","floor":29,"turns":7},{"damage":55,"enemies":"Gremlin Leader","floor":30,"turns":8},{"damage":54,"enemies":"Automaton","floor":33,"turns":6}],"seed_played":"1316196783706304519","potions_obtained":[{"floor":1,"key":"Energy Potion"},{"floor":3,"key":"Poison Potion"},{"floor":7,"key":"Fire Potion"},{"floor":16,"key":"Dexterity Potion"},{"floor":20,"key":"SteroidPotion"},{"floor":22,"key":"SteroidPotion"}],"is_trial":false,"path_per_floor":["M","?","M","M","M","R","M","$","T","R","?","T","E","?","R","B",null,"M","?","M","$","M","?","R","$","T","?","$","M","E","?","R","B"],"character_chosen":"IRONCLAD","items_purchased":["Inflame","Inflame"],"campfire_rested":5,"item_purchase_floors":[8,21],"current_hp_per_floor":[68,68,63,54,32,56,46,46,46,70,52,52,40,45,70,21,85,84,33,32,32,20,20,45,45,45,45,45,26,1,1,26,0],"gold":136,"neow_bonus":"BOSS_RELIC","is_prod":false,"is_daily":false,"chose_seed":false,"campfire_upgraded":0,"win_rate":0,"timestamp":1541919913,"path_taken":["M","?","?","?","M","R","M","$","T","R","?","?","E","?","R","BOSS","M","?","M","$","M","?","R","$","T","?","$","M","E","?","R","BOSS"],"build_version":"2018-11-08","purchased_purges":2,"victory":false,"max_hp_per_floor":[80,80,80,80,80,80,80,80,80,80,80,80,80,85,85,85,85,85,85,85,85,85,85,85,85,85,85,85,85,85,85,85,85],"card_choices":[{"not_picked":["Sever Soul","Power Through","Cleave"],"picked":"SKIP","floor":1},{"not_picked":["Wild Strike","Spot Weakness","Armaments"],"picked":"SKIP","floor":3},{"not_picked":["Armaments","Heavy Blade"],"picked":"Flame Barrier","floor":4},{"not_picked":["Thunderclap","Flex","Perfected Strike"],"picked":"SKIP","floor":5},{"not_picked":["Rampage","Ghostly Armor","Blood for Blood"],"picked":"SKIP","floor":7},{"not_picked":["Shrug It Off","Havoc"],"picked":"Impervious","floor":13},{"not_picked":["Barricade","Impervious"],"picked":"Reaper","floor":16},{"not_picked":["Thunderclap","Pommel Strike","Cleave"],"picked":"SKIP","floor":18},{"not_picked":["Corruption","Wild Strike+1"],"picked":"Whirlwind","floor":20},{"not_picked":["Sword Boomerang","Armaments"],"picked":"Battle Trance","floor":22},{"not_picked":["Rupture","Intimidate","Cleave"],"picked":"SKIP","floor":29},{"not_picked":["Wild Strike","Inflame"],"picked":"Uppercut","floor":30}],"player_experience":101429,"relics_obtained":[{"floor":9,"key":"Juzu Bracelet"},{"floor":12,"key":"Thread and Needle"},{"floor":13,"key":"Potion Belt"},{"floor":19,"key":"Red Mask"},{"floor":26,"key":"Bag of Marbles"},{"floor":30,"key":"Ginger"},{"floor":30,"key":"FossilizedHelix"}],"event_choices":[{"damage_healed":0,"gold_gain":0,"player_choice":"Rummage","damage_taken":0,"relics_obtained":["WarpedTongs"],"max_hp_gain":0,"max_hp_loss":0,"event_name":"Accursed Blacksmith","floor":2,"gold_loss":0,"cards_obtained":["Pain"]},{"damage_healed":0,"gold_gain":0,"player_choice":"Success","damage_taken":18,"relics_obtained":["Lantern"],"max_hp_gain":0,"max_hp_loss":0,"event_name":"Scrap Ooze","floor":11,"gold_loss":0},{"damage_healed":0,"gold_gain":0,"player_choice":"Donut","damage_taken":0,"max_hp_gain":5,"max_hp_loss":0,"event_name":"Big Fish","floor":14,"gold_loss":0},{"damage_healed":0,"gold_gain":0,"player_choice":"Fought Bandits","damage_taken":0,"max_hp_gain":0,"max_hp_loss":0,"event_name":"Masked Bandits","floor":19,"gold_loss":0},{"damage_healed":0,"gold_gain":0,"player_choice":"Ignored","damage_taken":0,"max_hp_gain":0,"max_hp_loss":0,"event_name":"Transmorgrifier","floor":23,"gold_loss":0},{"damage_healed":0,"gold_gain":0,"player_choice":"Cursed","damage_taken":0,"max_hp_gain":0,"max_hp_loss":0,"event_name":"Wheel of Change","floor":27,"gold_loss":0,"cards_obtained":["Decay"]},{"cards_removed":["Decay"],"damage_healed":0,"gold_gain":0,"player_choice":"Removed Curses","damage_taken":0,"max_hp_gain":0,"max_hp_loss":0,"event_name":"Fountain of Cleansing","floor":31,"gold_loss":0}],"is_beta":false,"boss_relics":[{"not_picked":["Snecko Eye","Runic Dome"],"picked":"Black Star"}],"items_purged_floors":[8,21],"is_endless":false,"potions_floor_spawned":[1,3,7,16,20,22],"killed_by":"Automaton","ascension_level":1}