{"gold_per_floor":[212,212,237,255,158,158,201,201,201,224,249,249,249,79,79,203,203,221,242,96,96,96],"floor_reached":22,"playtime":1504,"items_purged":["Strike_G"],"score":242,"play_id":"2b0b3aba-156f-464b-9f9f-b17b41c051de","local_time":"20190827000516","is_ascension_mode":true,"campfire_choices":[{"data":"Deadly Poison","floor":6,"key":"SMITH"},{"floor":8,"key":"REST"},{"data":"Neutralize","floor":13,"key":"SMITH"},{"data":"Crippling Poison","floor":15,"key":"SMITH"}],"neow_cost":"NONE","seed_source_timestamp":612718568548300,"circlet_count":0,"master_deck":["Survivor","Neutralize+1","Dagger Spray","Crippling Poison+1","Deflect","Deadly Poison+1","Corpse Explosion","PiercingWail","Catalyst","Envenom","Dark Shackles","Wraith Form v2","All Out Attack","Finisher","Noxious Fumes","Storm of Steel","Riddle With Holes","Backflip","Noxious Fumes","Burst","Backflip"],"relics":["Ring of the Snake","Golden Idol","Ornamental Fan","Bag of Marbles","Pandora\u0027s Box","Lantern"],"potions_floor_usage":[7,7,16,16,21],"damage_taken":[{"damage":3,"enemies":"Jaw Worm","floor":1,"turns":6},{"damage":4,"enemies":"Cultist","floor":3,"turns":5},{"damage":0,"enemies":"Small Slimes","floor":4,"turns":4},{"damage":34,"enemies":"Gremlin Nob","floor":7,"turns":5},{"damage":7,"enemies":"Exordium Thugs","floor":10,"turns":4},{"damage":9,"enemies":"Looter","floor":11,"turns":3},{"damage":16,"enemies":"The Guardian","floor":16,"turns":9},{"damage":27,"enemies":"2 Thieves","floor":18,"turns":4},{"damage":21,"enemies":"Chosen","floor":19,"turns":5},{"damage":0,"enemies":"Sentry and Sphere","floor":21,"turns":2},{"damage":9,"enemies":"Cultist and Chosen","floor":22,"turns":3}],"seed_played":"5971625326198618279","potions_obtained":[{"floor":1,"key":"EssenceOfSteel"},{"floor":3,"key":"SteroidPotion"},{"floor":11,"key":"EssenceOfSteel"},{"floor":16,"key":"SmokeBomb"},{"floor":19,"key":"GamblersBrew"}],"is_trial":false,"path_per_floor":["M","?","M","M","$","R","E","R","T","M","M","?","R","$","R","B",null,"M","M","$","M","M"],"character_chosen":"THE_SILENT","items_purchased":["Deadly Poison","Regen Potion","Dark Shackles","Lantern"],"campfire_rested":1,"item_purchase_floors":[5,5,14,20],"current_hp_per_floor":[60,43,39,39,39,39,17,38,38,31,22,22,22,22,22,6,54,27,6,6,6,0],"gold":96,"neow_bonus":"HUNDRED_GOLD","is_prod":false,"is_daily":false,"chose_seed":false,"campfire_upgraded":3,"win_rate":0,"timestamp":1566831916,"path_taken":["M","?","M","M","$","R","E","R","T","M","M","?","R","$","R","BOSS","M","M","$","M","M"],"build_version":"2019-07-17","purchased_purges":1,"victory":false,"max_hp_per_floor":[70,70,70,70,70,70,70,70,70,70,70,70,70,70,70,70,70,70,70,70,70,70],"card_choices":[{"not_picked":["Riddle With Holes","Outmaneuver"],"picked":"Dagger Spray","floor":1},{"not_picked":["Dagger Spray","Prepared"],"picked":"Crippling Poison","floor":3},{"not_picked":["Underhanded Strike","Sucker Punch"],"picked":"Deflect","floor":4},{"not_picked":["Catalyst","Dagger Spray"],"picked":"Corpse Explosion","floor":7},{"not_picked":["Bane","Dodge and Roll"],"picked":"PiercingWail","floor":10},{"not_picked":["Riddle With Holes","Reflex"],"picked":"Catalyst","floor":11},{"not_picked":["Adrenaline","After Image"],"picked":"Wraith Form v2","floor":16},{"not_picked":["Sucker Punch","Prepared"],"picked":"Backflip","floor":18},{"not_picked":["Bane","Accuracy","Expertise"],"picked":"SKIP","floor":19}],"player_experience":420621,"relics_obtained":[{"floor":7,"key":"Ornamental Fan"},{"floor":9,"key":"Bag of Marbles"}],"event_choices":[{"damage_healed":0,"gold_gain":0,"player_choice":"Take Damage","damage_taken":17,"relics_obtained":["Golden Idol"],"max_hp_gain":0,"max_hp_loss":0,"event_name":"Golden Idol","floor":2,"gold_loss":0},{"damage_healed":0,"gold_gain":0,"cards_transformed":["Strike_G"],"player_choice":"Transformed","damage_taken":0,"max_hp_gain":0,"max_hp_loss":0,"event_name":"Transmorgrifier","floor":12,"gold_loss":0,"cards_obtained":["Envenom"]}],"is_beta":false,"boss_relics":[{"not_picked":["Eternal Feather","Calling Bell"],"picked":"Pandora\u0027s Box"}],"items_purged_floors":[14],"is_endless":false,"potions_floor_spawned":[1,3,11,16,19],"killed_by":"Cultist and Chosen","ascension_level":6}