{"gold_per_floor":[118,118,193,209,209,209,239,239,263,295,309,65,91,107,107,212,212,228,228,215,77,77,93,23,58,83,83],"floor_reached":27,"playtime":1105,"items_purged":["Dualcast","Strike_B"],"score":381,"play_id":"a17d3612-4c54-4a23-90e4-abb0515f5a58","local_time":"20190723074221","is_ascension_mode":true,"campfire_choices":[{"data":"Zap","floor":6,"key":"SMITH"},{"data":"Loop","floor":8,"key":"SMITH"},{"data":"Loop","floor":15,"key":"SMITH"}],"neow_cost":"NONE","seed_source_timestamp":976203631617151,"circlet_count":0,"master_deck":["AscendersBane","Strike_B","Defend_B","Defend_B","Defend_B","Defend_B","Zap+1","Self Repair","Loop+1","FTL","Seek","Cold Snap","All For One","Loop+1","Seek","Conserve Battery","Capacitor","Capacitor","Redo","Electrodynamics","Loop+1","Sunder"],"relics":["Cracked Core","NeowsBlessing","Question Card","Regal Pillow","Art of War","Anchor","Fusion Hammer","Red Mask"],"potions_floor_usage":[10,11,16],"damage_taken":[{"damage":0,"enemies":"2 Louse","floor":1,"turns":1},{"damage":0,"enemies":"Jaw Worm","floor":4,"turns":1},{"damage":0,"enemies":"Lagavulin","floor":7,"turns":1},{"damage":16,"enemies":"Gremlin Nob","floor":10,"turns":3},{"damage":0,"enemies":"Small Slimes","floor":11,"turns":3},{"damage":24,"enemies":"Lagavulin","floor":13,"turns":6},{"damage":0,"enemies":"2 Fungi Beasts","floor":14,"turns":3},{"damage":30,"enemies":"The Guardian","floor":16,"turns":14},{"damage":0,"enemies":"Chosen","floor":18,"turns":4},{"damage":13,"enemies":"2 Thieves","floor":20,"turns":4},{"damage":37,"enemies":"Snecko","floor":23,"turns":5},{"damage":32,"enemies":"Masked Bandits","floor":25,"turns":4},{"damage":17,"enemies":"Snake Plant","floor":27,"turns":2}],"seed_played":"7233591882940078509","potions_obtained":[{"floor":1,"key":"SteroidPotion"},{"floor":4,"key":"SpeedPotion"},{"floor":7,"key":"AttackPotion"},{"floor":11,"key":"Weak Potion"},{"floor":18,"key":"Dexterity Potion"},{"floor":20,"key":"Strength Potion"},{"floor":23,"key":"AttackPotion"}],"is_trial":false,"path_per_floor":["M","?","?","M","?","R","E","R","T","E","M","$","E","M","R","B",null,"M","?","M","$","?","M","$","?","T","M"],"character_chosen":"DEFECT","items_purchased":["Seek","Cold Snap","Capacitor","Sunder"],"campfire_rested":0,"item_purchase_floors":[12,12,21,24],"current_hp_per_floor":[68,73,62,62,62,62,62,62,62,46,53,53,36,43,43,20,65,72,72,66,66,66,36,36,11,11,0],"gold":83,"neow_bonus":"THREE_ENEMY_KILL","is_prod":false,"is_daily":false,"chose_seed":false,"campfire_upgraded":3,"win_rate":0,"timestamp":1563885741,"path_taken":["M","?","?","?","?","R","E","R","T","E","M","$","E","M","R","BOSS","M","?","M","$","?","M","$","?","T","M"],"build_version":"2019-07-17","purchased_purges":2,"victory":false,"max_hp_per_floor":[75,80,80,80,80,80,80,80,80,80,80,80,80,80,80,80,80,80,80,80,80,80,80,80,80,80,80],"card_choices":[{"not_picked":["Skim","Stack"],"picked":"Self Repair","floor":1},{"not_picked":["Stack","Coolheaded","Reinforced Body"],"picked":"SKIP","floor":4},{"not_picked":["Blizzard","Ball Lightning"],"picked":"Loop","floor":7},{"not_picked":["Beam Cell","Undo","Double Energy","Hologram"],"picked":"SKIP","floor":10},{"not_picked":["Reinforced Body","Tempest","Lockon"],"picked":"FTL","floor":11},{"not_picked":["Self Repair","Hello World","Skim"],"picked":"All For One","floor":13},{"not_picked":["Hologram","Go for the Eyes","Sweeping Beam"],"picked":"Loop","floor":14},{"not_picked":["Creative AI","Meteor Strike","Fission"],"picked":"Seek","floor":16},{"not_picked":["Gash","Beam Cell","Leap"],"picked":"Conserve Battery","floor":18},{"not_picked":["Turbo","Gash","Beam Cell"],"picked":"Capacitor","floor":20},{"not_picked":["Blizzard","Barrage","Ball Lightning"],"picked":"Loop+1","floor":23}],"player_experience":2411014,"relics_obtained":[{"floor":7,"key":"Question Card"},{"floor":9,"key":"Regal Pillow"},{"floor":10,"key":"Art of War"},{"floor":13,"key":"Anchor"},{"floor":25,"key":"Red Mask"}],"event_choices":[{"damage_healed":0,"gold_gain":0,"player_choice":"Donut","damage_taken":0,"max_hp_gain":5,"max_hp_loss":0,"event_name":"Big Fish","floor":2,"gold_loss":0},{"damage_healed":0,"gold_gain":75,"player_choice":"Gather Gold","damage_taken":11,"max_hp_gain":0,"max_hp_loss":0,"event_name":"World of Goop","floor":3,"gold_loss":0},{"damage_healed":0,"gold_gain":0,"player_choice":"Ignored","damage_taken":0,"max_hp_gain":0,"max_hp_loss":0,"event_name":"Liars Game","floor":5,"gold_loss":0},{"damage_healed":0,"gold_gain":0,"player_choice":"Ignored","damage_taken":0,"max_hp_gain":0,"max_hp_loss":0,"event_name":"Ghosts","floor":19,"gold_loss":0},{"damage_healed":0,"gold_gain":0,"cards_transformed":["Strike_B","Strike_B"],"player_choice":"Became Test Subject","damage_taken":0,"max_hp_gain":0,"max_hp_loss":0,"event_name":"Drug Dealer","floor":22,"gold_loss":0,"cards_obtained":["Redo","Electrodynamics"]},{"damage_healed":0,"gold_gain":0,"player_choice":"Fought Bandits","damage_taken":0,"max_hp_gain":0,"max_hp_loss":0,"event_name":"Masked Bandits","floor":25,"gold_loss":0}],"is_beta":false,"boss_relics":[{"not_picked":["Calling Bell","Pandora\u0027s Box"],"picked":"Fusion Hammer"}],"items_purged_floors":[12,21],"is_endless":false,"potions_floor_spawned":[1,4,7,11,18,20,23],"killed_by":"Snake Plant","ascension_level":10}