{"gold_per_floor":[368,378,343,343,357,357,382,394,394,394,212,290,290,324,324,324],"floor_reached":16,"playtime":761,"items_purged":[],"score":108,"play_id":"ace24163-9625-4fe4-8a43-283ced41abff","local_time":"20190818185819","is_ascension_mode":false,"campfire_choices":[{"floor":10,"key":"REST"},{"floor":13,"key":"REST"},{"floor":15,"key":"REST"}],"neow_cost":"PERCENT_DAMAGE","seed_source_timestamp":285198998554358,"circlet_count":0,"master_deck":["Strike_B","Strike_B","Strike_B","Strike_B","Defend_B","Defend_B","Defend_B","Defend_B","Zap","Dualcast","Redo","Double Energy+1","Beam Cell","Melter","Loop","Consume"],"relics":["Cracked Core","Pear","Vajra","Ancient Tea Set","Blood Vial","Bag of Preparation"],"potions_floor_usage":[7,7,14,16],"damage_taken":[{"damage":2,"enemies":"2 Louse","floor":1,"turns":3},{"damage":1,"enemies":"Jaw Worm","floor":2,"turns":4},{"damage":2,"enemies":"Small Slimes","floor":5,"turns":3},{"damage":38,"enemies":"3 Sentries","floor":7,"turns":9},{"damage":32,"enemies":"Exordium Wildlife","floor":8,"turns":5},{"damage":21,"enemies":"Lagavulin","floor":14,"turns":5},{"damage":65,"enemies":"Hexaghost","floor":16,"turns":9}],"seed_played":"6245965727905597559","potions_obtained":[{"floor":2,"key":"GamblersBrew"},{"floor":5,"key":"PowerPotion"},{"floor":7,"key":"GamblersBrew"},{"floor":8,"key":"Swift Potion"}],"is_trial":false,"path_per_floor":["M","M","?","T","M","?","E","M","T","R","$","?","R","E","R","B"],"character_chosen":"DEFECT","items_purchased":["Loop","Blood Vial"],"campfire_rested":3,"item_purchase_floors":[11,11],"current_hp_per_floor":[52,51,69,79,77,77,39,7,7,32,32,32,57,38,63,0],"gold":324,"neow_bonus":"TWO_FIFTY_GOLD","is_prod":false,"is_daily":false,"chose_seed":false,"campfire_upgraded":0,"win_rate":0.0,"timestamp":1566169099,"path_taken":["M","M","?","?","M","?","E","?","T","R","$","?","R","E","R","BOSS"],"build_version":"2019-07-17","purchased_purges":0,"victory":false,"max_hp_per_floor":[75,75,75,85,85,85,85,85,85,85,85,85,85,85,85,85],"card_choices":[{"not_picked":["Go for the Eyes","Compile Driver","Hologram"],"picked":"SKIP","floor":1},{"not_picked":["Tempest","Stack"],"picked":"Redo","floor":2},{"not_picked":["Coolheaded","Heatsinks"],"picked":"Double Energy","floor":5},{"not_picked":["Reinforced Body","Hello World"],"picked":"Beam Cell","floor":7},{"not_picked":["Ball Lightning","Cold Snap"],"picked":"Melter","floor":8},{"not_picked":["Barrage","Compile Driver"],"picked":"Consume","floor":14}],"player_experience":124315,"relics_obtained":[{"floor":4,"key":"Pear"},{"floor":7,"key":"Vajra"},{"floor":9,"key":"Ancient Tea Set"},{"floor":14,"key":"Bag of Preparation"}],"event_choices":[{"damage_healed":18,"gold_gain":0,"player_choice":"Healed","damage_taken":0,"max_hp_gain":0,"max_hp_loss":0,"event_name":"The Cleric","floor":3,"gold_loss":35},{"damage_healed":0,"gold_gain":0,"player_choice":"Grow","damage_taken":0,"max_hp_gain":0,"max_hp_loss":0,"event_name":"Living Wall","floor":6,"gold_loss":0,"cards_upgraded":["Double Energy"]},{"damage_healed":0,"gold_gain":78,"player_choice":"Gained Gold","damage_taken":0,"max_hp_gain":0,"max_hp_loss":0,"event_name":"Golden Wing","floor":12,"gold_loss":0}],"is_beta":false,"boss_relics":[],"items_purged_floors":[],"is_endless":false,"potions_floor_spawned":[2,5,7,8],"killed_by":"Hexaghost","ascension_level":0}