{"path_per_floor":["M","M","?","?","?","R","E","M","T","R","?","R","M","M","R","B",null,"M","?","M","?","M","M","$"],"character_chosen":"IRONCLAD","items_purchased":["Frozen Egg"],"gold_per_floor":[111,122,122,122,122,122,149,168,168,168,168,168,186,206,206,337,337,356,356,376,376,392,406,249],"floor_reached":25,"campfire_rested":0,"playtime":1444,"current_hp_per_floor":[80,80,80,80,80,80,80,80,80,80,60,60,55,59,59,17,80,71,71,55,55,42,42,42],"items_purged":[],"gold":249,"play_id":"13cda6c8-16b2-4964-af97-f2199dc0e04e","is_prod":false,"is_daily":false,"is_ascension_mode":false,"campfire_upgraded":4,"path_taken":["M","M","?","?","?","R","E","M","T","R","?","R","?","M","R","BOSS","M","?","M","?","M","?","$","?"],"build_version":"2018-01-25-PROD3","purchased_purges":0,"victory":false,"master_deck":["Strike_R","Strike_R","Strike_R","Strike_R","Defend_R","Defend_R","Defend_R","Defend_R","Bash","Body Slam+1","Feel No Pain+1","Warcry+1","Flex+1","Sever Soul+1","Barricade+1","Disarm","Intimidate+1","Metallicize"],"max_hp_per_floor":[80,80,80,80,80,80,80,80,80,80,80,80,80,80,80,80,80,80,80,80,80,80,80,80],"relics":["Burning Blood","NeowsBlessing","Paper Frog","Smiling Mask","Bloody Idol","Cursed Key","Frozen Egg"],"card_choices":[{"not_picked":["Iron Wave","Burning Pact"],"picked":"Body Slam"},{"not_picked":["True Grit","Perfected Strike"],"picked":"Feel No Pain"},{"not_picked":["Blood for Blood","Spot Weakness"],"picked":"Warcry"},{"not_picked":["Clothesline","Clash"],"picked":"Flex"},{"not_picked":["Perfected Strike","Body Slam"],"picked":"Sever Soul"},{"not_picked":["Impervious","Reaper"],"picked":"Barricade"},{"not_picked":["Combust","Power Through"],"picked":"Disarm"},{"not_picked":["Shockwave","Bloodletting"],"picked":"Intimidate"},{"not_picked":["Bloodletting","Body Slam"],"picked":"Metallicize"}],"player_experience":74027,"potions_floor_usage":[8,16,16,20,22,22],"damage_taken":[{"damage":0,"enemies":"Jaw Worm","floor":1,"turns":1},{"damage":0,"enemies":"Blue Slaver","floor":2,"turns":1},{"damage":0,"enemies":"Gremlin Nob","floor":7,"turns":1},{"damage":3,"enemies":"Small Slimes","floor":8,"turns":2},{"damage":11,"enemies":"Gremlin Gang","floor":13,"turns":7},{"damage":2,"enemies":"2 Fungi Beasts","floor":14,"turns":4},{"damage":63,"enemies":"Hexaghost","floor":16,"turns":10},{"damage":15,"enemies":"3 Byrds","floor":18,"turns":5},{"damage":22,"enemies":"Spheric Guardian","floor":20,"turns":6},{"damage":24,"enemies":"Slaver and Parasite","floor":22,"turns":6},{"damage":11,"enemies":"Chosen and Byrds","floor":23,"turns":9},{"damage":50,"enemies":"3 Cultists","floor":25,"turns":7}],"event_choices":[{"event_name":"Accursed Blacksmith","player_choice":"Forge","floor":3,"damage_taken":0},{"event_name":"The Lab","player_choice":"Got Potions","floor":4,"damage_taken":0},{"event_name":"The Woman in Blue","player_choice":"Bought 0 Potions","floor":5,"damage_taken":0},{"event_name":"Golden Idol","player_choice":"Take Damage","floor":11,"damage_taken":0},{"event_name":"Back to Basics","player_choice":"Elegance","floor":19,"damage_taken":0},{"event_name":"Forgotten Altar","player_choice":"Gave Idol","floor":21,"damage_taken":0}],"boss_relics":[{"not_picked":["Lizard Tail","Ectoplasm"],"picked":"Cursed Key"}],"potions_floor_spawned":[2,13,18,20,22],"seed_played":"-543466443739289086","killed_by":"3 Cultists","ascension_level":0,"is_trial":false}