{"gold_per_floor":[14,14,14,14,89,89,124,49,131,147,226,239,254,269,269,269],"floor_reached":16,"playtime":1137,"items_purged":["Strike_G"],"score":100,"play_id":"f2fbb333-90f8-4b4d-b357-8b1e3d100a6e","local_time":"20181111124106","is_ascension_mode":false,"campfire_choices":[{"floor":6,"key":"REST"},{"floor":15,"key":"REST"}],"neow_cost":"NO_GOLD","seed_source_timestamp":2812080353188355,"circlet_count":0,"master_deck":["Defend_G","Defend_G+1","Defend_G","Defend_G","Strike_G+1","Strike_G","Strike_G","Strike_G","Survivor","Neutralize","Adrenaline","A Thousand Cuts","Backstab"],"relics":["Ring of the Snake","Golden Idol","Boot","Singing Bowl","Dream Catcher"],"potions_floor_usage":[11,11,16],"damage_taken":[{"damage":0,"enemies":"Small Slimes","floor":1,"turns":5},{"damage":23,"enemies":"3 Sentries","floor":7,"turns":15},{"damage":0,"enemies":"2 Louse","floor":10,"turns":3},{"damage":21,"enemies":"Gremlin Nob","floor":11,"turns":4},{"damage":0,"enemies":"Cultist","floor":12,"turns":4},{"damage":0,"enemies":"2 Fungi Beasts","floor":13,"turns":4},{"damage":2,"enemies":"Exordium Wildlife","floor":14,"turns":4},{"damage":40,"enemies":"Slime Boss","floor":16,"turns":9}],"seed_played":"298952660229651766","potions_obtained":[{"floor":1,"key":"Weak Potion"},{"floor":7,"key":"Fire Potion"},{"floor":12,"key":"Ancient Potion"}],"is_trial":false,"path_per_floor":["M","?","?","?","?","R","E","$","T","M","?","M","M","M","R","B"],"character_chosen":"THE_SILENT","items_purchased":[],"campfire_rested":2,"item_purchase_floors":[],"current_hp_per_floor":[70,70,53,39,28,49,26,26,26,28,7,7,9,9,33,0],"gold":269,"neow_bonus":"THREE_RARE_CARDS","is_prod":false,"is_daily":false,"chose_seed":false,"campfire_upgraded":0,"win_rate":0.0,"timestamp":1541961666,"path_taken":["M","?","?","?","?","R","E","$","T","M","?","M","M","?","R","BOSS"],"build_version":"2018-11-08","purchased_purges":1,"victory":false,"max_hp_per_floor":[70,70,70,70,70,70,70,70,70,72,72,72,74,76,78,78],"card_choices":[{"not_picked":["Burst","Tools of the Trade"],"picked":"Adrenaline","floor":0},{"not_picked":["Heel Hook","Acrobatics","Quick Slash"],"picked":"SKIP","floor":1},{"not_picked":["Bouncing Flask","Slice","Escape Plan"],"picked":"SKIP","floor":7},{"not_picked":["Deadly Poison","Terror","Dodge and Roll"],"picked":"Singing Bowl","floor":10},{"not_picked":["Tactician","Outmaneuver"],"picked":"A Thousand Cuts","floor":11},{"not_picked":["Underhanded Strike","Dash"],"picked":"Backstab","floor":12},{"not_picked":["Blade Dance","Deadly Poison","Acrobatics"],"picked":"Singing Bowl","floor":13},{"not_picked":["All Out Attack","Dagger Throw","Finisher"],"picked":"Singing Bowl","floor":14},{"not_picked":["Choke","Expertise","Predator"],"picked":"Singing Bowl","floor":15}],"player_experience":122893,"relics_obtained":[{"floor":7,"key":"Boot"},{"floor":9,"key":"Singing Bowl"}],"event_choices":[{"cards_removed":["Defend_G"],"damage_healed":0,"gold_gain":0,"player_choice":"Forget","damage_taken":0,"max_hp_gain":0,"max_hp_loss":0,"event_name":"Living Wall","floor":2,"gold_loss":0},{"damage_healed":0,"gold_gain":0,"player_choice":"Take Damage","damage_taken":17,"relics_obtained":["Golden Idol"],"max_hp_gain":0,"max_hp_loss":0,"event_name":"Golden Idol","floor":3,"gold_loss":0},{"damage_healed":0,"gold_gain":0,"player_choice":"Entered Light","damage_taken":14,"max_hp_gain":0,"max_hp_loss":0,"event_name":"Shining Light","floor":4,"gold_loss":0,"cards_upgraded":["Strike_G","Defend_G"]},{"damage_healed":0,"gold_gain":75,"player_choice":"Gather Gold","damage_taken":11,"max_hp_gain":0,"max_hp_loss":0,"event_name":"World of Goop","floor":5,"gold_loss":0},{"damage_healed":0,"gold_gain":0,"player_choice":"Searched \u00272\u0027 times","damage_taken":0,"relics_obtained":["Dream Catcher"],"max_hp_gain":0,"max_hp_loss":0,"event_name":"Dead Adventurer","floor":11,"gold_loss":0}],"is_beta":false,"boss_relics":[],"items_purged_floors":[8],"is_endless":false,"potions_floor_spawned":[1,7,12],"killed_by":"Slime Boss","ascension_level":0}