{"gold_per_floor":[119,137,137,62,62,62,81,81,81,81,81,81,93,107,107,204,204,218,50,50,62,81,81,97,97,173,198,198,226,244,144,144,144],"floor_reached":33,"playtime":1740,"items_purged":["Strike_R","Strike_R"],"score":383,"play_id":"2b613dfc-6d2f-4156-90ff-8bf3f3d0dc72","local_time":"20181115205724","is_ascension_mode":true,"campfire_choices":[{"data":"Shrug It Off","floor":6,"key":"SMITH"},{"data":"Flame Barrier","floor":8,"key":"SMITH"},{"data":"Defend_R","floor":10,"key":"SMITH"},{"floor":15,"key":"REST"},{"data":"Apotheosis","floor":23,"key":"SMITH"},{"data":"Shrug It Off","floor":28,"key":"SMITH"},{"data":"Shrug It Off","floor":32,"key":"SMITH"}],"neow_cost":"NONE","seed_source_timestamp":99601080038013,"circlet_count":0,"master_deck":["Strike_R+1","Strike_R","Strike_R","Defend_R+1","Defend_R","Defend_R","Defend_R+1","Shrug It Off+1","Flame Barrier+1","Whirlwind","Shrug It Off","Apotheosis+1","Shrug It Off+1","Shrug It Off+1","Flame Barrier+1","Shrug It Off+1"],"relics":["Velvet Choker","Meat on the Bone","Self Forming Clay","Runic Pyramid","Molten Egg 2","Matryoshka","Bottled Flame"],"potions_floor_usage":[29,29,29,33],"damage_taken":[{"damage":0,"enemies":"Cultist","floor":1,"turns":4},{"damage":3,"enemies":"2 Louse","floor":2,"turns":3},{"damage":0,"enemies":"Small Slimes","floor":7,"turns":5},{"damage":0,"enemies":"3 Louse","floor":13,"turns":3},{"damage":0,"enemies":"Looter","floor":14,"turns":3},{"damage":23,"enemies":"The Guardian","floor":16,"turns":18},{"damage":0,"enemies":"Chosen","floor":18,"turns":5},{"damage":4,"enemies":"3 Byrds","floor":21,"turns":3},{"damage":0,"enemies":"Snake Plant","floor":22,"turns":6},{"damage":0,"enemies":"Cultist and Chosen","floor":24,"turns":9},{"damage":0,"enemies":"Book of Stabbing","floor":27,"turns":7},{"damage":0,"enemies":"Gremlin Leader","floor":29,"turns":5},{"damage":8,"enemies":"Shelled Parasite and Fungi","floor":30,"turns":9},{"damage":74,"enemies":"Champ","floor":33,"turns":23}],"seed_played":"-901019245820267298","potions_obtained":[{"floor":7,"key":"Block Potion"},{"floor":18,"key":"AttackPotion"},{"floor":24,"key":"PowerPotion"},{"floor":29,"key":"SteroidPotion"}],"is_trial":false,"path_per_floor":["M","M","?","$","?","R","M","R","T","R","?","$","M","M","R","B",null,"M","$","?","M","M","R","M","?","T","E","R","E","M","$","R","B"],"character_chosen":"IRONCLAD","items_purchased":["Apotheosis"],"campfire_rested":1,"item_purchase_floors":[19],"current_hp_per_floor":[80,77,77,77,70,70,70,70,70,70,54,54,54,54,78,55,80,80,80,72,68,68,68,68,68,68,68,68,68,60,60,60,0],"gold":144,"neow_bonus":"BOSS_RELIC","is_prod":false,"is_daily":false,"chose_seed":false,"campfire_upgraded":6,"win_rate":0,"timestamp":1542337044,"path_taken":["M","?","?","$","?","R","M","R","T","R","?","$","M","M","R","BOSS","M","$","?","M","?","R","M","?","T","E","R","E","?","?","R","BOSS"],"build_version":"2018-11-08","purchased_purges":2,"victory":false,"max_hp_per_floor":[80,80,80,80,80,80,80,80,80,80,80,80,80,80,80,80,80,80,80,80,80,80,80,80,80,80,80,80,80,80,80,80,80],"card_choices":[{"not_picked":["Twin Strike","Ghostly Armor","Wild Strike"],"picked":"SKIP","floor":1},{"not_picked":["Flex","Iron Wave"],"picked":"Shrug It Off","floor":2},{"not_picked":["Reckless Charge","Armaments"],"picked":"Flame Barrier","floor":7},{"not_picked":["Warcry","Pommel Strike"],"picked":"Whirlwind","floor":13},{"not_picked":["Havoc","Iron Wave"],"picked":"Shrug It Off","floor":14},{"not_picked":["Cleave","Spot Weakness","Perfected Strike"],"picked":"SKIP","floor":18},{"not_picked":["True Grit+1","Heavy Blade"],"picked":"Shrug It Off+1","floor":21},{"not_picked":["Second Wind+1","Sword Boomerang"],"picked":"Shrug It Off","floor":22},{"not_picked":["Juggernaut","Second Wind","Twin Strike"],"picked":"SKIP","floor":24},{"not_picked":["Rampage+1","Burning Pact"],"picked":"Shrug It Off","floor":27},{"not_picked":["Sentinel","Iron Wave+1","Sword Boomerang+1"],"picked":"SKIP","floor":29},{"not_picked":["Iron Wave+1","Warcry","Body Slam+1"],"picked":"SKIP","floor":30}],"player_experience":242583,"relics_obtained":[{"floor":9,"key":"Self Forming Clay"},{"floor":26,"key":"Molten Egg 2"},{"floor":27,"key":"Matryoshka"},{"floor":29,"key":"Bottled Flame"}],"event_choices":[{"cards_removed":["Bash"],"damage_healed":0,"gold_gain":0,"player_choice":"Forget","damage_taken":0,"max_hp_gain":0,"max_hp_loss":0,"event_name":"Living Wall","floor":3,"gold_loss":0},{"damage_healed":0,"gold_gain":0,"player_choice":"Success","damage_taken":7,"relics_obtained":["Meat on the Bone"],"max_hp_gain":0,"max_hp_loss":0,"event_name":"Scrap Ooze","floor":5,"gold_loss":0},{"damage_healed":0,"gold_gain":0,"player_choice":"Entered Light","damage_taken":16,"max_hp_gain":0,"max_hp_loss":0,"event_name":"Shining Light","floor":11,"gold_loss":0,"cards_upgraded":["Defend_R","Strike_R"]},{"damage_healed":0,"gold_gain":0,"player_choice":"","damage_taken":8,"max_hp_gain":0,"max_hp_loss":0,"event_name":"Knowing Skull","floor":20,"potions_obtained":[],"gold_loss":0,"cards_obtained":[]},{"damage_healed":0,"gold_gain":0,"player_choice":"Copied","damage_taken":0,"max_hp_gain":0,"max_hp_loss":0,"event_name":"Duplicator","floor":25,"gold_loss":0,"cards_obtained":["Flame Barrier"]}],"is_beta":false,"boss_relics":[{"not_picked":["Black Star","Runic Cube"],"picked":"Runic Pyramid"}],"items_purged_floors":[4,31],"is_endless":false,"potions_floor_spawned":[7,18,24,29],"killed_by":"Champ","ascension_level":2}