{"gold_per_floor":[11,11,63,78,153,153,169,183,210,210,210,286,302,302],"floor_reached":14,"playtime":633,"items_purged":[],"score":116,"play_id":"8f0bb1bb-dc2f-433a-b02c-c7417e1ec066","local_time":"20190710081254","is_ascension_mode":true,"campfire_choices":[{"floor":6,"key":"REST"}],"neow_cost":"NO_GOLD","seed_source_timestamp":1228698854600954,"circlet_count":0,"master_deck":["Strike_G","Strike_G","Strike_G","Strike_G","Defend_G","Defend_G","Defend_G","Defend_G","Defend_G","Survivor","Neutralize","Tools of the Trade","Crippling Poison","Dash","Noxious Fumes","Blur"],"relics":["Ring of the Snake","Golden Idol","Dream Catcher","Smiling Mask","Frozen Egg 2","Bottled Lightning"],"potions_floor_usage":[14,14,14],"damage_taken":[{"damage":0,"enemies":"Small Slimes","floor":1,"turns":7},{"damage":4,"enemies":"Jaw Worm","floor":4,"turns":7},{"damage":0,"enemies":"2 Louse","floor":7,"turns":4},{"damage":12,"enemies":"2 Fungi Beasts","floor":8,"turns":5},{"damage":0,"enemies":"3 Louse","floor":13,"turns":5},{"damage":14,"enemies":"Gremlin Nob","floor":14,"turns":3}],"seed_played":"-2587545143880063530","potions_obtained":[{"floor":1,"key":"GamblersBrew"},{"floor":7,"key":"GhostInAJar"},{"floor":8,"key":"Weak Potion"}],"is_trial":false,"path_per_floor":["M","?","T","M","?","R","M","M","T","?","?","T","M","E"],"character_chosen":"THE_SILENT","items_purchased":[],"campfire_rested":1,"item_purchase_floors":[],"current_hp_per_floor":[63,46,46,42,31,52,52,40,40,33,8,8,8,0],"gold":302,"neow_bonus":"THREE_RARE_CARDS","is_prod":false,"is_daily":false,"chose_seed":false,"campfire_upgraded":0,"win_rate":0,"timestamp":1562764374,"path_taken":["M","?","?","M","?","R","M","M","T","?","?","?","M","E"],"build_version":"2019-07-05","purchased_purges":0,"victory":false,"max_hp_per_floor":[70,70,70,70,70,70,70,70,70,70,70,70,70,70],"card_choices":[{"not_picked":["Envenom","Grand Finale"],"picked":"Tools of the Trade","floor":0},{"not_picked":["Infinite Blades","Flechettes","Tactician"],"picked":"SKIP","floor":1},{"not_picked":["Poisoned Stab","Deflect"],"picked":"Crippling Poison","floor":4},{"not_picked":["Flying Knee","PiercingWail"],"picked":"Dash","floor":6},{"not_picked":["Slice","Concentrate"],"picked":"Noxious Fumes","floor":7},{"not_picked":["Dagger Spray","Flying Knee"],"picked":"Blur","floor":8},{"not_picked":["Distraction","Crippling Poison","Terror"],"picked":"SKIP","floor":13}],"player_experience":2180772,"relics_obtained":[{"floor":3,"key":"Dream Catcher"},{"floor":9,"key":"Smiling Mask"},{"floor":12,"key":"Bottled Lightning"}],"event_choices":[{"damage_healed":0,"gold_gain":0,"player_choice":"Take Damage","damage_taken":17,"relics_obtained":["Golden Idol"],"max_hp_gain":0,"max_hp_loss":0,"event_name":"Golden Idol","floor":2,"gold_loss":0},{"damage_healed":0,"gold_gain":75,"player_choice":"Gather Gold","damage_taken":11,"max_hp_gain":0,"max_hp_loss":0,"event_name":"World of Goop","floor":5,"gold_loss":0},{"cards_removed":["Strike_G"],"damage_healed":0,"gold_gain":0,"player_choice":"Card Removal","damage_taken":7,"max_hp_gain":0,"max_hp_loss":0,"event_name":"Golden Wing","floor":10,"gold_loss":0},{"damage_healed":0,"gold_gain":0,"player_choice":"Success","damage_taken":25,"relics_obtained":["Frozen Egg 2"],"max_hp_gain":0,"max_hp_loss":0,"event_name":"Scrap Ooze","floor":11,"gold_loss":0}],"is_beta":false,"boss_relics":[],"items_purged_floors":[],"is_endless":false,"potions_floor_spawned":[1,7,8],"killed_by":"Gremlin Nob","ascension_level":9}