{"gold_per_floor":[109,128,128,141,91,91,391,391,391,410,410,424,349,319,319,319],"floor_reached":16,"playtime":793,"items_purged":["Strike_R"],"score":108,"play_id":"37c8996a-cac2-4c6a-aa28-0c8ffbb41be8","local_time":"20181223230858","is_ascension_mode":true,"campfire_choices":[{"data":"Bash","floor":6,"key":"SMITH"},{"data":"Defend_R","floor":8,"key":"SMITH"},{"data":"Disarm","floor":11,"key":"SMITH"},{"data":"Shockwave","floor":15,"key":"SMITH"}],"neow_cost":"NONE","seed_source_timestamp":319510148567074,"circlet_count":0,"master_deck":["Strike_R","Strike_R","Defend_R+1","Defend_R","Defend_R","Defend_R","Bash+1","Disarm+1","Shockwave+1"],"relics":["Burning Blood","Bronze Scales","Old Coin","Molten Egg 2"],"potions_floor_usage":[16,16,16],"damage_taken":[{"damage":6,"enemies":"Cultist","floor":1,"turns":3},{"damage":6,"enemies":"2 Louse","floor":2,"turns":5},{"damage":8,"enemies":"Jaw Worm","floor":4,"turns":4},{"damage":3,"enemies":"Blue Slaver","floor":10,"turns":4},{"damage":7,"enemies":"Exordium Wildlife","floor":12,"turns":6},{"damage":0,"enemies":"Looter","floor":14,"turns":4},{"damage":86,"enemies":"Slime Boss","floor":16,"turns":12}],"seed_played":"421683476429078946","potions_obtained":[{"floor":2,"key":"Dexterity Potion"},{"floor":4,"key":"SneckoOil"},{"floor":12,"key":"PowerPotion"}],"is_trial":false,"path_per_floor":["M","M","?","M","?","R","?","R","T","M","R","M","$","M","R","B"],"character_chosen":"IRONCLAD","items_purchased":[],"campfire_rested":0,"item_purchase_floors":[],"current_hp_per_floor":[80,80,80,78,78,78,71,71,71,74,74,73,73,79,79,0],"gold":319,"neow_bonus":"REMOVE_CARD","is_prod":false,"is_daily":false,"chose_seed":false,"campfire_upgraded":4,"win_rate":0,"timestamp":1545628138,"path_taken":["M","?","?","?","?","R","?","R","T","M","R","M","?","M","R","BOSS"],"build_version":"2018-12-20","purchased_purges":1,"victory":false,"max_hp_per_floor":[80,80,80,80,80,80,80,80,80,80,80,80,80,80,80,80],"card_choices":[{"not_picked":["Pommel Strike","Heavy Blade","Flex"],"picked":"SKIP","floor":1},{"not_picked":["Clash","Cleave","Sever Soul"],"picked":"SKIP","floor":2},{"not_picked":["Sword Boomerang","Headbutt","Second Wind"],"picked":"SKIP","floor":4},{"not_picked":["Pommel Strike+1","Burning Pact"],"picked":"Disarm","floor":10},{"not_picked":["Anger+1","Bloodletting","Pommel Strike+1"],"picked":"SKIP","floor":12},{"not_picked":["Heavy Blade+1","Body Slam+1"],"picked":"Shockwave","floor":14}],"player_experience":894574,"relics_obtained":[{"floor":3,"key":"Bronze Scales"},{"floor":9,"key":"Molten Egg 2"}],"event_choices":[{"damage_healed":0,"gold_gain":0,"player_choice":"Relic","damage_taken":0,"max_hp_gain":0,"max_hp_loss":0,"event_name":"Wheel of Change","floor":3,"gold_loss":0},{"cards_removed":["Strike_R"],"damage_healed":0,"gold_gain":0,"player_choice":"Card Removal","damage_taken":0,"max_hp_gain":0,"max_hp_loss":0,"event_name":"The Cleric","floor":5,"gold_loss":50},{"damage_healed":0,"gold_gain":0,"player_choice":"Success","damage_taken":7,"relics_obtained":["Old Coin"],"max_hp_gain":0,"max_hp_loss":0,"event_name":"Scrap Ooze","floor":7,"gold_loss":0}],"is_beta":false,"boss_relics":[],"items_purged_floors":[13],"is_endless":false,"potions_floor_spawned":[2,4,12],"killed_by":"Slime Boss","ascension_level":4}