{"gold_per_floor":[211,136,146,146,161,161,178,178,178,189,189,223,239,257,257,257],"floor_reached":16,"playtime":789,"items_purged":["Strike_G"],"score":104,"play_id":"c9690e49-7611-4acf-a060-ce53d7d1c2bb","local_time":"20190816225417","is_ascension_mode":false,"campfire_choices":[{"floor":6,"key":"REST"},{"floor":15,"key":"REST"}],"neow_cost":"NONE","seed_source_timestamp":126519283886065,"circlet_count":0,"master_deck":["Strike_G","Strike_G","Strike_G","Strike_G","Defend_G","Defend_G","Defend_G","Defend_G+1","Defend_G","Survivor","Neutralize","Deadly Poison","Poisoned Stab+1","Burst","Bane","Parasite","Adrenaline","Dash","Footwork"],"relics":["Ring of the Snake","Unceasing Top","Blood Vial","Shovel"],"potions_floor_usage":[7,10,12,16],"damage_taken":[{"damage":0,"enemies":"2 Louse","floor":1,"turns":3},{"damage":0,"enemies":"Jaw Worm","floor":3,"turns":4},{"damage":2,"enemies":"Small Slimes","floor":5,"turns":3},{"damage":8,"enemies":"2 Fungi Beasts","floor":7,"turns":3},{"damage":23,"enemies":"Gremlin Gang","floor":10,"turns":7},{"damage":27,"enemies":"3 Sentries","floor":12,"turns":11},{"damage":0,"enemies":"3 Louse","floor":13,"turns":5},{"damage":0,"enemies":"Large Slime","floor":14,"turns":5},{"damage":62,"enemies":"Slime Boss","floor":16,"turns":13}],"seed_played":"4755930389435753302","potions_obtained":[{"floor":5,"key":"Poison Potion"},{"floor":7,"key":"SteroidPotion"},{"floor":10,"key":"Block Potion"},{"floor":13,"key":"SkillPotion"}],"is_trial":false,"path_per_floor":["M","$","M","?","M","R","M","T","T","M","?","E","M","M","R","B"],"character_chosen":"THE_SILENT","items_purchased":[],"campfire_rested":2,"item_purchase_floors":[],"current_hp_per_floor":[70,70,70,56,54,70,62,62,62,41,58,33,35,37,58,0],"gold":257,"neow_bonus":"HUNDRED_GOLD","is_prod":false,"is_daily":false,"chose_seed":false,"campfire_upgraded":0,"win_rate":0.0,"timestamp":1566010457,"path_taken":["M","$","M","?","M","R","M","?","T","M","?","E","M","M","R","BOSS"],"build_version":"2019-07-17","purchased_purges":1,"victory":false,"max_hp_per_floor":[70,70,70,70,70,70,70,70,70,70,70,70,70,70,70,70],"card_choices":[{"not_picked":["Blade Dance","Slice"],"picked":"Deadly Poison","floor":1},{"not_picked":["Prepared","Escape Plan"],"picked":"Poisoned Stab","floor":3},{"not_picked":["Slice","Flying Knee"],"picked":"Burst","floor":5},{"not_picked":["Infinite Blades","Backflip"],"picked":"Bane","floor":7},{"not_picked":["Blade Dance","Backflip","Deflect"],"picked":"SKIP","floor":10},{"not_picked":["Concentrate","Doppelganger"],"picked":"Adrenaline","floor":12},{"not_picked":["Skewer","Crippling Poison"],"picked":"Dash","floor":13},{"not_picked":["Acrobatics","Deflect"],"picked":"Footwork","floor":14}],"player_experience":107047,"relics_obtained":[{"floor":8,"key":"Unceasing Top"},{"floor":9,"key":"Blood Vial"},{"floor":12,"key":"Shovel"}],"event_choices":[{"damage_healed":0,"gold_gain":0,"player_choice":"Entered Light","damage_taken":14,"max_hp_gain":0,"max_hp_loss":0,"event_name":"Shining Light","floor":4,"gold_loss":0,"cards_upgraded":["Defend_G","Poisoned Stab"]},{"damage_healed":17,"gold_gain":0,"player_choice":"Healed and dodged fight","damage_taken":0,"max_hp_gain":0,"max_hp_loss":0,"event_name":"Mushrooms","floor":11,"gold_loss":0,"cards_obtained":["Parasite"]}],"is_beta":false,"boss_relics":[],"items_purged_floors":[2],"is_endless":false,"potions_floor_spawned":[5,7,10,13],"killed_by":"Slime Boss","ascension_level":0}