{"gold_per_floor":[113,125,137,154,164,164,164,119,119,31,43,54,54,54,54,149,149,166,166,166,180,199,199,199,199],"floor_reached":25,"playtime":1420,"items_purged":[],"score":293,"play_id":"15115272-dc01-41f6-8bac-58f6c507707a","local_time":"20190717141857","is_ascension_mode":true,"campfire_choices":[{"floor":6,"key":"REST"},{"floor":13,"key":"REST"},{"floor":15,"key":"REST"},{"floor":23,"key":"REST"}],"neow_cost":"NONE","seed_source_timestamp":481262146741795,"circlet_count":0,"master_deck":["AscendersBane","Strike_G","Strike_G","Strike_G","Strike_G","Defend_G","Defend_G","Defend_G","Defend_G","Defend_G","Survivor","Neutralize","Tools of the Trade","Caltrops","Backflip","Catalyst","Madness","Corpse Explosion","Venomology","Escape Plan","Backstab","Injury"],"relics":["Ring of the Snake","Mercury Hourglass","Cursed Key","Anchor"],"potions_floor_usage":[16,16,16,18,22,22,22,22],"damage_taken":[{"damage":4,"enemies":"Cultist","floor":1,"turns":5},{"damage":3,"enemies":"2 Louse","floor":2,"turns":4},{"damage":1,"enemies":"Small Slimes","floor":3,"turns":5},{"damage":1,"enemies":"Blue Slaver","floor":4,"turns":7},{"damage":31,"enemies":"3 Louse","floor":5,"turns":8},{"damage":0,"enemies":"Looter","floor":8,"turns":5},{"damage":20,"enemies":"Large Slime","floor":11,"turns":9},{"damage":12,"enemies":"3 Louse","floor":12,"turns":3},{"damage":23,"enemies":"Hexaghost","floor":16,"turns":8},{"damage":30,"enemies":"Shell Parasite","floor":18,"turns":10},{"damage":60,"enemies":"Chosen","floor":21,"turns":10},{"damage":0,"enemies":"Snake Plant","floor":22,"turns":4},{"damage":28,"enemies":"Chosen and Byrds","floor":25,"turns":6}],"seed_played":"4635473238749854732","potions_obtained":[{"floor":3,"key":"Ancient Potion"},{"floor":11,"key":"PowerPotion"},{"floor":12,"key":"Poison Potion"},{"floor":16,"key":"Energy Potion"},{"floor":21,"key":"AttackPotion"},{"floor":22,"key":"SteroidPotion"}],"is_trial":false,"path_per_floor":["M","M","M","M","M","R","?","M","T","$","M","M","R","$","R","B",null,"M","?","?","M","M","R","T","M"],"character_chosen":"THE_SILENT","items_purchased":["Madness"],"campfire_rested":4,"item_purchase_floors":[10],"current_hp_per_floor":[59,56,55,54,23,44,49,49,49,49,29,17,39,39,61,38,66,36,61,61,1,1,23,23,0],"gold":199,"neow_bonus":"ONE_RANDOM_RARE_CARD","is_prod":false,"is_daily":false,"chose_seed":false,"campfire_upgraded":0,"win_rate":0,"timestamp":1563391137,"path_taken":["M","?","M","M","?","R","?","M","T","$","M","M","R","$","R","BOSS","M","?","?","M","M","R","?","M"],"build_version":"2019-07-05","purchased_purges":0,"victory":false,"max_hp_per_floor":[70,70,70,70,70,70,75,75,75,75,75,75,75,75,75,75,75,75,75,75,75,75,75,75,75],"card_choices":[{"not_picked":["Cloak And Dagger","Dagger Spray"],"picked":"Caltrops","floor":1},{"not_picked":["Poisoned Stab","Quick Slash","Dagger Spray"],"picked":"SKIP","floor":2},{"not_picked":["Dagger Throw","Terror","Dodge and Roll"],"picked":"SKIP","floor":3},{"not_picked":["Skewer","Deadly Poison"],"picked":"Backflip","floor":4},{"not_picked":["Flechettes","Slice","All Out Attack"],"picked":"SKIP","floor":5},{"not_picked":["Choke","Flechettes"],"picked":"Catalyst","floor":8},{"not_picked":["Bouncing Flask","Deflect"],"picked":"Corpse Explosion","floor":11},{"not_picked":["Terror","Concentrate","Cloak And Dagger"],"picked":"SKIP","floor":12},{"not_picked":["A Thousand Cuts","Die Die Die"],"picked":"Venomology","floor":16},{"not_picked":["Dagger Throw+1","Quick Slash","Crippling Poison"],"picked":"SKIP","floor":18},{"not_picked":["Dodge and Roll","Dagger Spray"],"picked":"Escape Plan","floor":21},{"not_picked":["Blade Dance+1","Outmaneuver"],"picked":"Backstab","floor":22}],"player_experience":2380163,"relics_obtained":[{"floor":9,"key":"Mercury Hourglass"},{"floor":24,"key":"Anchor"}],"event_choices":[{"damage_healed":0,"gold_gain":0,"player_choice":"Donut","damage_taken":0,"max_hp_gain":5,"max_hp_loss":0,"event_name":"Big Fish","floor":7,"gold_loss":0},{"damage_healed":25,"gold_gain":0,"player_choice":"Heal","damage_taken":0,"max_hp_gain":0,"max_hp_loss":0,"event_name":"The Library","floor":19,"gold_loss":0},{"cards_removed":["Strike_G"],"damage_healed":0,"gold_gain":0,"player_choice":"Elegance","damage_taken":0,"max_hp_gain":0,"max_hp_loss":0,"event_name":"Back to Basics","floor":20,"gold_loss":0}],"is_beta":false,"boss_relics":[{"not_picked":["Tiny House","Snecko Eye"],"picked":"Cursed Key"}],"items_purged_floors":[],"is_endless":false,"potions_floor_spawned":[3,11,12,16,21,22],"killed_by":"Chosen and Byrds","ascension_level":10}