{"gold_per_floor":[112,62,73,87,102,102,112,127,127,127],"floor_reached":10,"playtime":391,"items_purged":[],"score":99,"play_id":"9cf65a21-6fbb-45f3-a9c5-75a4cac94ec9","local_time":"20190817091843","is_ascension_mode":true,"campfire_choices":[{"data":"1","floor":6,"key":"LIFT"}],"neow_cost":"CURSE","seed_source_timestamp":286644877750500,"circlet_count":0,"master_deck":["AscendersBane","Strike_B","Strike_B","Strike_B","Strike_B","Defend_B","Defend_B","Defend_B","Defend_B","Zap","Dualcast","Cold Snap","Loop","Defragment"],"relics":["Cracked Core","Girya","Unceasing Top"],"potions_floor_usage":[7],"damage_taken":[{"damage":13,"enemies":"Jaw Worm","floor":1,"turns":4},{"damage":15,"enemies":"2 Louse","floor":3,"turns":3},{"damage":0,"enemies":"Cultist","floor":4,"turns":3},{"damage":2,"enemies":"Red Slaver","floor":5,"turns":5},{"damage":39,"enemies":"Lots of Slimes","floor":7,"turns":4},{"damage":9,"enemies":"Blue Slaver","floor":8,"turns":5},{"damage":4,"enemies":"Red Slaver","floor":10,"turns":1}],"seed_played":"-7543378335122323744","potions_obtained":[{"floor":1,"key":"Regen Potion"},{"floor":8,"key":"Regen Potion"}],"is_trial":false,"path_per_floor":["M","?","M","M","M","R","M","M","T","M"],"character_chosen":"DEFECT","items_purchased":[],"campfire_rested":0,"item_purchase_floors":[],"current_hp_per_floor":[55,55,40,40,38,38,11,2,2,0],"gold":127,"neow_bonus":"ONE_RARE_RELIC","is_prod":false,"is_daily":false,"chose_seed":false,"campfire_upgraded":0,"win_rate":0,"timestamp":1566051523,"path_taken":["M","?","M","M","M","R","M","M","T","M"],"build_version":"2019-07-17","purchased_purges":0,"victory":false,"max_hp_per_floor":[75,75,75,75,75,75,75,75,75,75],"card_choices":[{"not_picked":["Turbo","Steam","Streamline"],"picked":"SKIP","floor":1},{"not_picked":["Coolheaded","Streamline"],"picked":"Cold Snap","floor":3},{"not_picked":["Go for the Eyes","Steam Power","Streamline"],"picked":"SKIP","floor":4},{"not_picked":["Conserve Battery","Hello World"],"picked":"Loop","floor":5},{"not_picked":["Beam Cell","Genetic Algorithm","Scrape"],"picked":"SKIP","floor":7},{"not_picked":["Go for the Eyes","Chill"],"picked":"Defragment","floor":8}],"player_experience":2840513,"relics_obtained":[{"floor":9,"key":"Unceasing Top"}],"event_choices":[{"cards_removed":["Writhe"],"damage_healed":0,"gold_gain":0,"player_choice":"Card Removal","damage_taken":0,"max_hp_gain":0,"max_hp_loss":0,"event_name":"The Cleric","floor":2,"gold_loss":50}],"is_beta":false,"boss_relics":[],"items_purged_floors":[],"is_endless":false,"potions_floor_spawned":[1,8],"killed_by":"Red Slaver","ascension_level":12}