{"gold_per_floor":[116,116,131,144,144,144,156,166,166,181,181,201,219,204],"floor_reached":14,"playtime":536,"items_purged":[],"score":120,"play_id":"a62e2729-3e1e-4526-b7d6-6359aa91676e","local_time":"20190612120216","is_ascension_mode":true,"campfire_choices":[{"data":"Finesse","floor":6,"key":"SMITH"}],"neow_cost":"TEN_PERCENT_HP_LOSS","seed_source_timestamp":56843691515225,"circlet_count":0,"master_deck":["Strike_B","Strike_B","Strike_B","Strike_B","Defend_B","Defend_B","Defend_B","Defend_B","Zap+1","Finesse+1","Panacea","FTL","Loop"],"relics":["Cracked Core","StoneCalendar"],"potions_floor_usage":[],"damage_taken":[{"damage":8,"enemies":"2 Louse","floor":1,"turns":4},{"damage":0,"enemies":"Cultist","floor":3,"turns":4},{"damage":7,"enemies":"Small Slimes","floor":4,"turns":3},{"damage":9,"enemies":"3 Louse","floor":7,"turns":4},{"damage":8,"enemies":"Blue Slaver","floor":8,"turns":4},{"damage":11,"enemies":"2 Fungi Beasts","floor":10,"turns":4},{"damage":14,"enemies":"Lots of Slimes","floor":12,"turns":5},{"damage":0,"enemies":"Large Slime","floor":13,"turns":4},{"damage":19,"enemies":"Exordium Thugs","floor":14,"turns":1}],"seed_played":"-3589853415656616072","potions_obtained":[{"floor":3,"key":"Weak Potion"},{"floor":12,"key":"FearPotion"}],"is_trial":false,"path_per_floor":["M","?","M","M","?","R","M","M","T","M","?","M","M","M"],"character_chosen":"DEFECT","items_purchased":[],"campfire_rested":0,"item_purchase_floors":[],"current_hp_per_floor":[60,60,60,53,58,58,49,41,41,30,30,16,16,0],"gold":204,"neow_bonus":"RANDOM_COLORLESS_2","is_prod":false,"is_daily":false,"chose_seed":false,"campfire_upgraded":1,"win_rate":0,"timestamp":1560358936,"path_taken":["M","?","?","M","?","R","M","M","T","M","?","M","M","M"],"build_version":"2019-01-23","purchased_purges":0,"victory":false,"max_hp_per_floor":[68,68,68,68,73,73,73,73,73,73,73,73,73,73],"card_choices":[{"not_picked":["Gash","Steam","Redo"],"picked":"SKIP","floor":1},{"not_picked":["Compile Driver","Leap"],"picked":"FTL","floor":3},{"not_picked":["Turbo","Fission","Beam Cell"],"picked":"SKIP","floor":4},{"not_picked":["Steam","Skim","Barrage"],"picked":"SKIP","floor":7},{"not_picked":["Blizzard","Compile Driver","Stack"],"picked":"SKIP","floor":8},{"not_picked":["Go for the Eyes","Coolheaded","Fusion"],"picked":"SKIP","floor":10},{"not_picked":["Barrage","Hologram"],"picked":"Loop","floor":12},{"not_picked":["Gash","Turbo","Go for the Eyes"],"picked":"SKIP","floor":13}],"player_experience":2028967,"relics_obtained":[{"floor":9,"key":"StoneCalendar"}],"event_choices":[{"damage_healed":0,"gold_gain":0,"player_choice":"Upgraded","damage_taken":0,"max_hp_gain":0,"max_hp_loss":0,"event_name":"Upgrade Shrine","floor":2,"gold_loss":0,"cards_upgraded":["Zap"]},{"damage_healed":0,"gold_gain":0,"player_choice":"Donut","damage_taken":0,"max_hp_gain":5,"max_hp_loss":0,"event_name":"Big Fish","floor":5,"gold_loss":0},{"cards_removed":["Dualcast"],"damage_healed":0,"gold_gain":0,"player_choice":"Forget","damage_taken":0,"max_hp_gain":0,"max_hp_loss":0,"event_name":"Living Wall","floor":11,"gold_loss":0}],"is_beta":false,"boss_relics":[],"items_purged_floors":[],"is_endless":false,"potions_floor_spawned":[3,12],"killed_by":"Exordium Thugs","ascension_level":8}