{"gold_per_floor":[112,112,62,77,77,134,134,134,157,232,232,248,267,299,299,395,395,411,429,429,15,90,119,139,139,165,182,217,217,317,348,348,451,451,465,170,184,184,195,230,244,278,278,309,324,356,366,366,366,366],"floor_reached":51,"playtime":3172,"items_purged":["Havoc","Strike_R"],"score":1015,"play_id":"8c151155-bb4e-4e20-9cea-9da1b03cdf90","local_time":"20190831001757","is_ascension_mode":true,"campfire_choices":[{"floor":8,"key":"REST"},{"data":"Bash","floor":11,"key":"SMITH"},{"data":"Demon Form","floor":15,"key":"SMITH"},{"data":"Trip","floor":25,"key":"SMITH"},{"floor":29,"key":"DIG"},{"floor":32,"key":"DIG"},{"floor":49,"key":"DIG"}],"neow_cost":"TEN_PERCENT_HP_LOSS","seed_source_timestamp":876622796515100,"circlet_count":0,"master_deck":["Strike_R","Defend_R+1","Defend_R+1","Defend_R","Defend_R+1","Bash+1","Disarm+1","Pommel Strike","Cleave","Demon Form+1","Battle Trance","Reaper","Sentinel+1","Trip+1","Shrug It Off","Thunderclap+1","Iron Wave+1","Intimidate+1","Reaper","Shrug It Off+1","Sword Boomerang+1","Armaments+1","True Grit+1","Shrug It Off+1","Demon Form+1"],"special_seed":0,"relics":["Burning Blood","Blood Vial","Tiny Chest","Paper Frog","Vajra","Shovel","Coffee Dripper","Centennial Puzzle","Frozen Egg 2","Bottled Tornado","Gremlin Horn","Singing Bowl","Sundial","Torii","Runic Dome","Orichalcum","Pear","Strawberry","Dodecahedron","Regal Pillow","Question Card","War Paint"],"potions_floor_usage":[14,16,23,41,50],"damage_taken":[{"damage":8.0,"enemies":"Cultist","floor":1.0,"turns":4.0},{"damage":0.0,"enemies":"2 Louse","floor":4.0,"turns":3.0},{"damage":52,"enemies":"Lagavulin","floor":6,"turns":8},{"damage":2,"enemies":"Small Slimes","floor":12,"turns":3},{"damage":3,"enemies":"Looter","floor":13,"turns":3},{"damage":19,"enemies":"3 Sentries","floor":14,"turns":6},{"damage":5,"enemies":"The Guardian","floor":16,"turns":8},{"damage":44,"enemies":"2 Thieves","floor":18,"turns":4},{"damage":7,"enemies":"Chosen","floor":19,"turns":4},{"damage":48,"enemies":"Slavers","floor":23,"turns":4},{"damage":15,"enemies":"3 Cultists","floor":24,"turns":4},{"damage":16,"enemies":"Snake Plant","floor":27,"turns":3},{"damage":34,"enemies":"Book of Stabbing","floor":28,"turns":5},{"damage":34,"enemies":"Slavers","floor":31,"turns":2},{"damage":16,"enemies":"Automaton","floor":33,"turns":6},{"damage":31,"enemies":"3 Darklings","floor":35,"turns":3},{"damage":21,"enemies":"3 Shapes","floor":37,"turns":3},{"damage":27,"enemies":"Writhing Mass","floor":39,"turns":4},{"damage":43,"enemies":"Nemesis","floor":40,"turns":7},{"damage":22,"enemies":"Transient","floor":41,"turns":5},{"damage":1,"enemies":"Reptomancer","floor":42,"turns":4},{"damage":14,"enemies":"Giant Head","floor":44,"turns":6},{"damage":14,"enemies":"Spire Growth","floor":45,"turns":4},{"damage":48,"enemies":"Nemesis","floor":46,"turns":7},{"damage":6,"enemies":"Jaw Worm Horde","floor":47,"turns":2},{"damage":18,"enemies":"Time Eater","floor":50,"turns":8}],"seed_played":"3481087931977965306","potions_obtained":[{"floor":12,"key":"EssenceOfSteel"},{"floor":14,"key":"FearPotion"},{"floor":19,"key":"SteroidPotion"},{"floor":24,"key":"GamblersBrew"},{"floor":27,"key":"Ancient Potion"},{"floor":33,"key":"BloodPotion"},{"floor":39,"key":"Weak Potion"},{"floor":42,"key":"SpeedPotion"}],"is_trial":false,"path_per_floor":["M","?","?","M","?","E","T","R","T","?","R","M","M","E","R","B",null,"M","M","?","$","?","E","M","R","T","M","E","R","?","E","R","B",null,"M","$","M","?","M","E","M","E","T","E","M","E","M","?","R","B",null],"character_chosen":"IRONCLAD","items_purchased":["Trip","Frozen Egg 2","Orichalcum","Shrug It Off"],"campfire_rested":1,"item_purchase_floors":[21,21,36,36],"current_hp_per_floor":[70,56,56,62,55,11,11,32,32,21,21,27,32,21,21,24,72,54,71,71,71,64,61,68,68,68,72,56,56,56,72,72,72,72,74,74,74,74,63,40,66,97,97,91,101,99,101,101,101,101],"gold":366,"neow_bonus":"TRANSFORM_TWO_CARDS","is_prod":false,"is_daily":false,"chose_seed":false,"campfire_upgraded":3,"win_rate":0,"timestamp":1567228677,"path_taken":["M","?","?","M","?","E","?","R","T","?","R","M","M","E","R","BOSS","M","M","?","$","?","E","?","R","T","M","E","R","?","E","R","BOSS","M","$","?","?","?","E","M","E","T","E","M","E","M","?","R","BOSS"],"build_version":"2019-07-17","purchased_purges":2,"victory":true,"max_hp_per_floor":[72,72,72,72,72,72,72,72,72,72,72,72,72,72,72,72,72,72,72,72,72,72,72,72,72,72,72,72,72,72,72,72,72,72,74,74,74,74,74,86,88,97,97,99,101,101,101,101,101,101],"card_choices":[{"not_picked":["Thunderclap","Warcry"],"picked":"Pommel Strike","floor":1.0},{"not_picked":["Pommel Strike","Clothesline"],"picked":"Cleave","floor":4.0},{"not_picked":["Power Through","Bloodletting","Combust"],"picked":"SKIP","floor":6},{"not_picked":["Headbutt","Clothesline","Flex"],"picked":"SKIP","floor":12},{"not_picked":["Entrench","Battle Trance"],"picked":"Demon Form","floor":13},{"not_picked":["Pommel Strike","Inflame"],"picked":"Battle Trance","floor":14},{"not_picked":["Berserk","Bludgeon"],"picked":"Reaper","floor":16},{"not_picked":["Carnage+1","Havoc"],"picked":"Sentinel+1","floor":18},{"not_picked":["Clothesline","Carnage","Inflame"],"picked":"SKIP","floor":19},{"not_picked":["Second Wind+1","Anger","Inflame+1"],"picked":"SKIP","floor":23},{"not_picked":["Infernal Blade","True Grit"],"picked":"Shrug It Off","floor":24},{"not_picked":["Spot Weakness+1","Flex"],"picked":"Thunderclap+1","floor":27},{"not_picked":["Flame Barrier","Battle Trance"],"picked":"Iron Wave+1","floor":28},{"not_picked":["Clash","Power Through"],"picked":"Intimidate+1","floor":31},{"not_picked":["Immolate","Feed"],"picked":"Reaper","floor":33},{"not_picked":["Iron Wave+1","Body Slam","Fire Breathing+1"],"picked":"Singing Bowl","floor":35},{"not_picked":["Havoc","Iron Wave"],"picked":"Sword Boomerang+1","floor":37},{"not_picked":["Twin Strike","Rupture+1"],"picked":"Armaments+1","floor":39},{"not_picked":["Clash+1","Carnage+1","Headbutt"],"picked":"Singing Bowl","floor":40},{"not_picked":["Body Slam","Pommel Strike+1","Thunderclap+1"],"picked":"Singing Bowl","floor":41},{"not_picked":["Spot Weakness","Clash+1","Bludgeon"],"picked":"Singing Bowl","floor":42},{"not_picked":["Barricade+1","Disarm","Infernal Blade+1"],"picked":"Singing Bowl","floor":44},{"not_picked":["Reckless Charge","Anger","Twin Strike"],"picked":"Singing Bowl","floor":45},{"not_picked":["Clothesline","Wild Strike+1"],"picked":"True Grit+1","floor":46},{"not_picked":["Spot Weakness+1","Thunderclap","Iron Wave+1"],"picked":"Shrug It Off+1","floor":47}],"player_experience":506439,"relics_obtained":[{"floor":6,"key":"Tiny Chest"},{"floor":7,"key":"Paper Frog"},{"floor":9,"key":"Vajra"},{"floor":14,"key":"Shovel"},{"floor":23,"key":"Bottled Tornado"},{"floor":28,"key":"Gremlin Horn"},{"floor":29,"key":"Singing Bowl"},{"floor":31,"key":"Sundial"},{"floor":32,"key":"Torii"},{"floor":40,"key":"Pear"},{"floor":42,"key":"Strawberry"},{"floor":43,"key":"Dodecahedron"},{"floor":44,"key":"Regal Pillow"},{"floor":46,"key":"Question Card"},{"floor":49,"key":"War Paint"}],"event_choices":[{"damage_healed":0.0,"max_hp_gain":0.0,"max_hp_loss":0.0,"gold_gain":0.0,"event_name":"Shining Light","player_choice":"Entered Light","floor":2.0,"gold_loss":0.0,"damage_taken":14.0,"cards_upgraded":["Disarm","Defend_R"]},{"cards_removed":["Strike_R"],"damage_healed":0.0,"max_hp_gain":0.0,"max_hp_loss":0.0,"gold_gain":0.0,"event_name":"The Cleric","player_choice":"Card Removal","floor":3.0,"gold_loss":50.0,"damage_taken":0.0},{"damage_healed":0.0,"max_hp_gain":0.0,"max_hp_loss":0.0,"gold_gain":0.0,"event_name":"Scrap Ooze","player_choice":"Success","floor":5.0,"gold_loss":0.0,"damage_taken":7.0,"relics_obtained":["Blood Vial"]},{"damage_healed":0,"gold_gain":75,"player_choice":"Gather Gold","damage_taken":11,"max_hp_gain":0,"max_hp_loss":0,"event_name":"World of Goop","floor":10,"gold_loss":0},{"damage_healed":0,"gold_gain":0,"player_choice":"Opened","damage_taken":0,"relics_obtained":["Centennial Puzzle"],"max_hp_gain":0,"max_hp_loss":0,"event_name":"The Mausoleum","floor":20,"gold_loss":0},{"damage_healed":0,"gold_gain":75,"player_choice":"Touch","damage_taken":7,"max_hp_gain":0,"max_hp_loss":0,"event_name":"FaceTrader","floor":22,"gold_loss":0},{"damage_healed":0,"gold_gain":100,"player_choice":"Pray","damage_taken":0,"max_hp_gain":0,"max_hp_loss":0,"event_name":"Golden Shrine","floor":30,"gold_loss":0},{"damage_healed":0,"gold_gain":0,"player_choice":"Forge","damage_taken":0,"max_hp_gain":0,"max_hp_loss":0,"event_name":"Accursed Blacksmith","floor":38,"gold_loss":0,"cards_upgraded":["Shrug It Off"]},{"damage_healed":0,"gold_gain":0,"player_choice":"1 cards matched","damage_taken":0,"max_hp_gain":0,"max_hp_loss":0,"event_name":"Match and Keep!","floor":48,"gold_loss":0,"cards_obtained":["Demon Form"]}],"is_beta":false,"boss_relics":[{"not_picked":["Fusion Hammer","Calling Bell"],"picked":"Coffee Dripper"},{"not_picked":["Pandora\u0027s Box","Tiny House"],"picked":"Runic Dome"}],"items_purged_floors":[21,36],"is_endless":false,"potions_floor_spawned":[12,14,19,24,27,33,37,39,42,47],"ascension_level":4}