{"gold_per_floor":[113,113,123,123,135,165,165,184,233,245,245,261,292,292,292,396,396,410,421,440,440],"floor_reached":21,"playtime":1488,"items_purged":[],"score":193,"play_id":"ec0b27cf-bedf-4800-81f0-55d0e86a3ee3","local_time":"20190816224055","is_ascension_mode":false,"campfire_choices":[{"data":"Chill","floor":7,"key":"SMITH"},{"floor":11,"key":"REST"},{"floor":15,"key":"REST"}],"neow_cost":"NONE","seed_source_timestamp":125018054372990,"circlet_count":0,"master_deck":["Strike_B","Strike_B","Strike_B","Defend_B","Defend_B","Defend_B","Zap","Dualcast","Ball Lightning","Conserve Battery","Iron Wave","Sweeping Beam","Chill+1","Barrage","Beam Cell","Doom and Gloom","Consume+1","Buffer","Beam Cell","Gash"],"relics":["Cracked Core","Sundial","Centennial Puzzle","Orichalcum","Black Star"],"potions_floor_usage":[6,18,21],"damage_taken":[{"damage":1,"enemies":"Jaw Worm","floor":1,"turns":3},{"damage":2,"enemies":"Small Slimes","floor":3,"turns":3},{"damage":1,"enemies":"Cultist","floor":5,"turns":3},{"damage":13,"enemies":"3 Sentries","floor":6,"turns":6},{"damage":0,"enemies":"Blue Slaver","floor":8,"turns":3},{"damage":2,"enemies":"Exordium Thugs","floor":10,"turns":4},{"damage":0,"enemies":"Looter","floor":12,"turns":2},{"damage":13,"enemies":"Gremlin Nob","floor":13,"turns":3},{"damage":66,"enemies":"Hexaghost","floor":16,"turns":11},{"damage":10,"enemies":"2 Thieves","floor":18,"turns":4},{"damage":1,"enemies":"Shell Parasite","floor":19,"turns":5},{"damage":27,"enemies":"Snake Plant","floor":20,"turns":5},{"damage":50,"enemies":"Masked Bandits","floor":21,"turns":5}],"seed_played":"1879742151883747493","potions_obtained":[{"floor":1,"key":"Ancient Potion"},{"floor":5,"key":"PowerPotion"},{"floor":8,"key":"Fire Potion"},{"floor":16,"key":"Weak Potion"},{"floor":18,"key":"SteroidPotion"}],"is_trial":false,"path_per_floor":["M","?","M","?","M","E","R","M","T","M","R","M","E","?","R","B",null,"M","M","M","?"],"character_chosen":"DEFECT","items_purchased":[],"campfire_rested":2,"item_purchase_floors":[],"current_hp_per_floor":[81,74,72,72,71,58,58,58,58,56,80,80,67,67,82,16,82,72,71,44,0],"gold":440,"neow_bonus":"TEN_PERCENT_HP_BONUS","is_prod":false,"is_daily":false,"chose_seed":false,"campfire_upgraded":1,"win_rate":0.0,"timestamp":1566009655,"path_taken":["M","?","M","?","M","E","R","M","T","?","R","M","E","?","R","BOSS","M","M","M","?"],"build_version":"2019-07-17","purchased_purges":0,"victory":false,"max_hp_per_floor":[82,82,82,82,82,82,82,82,82,82,82,82,82,82,82,82,82,82,82,82,82],"card_choices":[{"not_picked":["Storm","Conserve Battery"],"picked":"Ball Lightning","floor":1},{"not_picked":["Ball Lightning","Aggregate"],"picked":"Conserve Battery","floor":3},{"not_picked":["FTL","BootSequence"],"picked":"Sweeping Beam","floor":5},{"not_picked":["Stack","Conserve Battery"],"picked":"Chill","floor":6},{"not_picked":["Hello World","FTL"],"picked":"Barrage","floor":8},{"not_picked":["Reprogram","Rip and Tear"],"picked":"Beam Cell","floor":10},{"not_picked":["Sweeping Beam","Storm"],"picked":"Doom and Gloom","floor":12},{"not_picked":["Conserve Battery","Darkness"],"picked":"Consume","floor":13},{"not_picked":["Machine Learning","Biased Cognition"],"picked":"Buffer","floor":16},{"not_picked":["Doom and Gloom","Barrage"],"picked":"Beam Cell","floor":18},{"not_picked":["Streamline","Reprogram"],"picked":"Gash","floor":19},{"not_picked":["Sweeping Beam","Stack+1","Hologram"],"picked":"SKIP","floor":20}],"player_experience":105559,"relics_obtained":[{"floor":6,"key":"Sundial"},{"floor":9,"key":"Centennial Puzzle"},{"floor":13,"key":"Orichalcum"}],"event_choices":[{"cards_removed":["Strike_B"],"damage_healed":0,"gold_gain":0,"player_choice":"Card Removal","damage_taken":7,"max_hp_gain":0,"max_hp_loss":0,"event_name":"Golden Wing","floor":2,"gold_loss":0},{"cards_removed":["Defend_B"],"damage_healed":0,"gold_gain":0,"player_choice":"Took Card","damage_taken":0,"max_hp_gain":0,"max_hp_loss":0,"event_name":"NoteForYourself","floor":4,"gold_loss":0,"cards_obtained":["Iron Wave"]},{"damage_healed":0,"gold_gain":0,"player_choice":"Forge","damage_taken":0,"max_hp_gain":0,"max_hp_loss":0,"event_name":"Accursed Blacksmith","floor":14,"gold_loss":0,"cards_upgraded":["Consume"]},{"damage_healed":0,"gold_gain":0,"player_choice":"Fought Bandits","damage_taken":0,"max_hp_gain":0,"max_hp_loss":0,"event_name":"Masked Bandits","floor":21,"gold_loss":0}],"is_beta":false,"boss_relics":[{"not_picked":["Sozu","Astrolabe"],"picked":"Black Star"}],"items_purged_floors":[],"is_endless":false,"potions_floor_spawned":[1,5,8,16,18],"killed_by":"Masked Bandits","ascension_level":0}