{"gold_per_floor":[111,111,186,205,218,218,232,245,245,270,290,301,315,330,330,330],"floor_reached":16,"playtime":1154,"items_purged":[],"score":147,"play_id":"15f91d94-f100-4ff5-a9e5-6b316c8193b5","local_time":"20190714081712","is_ascension_mode":true,"campfire_choices":[{"floor":6,"key":"REST"},{"floor":15,"key":"REST"}],"neow_cost":"NONE","seed_source_timestamp":200621500328655,"circlet_count":0,"master_deck":["AscendersBane","Strike_R","Strike_R","Strike_R","Strike_R","Defend_R","Defend_R","Defend_R","Defend_R","Bash","Demon Form","Armaments","Seeing Red","Shrug It Off","Battle Trance"],"relics":["Burning Blood","Gremlin Horn","PreservedInsect"],"potions_floor_usage":[16,16,16],"damage_taken":[{"damage":1,"enemies":"Small Slimes","floor":1,"turns":5},{"damage":2,"enemies":"Jaw Worm","floor":4,"turns":7},{"damage":41,"enemies":"Cultist","floor":5,"turns":9},{"damage":3,"enemies":"Blue Slaver","floor":7,"turns":7},{"damage":7,"enemies":"Exordium Wildlife","floor":8,"turns":8},{"damage":31,"enemies":"3 Louse","floor":11,"turns":8},{"damage":28,"enemies":"Lots of Slimes","floor":12,"turns":12},{"damage":3,"enemies":"2 Fungi Beasts","floor":13,"turns":5},{"damage":0,"enemies":"Blue Slaver","floor":14,"turns":7},{"damage":50,"enemies":"Hexaghost","floor":16,"turns":14}],"seed_played":"8209996666010863674","potions_obtained":[{"floor":7,"key":"LiquidBronze"},{"floor":8,"key":"FearPotion"},{"floor":13,"key":"EssenceOfSteel"}],"is_trial":false,"path_per_floor":["M","?","?","M","M","R","M","M","T","T","M","M","M","M","R","B"],"character_chosen":"IRONCLAD","items_purchased":[],"campfire_rested":2,"item_purchase_floors":[],"current_hp_per_floor":[77,77,66,70,35,59,62,61,61,61,36,14,17,23,47,0],"gold":330,"neow_bonus":"ONE_RANDOM_RARE_CARD","is_prod":false,"is_daily":false,"chose_seed":false,"campfire_upgraded":0,"win_rate":0,"timestamp":1563110232,"path_taken":["M","?","?","M","M","R","M","M","T","?","M","M","?","M","R","BOSS"],"build_version":"2019-07-05","purchased_purges":0,"victory":false,"max_hp_per_floor":[80,80,80,80,80,80,80,80,80,80,80,80,80,80,80,80],"card_choices":[{"not_picked":["Warcry","Wild Strike","True Grit"],"picked":"SKIP","floor":1},{"not_picked":["Clash","Havoc","Cleave"],"picked":"SKIP","floor":4},{"not_picked":["Warcry","Thunderclap"],"picked":"Seeing Red","floor":5},{"not_picked":["Brutality","Flex"],"picked":"Shrug It Off","floor":7},{"not_picked":["Perfected Strike","Sword Boomerang","Headbutt"],"picked":"SKIP","floor":8},{"not_picked":["Combust","Cleave"],"picked":"Battle Trance","floor":11},{"not_picked":["Fire Breathing","Twin Strike","True Grit"],"picked":"SKIP","floor":12},{"not_picked":["Rage","Clothesline","Anger"],"picked":"SKIP","floor":13},{"not_picked":["Rampage","Rupture","Armaments"],"picked":"SKIP","floor":14}],"player_experience":2306077,"relics_obtained":[{"floor":9,"key":"Gremlin Horn"},{"floor":10,"key":"PreservedInsect"}],"event_choices":[{"damage_healed":0,"gold_gain":0,"cards_transformed":["Strike_R"],"player_choice":"Change","damage_taken":0,"max_hp_gain":0,"max_hp_loss":0,"event_name":"Living Wall","floor":2,"gold_loss":0,"cards_obtained":["Armaments"]},{"damage_healed":0,"gold_gain":75,"player_choice":"Gather Gold","damage_taken":11,"max_hp_gain":0,"max_hp_loss":0,"event_name":"World of Goop","floor":3,"gold_loss":0}],"is_beta":false,"boss_relics":[],"items_purged_floors":[],"is_endless":false,"potions_floor_spawned":[7,8,13],"killed_by":"Hexaghost","ascension_level":10}