{"gold_per_floor":[209,134,151,168,123,157,157,157,157,157,177,196,209,223,223,326,326,345,355,280,299,315,315,331,152,152,152],"floor_reached":27,"playtime":1535,"items_purged":["Dualcast","Strike_B"],"score":350,"play_id":"0fd67249-4f2b-4954-8e62-8445954bae35","local_time":"20190829212847","is_ascension_mode":true,"campfire_choices":[{"floor":7,"key":"REST"},{"data":"Self Repair","floor":10,"key":"SMITH"},{"floor":15,"key":"REST"},{"floor":23,"key":"REST"}],"neow_cost":"NONE","seed_source_timestamp":1366118533441100,"circlet_count":0,"master_deck":["AscendersBane","Strike_B","Strike_B","Strike_B","Defend_B","Defend_B","Defend_B+1","Defend_B","Zap+1","Self Repair+1","Conserve Battery","Capacitor","Gash","Capacitor","Buffer","Gash","All For One","Streamline","Defragment","Capacitor"],"relics":["Cracked Core","Mummified Hand","WarpedTongs","War Paint","Fusion Hammer","Molten Egg 2"],"potions_floor_usage":[6,16,27,27],"damage_taken":[{"damage":1,"enemies":"Cultist","floor":1,"turns":4},{"damage":16,"enemies":"Small Slimes","floor":3,"turns":6},{"damage":10,"enemies":"2 Louse","floor":4,"turns":4},{"damage":4,"enemies":"Looter","floor":5,"turns":5},{"damage":33,"enemies":"3 Sentries","floor":6,"turns":10},{"damage":10,"enemies":"2 Fungi Beasts","floor":11,"turns":4},{"damage":18,"enemies":"3 Louse","floor":12,"turns":4},{"damage":27,"enemies":"Large Slime","floor":13,"turns":7},{"damage":27,"enemies":"Exordium Thugs","floor":14,"turns":6},{"damage":27,"enemies":"The Guardian","floor":16,"turns":14},{"damage":22,"enemies":"Spheric Guardian","floor":18,"turns":5},{"damage":11,"enemies":"Chosen","floor":19,"turns":5},{"damage":26,"enemies":"Shelled Parasite and Fungi","floor":21,"turns":5},{"damage":25,"enemies":"3 Cultists","floor":22,"turns":6},{"damage":31,"enemies":"Snake Plant","floor":24,"turns":5},{"damage":21,"enemies":"Shelled Parasite and Fungi","floor":27,"turns":2}],"seed_played":"-5483706006314484745","potions_obtained":[{"floor":4,"key":"EssenceOfSteel"},{"floor":6,"key":"AttackPotion"},{"floor":12,"key":"Energy Potion"},{"floor":13,"key":"Fire Potion"},{"floor":16,"key":"AttackPotion"},{"floor":22,"key":"Weak Potion"},{"floor":24,"key":"PowerPotion"}],"is_trial":false,"path_per_floor":["M","$","M","M","M","E","R","?","T","R","M","M","M","M","R","B",null,"M","M","?","M","M","R","M","$","T","M"],"character_chosen":"DEFECT","items_purchased":["Capacitor"],"campfire_rested":3,"item_purchase_floors":[25],"current_hp_per_floor":[67,67,58,55,58,32,54,54,54,54,54,46,29,12,34,17,61,49,48,48,32,17,39,18,18,18,0],"gold":152,"neow_bonus":"HUNDRED_GOLD","is_prod":false,"is_daily":false,"chose_seed":false,"campfire_upgraded":1,"win_rate":0,"timestamp":1567132127,"path_taken":["M","$","M","M","M","E","R","?","T","R","M","M","M","M","R","BOSS","M","?","?","M","M","R","M","$","T","M"],"build_version":"2019-07-17","purchased_purges":2,"victory":false,"max_hp_per_floor":[75,75,75,75,75,75,75,75,75,75,75,75,75,75,75,75,75,75,75,75,75,75,75,75,75,75,75],"card_choices":[{"not_picked":["Leap","Melter"],"picked":"Self Repair","floor":1},{"not_picked":["Chaos","Steam Power","Steam"],"picked":"SKIP","floor":3},{"not_picked":["Go for the Eyes","Cold Snap"],"picked":"Conserve Battery","floor":4},{"not_picked":["Thunder Strike","Melter","Skim"],"picked":"SKIP","floor":5},{"not_picked":["Rebound","Tempest"],"picked":"Capacitor","floor":6},{"not_picked":["Skim","Auto Shields"],"picked":"Gash","floor":11},{"not_picked":["Turbo","Stack"],"picked":"Capacitor","floor":12},{"not_picked":["Ball Lightning","Go for the Eyes"],"picked":"Buffer","floor":13},{"not_picked":["Sunder","Coolheaded"],"picked":"Gash","floor":14},{"not_picked":["Hyperbeam","Seek"],"picked":"All For One","floor":16},{"not_picked":["Chill","Steam"],"picked":"Streamline","floor":18},{"not_picked":["Double Energy","Compile Driver","Tempest"],"picked":"SKIP","floor":19},{"not_picked":["Go for the Eyes","Coolheaded"],"picked":"Defragment","floor":21},{"not_picked":["Compile Driver","Sweeping Beam","Ball Lightning"],"picked":"SKIP","floor":22},{"not_picked":["Steam Power","Multi-Cast","Beam Cell"],"picked":"SKIP","floor":24}],"player_experience":2925474,"relics_obtained":[{"floor":6,"key":"Mummified Hand"},{"floor":9,"key":"War Paint"},{"floor":26,"key":"Molten Egg 2"}],"event_choices":[{"damage_healed":0,"gold_gain":0,"player_choice":"Rummage","damage_taken":0,"relics_obtained":["WarpedTongs"],"max_hp_gain":0,"max_hp_loss":0,"event_name":"Accursed Blacksmith","floor":8,"gold_loss":0,"cards_obtained":["Pain"]},{"cards_removed":["Pain"],"damage_healed":0,"gold_gain":0,"player_choice":"Gave Gold","damage_taken":0,"max_hp_gain":0,"max_hp_loss":0,"event_name":"Beggar","floor":20,"gold_loss":75}],"is_beta":false,"boss_relics":[{"not_picked":["Lizard Tail","Busted Crown"],"picked":"Fusion Hammer"}],"items_purged_floors":[2,25],"is_endless":false,"potions_floor_spawned":[4,6,12,13,16,22,24],"killed_by":"Shelled Parasite and Fungi","ascension_level":12}