{"gold_per_floor":[110,60,60,73,73,73,142,142,168,4,20,20,20,39,39,39],"floor_reached":16,"playtime":589,"items_purged":["Strike_G"],"score":178,"play_id":"2cf7f255-d7cb-4148-997b-0cafce3b1bd0","local_time":"20190711120940","is_ascension_mode":true,"campfire_choices":[{"floor":6,"key":"REST"},{"data":"Adrenaline","floor":13,"key":"SMITH"},{"floor":15,"key":"REST"}],"neow_cost":"NONE","seed_source_timestamp":1329359359804079,"circlet_count":0,"master_deck":["Strike_G","Strike_G","Defend_G","Defend_G","Defend_G","Defend_G","Defend_G","Survivor","Neutralize","Cloak And Dagger","Doppelganger","Madness","Adrenaline+1"],"relics":["Ring of the Snake","NeowsBlessing","Golden Idol","Tiny Chest","Anchor","Bottled Lightning"],"potions_floor_usage":[16,16,16],"damage_taken":[{"damage":0,"enemies":"Small Slimes","floor":1,"turns":1},{"damage":0,"enemies":"Jaw Worm","floor":4,"turns":1},{"damage":0,"enemies":"Gremlin Nob","floor":7,"turns":1},{"damage":0,"enemies":"2 Louse","floor":11,"turns":5},{"damage":23,"enemies":"Large Slime","floor":14,"turns":13},{"damage":65,"enemies":"Hexaghost","floor":16,"turns":18}],"seed_played":"-5701291938550600531","potions_obtained":[{"floor":1,"key":"Ancient Potion"},{"floor":7,"key":"SpeedPotion"},{"floor":11,"key":"Explosive Potion"}],"is_trial":false,"path_per_floor":["M","?","$","M","?","R","E","?","T","$","M","T","R","M","R","B"],"character_chosen":"THE_SILENT","items_purchased":["Madness"],"campfire_rested":2,"item_purchase_floors":[10],"current_hp_per_floor":[63,63,63,63,46,67,67,67,67,67,67,67,67,44,65,0],"gold":39,"neow_bonus":"THREE_ENEMY_KILL","is_prod":false,"is_daily":false,"chose_seed":false,"campfire_upgraded":1,"win_rate":0,"timestamp":1562864980,"path_taken":["M","?","$","M","?","R","E","?","T","?","M","?","R","M","R","BOSS"],"build_version":"2019-07-05","purchased_purges":1,"victory":false,"max_hp_per_floor":[70,70,70,70,70,70,70,70,70,70,70,70,70,70,70,70],"card_choices":[{"not_picked":["Finisher","Skewer"],"picked":"Cloak And Dagger","floor":1},{"not_picked":["Dagger Throw","Prepared","Infinite Blades"],"picked":"SKIP","floor":4},{"not_picked":["Prepared","Acrobatics","Deflect"],"picked":"SKIP","floor":7},{"not_picked":["Underhanded Strike","All Out Attack"],"picked":"Adrenaline","floor":11},{"not_picked":["Masterful Stab","Setup","Infinite Blades"],"picked":"SKIP","floor":14}],"player_experience":2218177,"relics_obtained":[{"floor":7,"key":"Tiny Chest"},{"floor":9,"key":"Anchor"},{"floor":12,"key":"Bottled Lightning"}],"event_choices":[{"cards_removed":["Strike_G"],"damage_healed":0,"gold_gain":0,"player_choice":"Card Removal","damage_taken":0,"max_hp_gain":0,"max_hp_loss":0,"event_name":"The Cleric","floor":2,"gold_loss":50},{"damage_healed":0,"gold_gain":0,"player_choice":"Take Damage","damage_taken":17,"relics_obtained":["Golden Idol"],"max_hp_gain":0,"max_hp_loss":0,"event_name":"Golden Idol","floor":5,"gold_loss":0},{"damage_healed":0,"gold_gain":0,"cards_transformed":["Strike_G"],"player_choice":"Change","damage_taken":0,"max_hp_gain":0,"max_hp_loss":0,"event_name":"Living Wall","floor":8,"gold_loss":0,"cards_obtained":["Doppelganger"]}],"is_beta":false,"boss_relics":[],"items_purged_floors":[10],"is_endless":false,"potions_floor_spawned":[1,7,11],"killed_by":"Hexaghost","ascension_level":9}