{"gold_per_floor":[115,115,65,89,104,119,142,142,166,181,181,200,200,275,275,395,395,415,8,8,24,38,38,38,54,80,118,118,143,168,168],"floor_reached":31,"playtime":1437,"items_purged":["Defend_B"],"score":339,"play_id":"a1f140b7-da83-40f8-8983-ee373381d71c","local_time":"20190303023115","is_ascension_mode":true,"campfire_choices":[{"floor":11,"key":"REST"},{"data":"Zap","floor":13,"key":"SMITH"},{"data":"Thunder Strike","floor":15,"key":"SMITH"},{"floor":23,"key":"REST"},{"floor":28,"key":"REST"}],"neow_cost":"TEN_PERCENT_HP_LOSS","seed_source_timestamp":1569521672312781,"circlet_count":0,"master_deck":["Defend_B","Defend_B","Zap+1","Thunder Strike+1","Tempest","Reinforced Body","Reinforced Body","Glacier","Electrodynamics","Biased Cognition+1","Thunder Strike+1","Leap+1","Defragment","Apotheosis","FTL","Consume+1","Seek"],"relics":["Cracked Core","Golden Idol","Smiling Mask","Astrolabe","Runic Capacitor","PreservedInsect","Dream Catcher"],"potions_floor_usage":[1,16,16,16],"damage_taken":[{"damage":10,"enemies":"2 Louse","floor":1,"turns":4},{"damage":2,"enemies":"Jaw Worm","floor":4,"turns":5},{"damage":0,"enemies":"Small Slimes","floor":5,"turns":4},{"damage":2,"enemies":"Looter","floor":6,"turns":4},{"damage":0,"enemies":"Red Slaver","floor":7,"turns":4},{"damage":2,"enemies":"Exordium Thugs","floor":10,"turns":6},{"damage":0,"enemies":"Large Slime","floor":12,"turns":5},{"damage":38,"enemies":"Hexaghost","floor":16,"turns":11},{"damage":18,"enemies":"3 Byrds","floor":18,"turns":2},{"damage":0,"enemies":"Chosen","floor":21,"turns":4},{"damage":13,"enemies":"Snecko","floor":22,"turns":3},{"damage":20,"enemies":"Centurion and Healer","floor":25,"turns":4},{"damage":22,"enemies":"Gremlin Leader","floor":27,"turns":4},{"damage":18,"enemies":"Chosen and Byrds","floor":29,"turns":4},{"damage":13,"enemies":"Cultist and Chosen","floor":30,"turns":7},{"damage":15,"enemies":"Snake Plant","floor":31,"turns":1}],"seed_played":"-2123871141917683740","potions_obtained":[{"floor":1,"key":"Fruit Juice"},{"floor":4,"key":"Regen Potion"},{"floor":7,"key":"Explosive Potion"},{"floor":10,"key":"EssenceOfSteel"},{"floor":25,"key":"PowerPotion"},{"floor":27,"key":"LiquidBronze"}],"is_trial":false,"path_per_floor":["M","?","?","M","M","M","M","?","T","M","R","M","R","?","R","B",null,"M","$","?","M","M","R","$","M","T","E","R","M","M","M"],"character_chosen":"DEFECT","items_purchased":["Apotheosis","Runic Capacitor"],"campfire_rested":3,"item_purchase_floors":[19,19],"current_hp_per_floor":[63,45,45,43,43,41,41,46,46,44,67,67,67,56,56,33,67,49,49,49,49,36,59,59,39,39,17,40,22,9,0],"gold":168,"neow_bonus":"TRANSFORM_TWO_CARDS","is_prod":false,"is_daily":false,"chose_seed":false,"campfire_upgraded":2,"win_rate":0,"timestamp":1551601875,"path_taken":["M","?","?","M","?","M","M","?","T","M","R","M","R","?","R","BOSS","M","$","?","M","M","R","$","M","T","E","R","M","M","M"],"build_version":"2019-01-23","purchased_purges":1,"victory":false,"max_hp_per_floor":[73,73,73,73,73,73,73,78,78,78,78,78,78,78,78,78,78,78,78,78,78,78,78,78,78,78,78,78,78,78,78],"card_choices":[{"not_picked":["Skim","Scrape"],"picked":"Tempest","floor":1},{"not_picked":["Leap","Redo","Coolheaded"],"picked":"SKIP","floor":4},{"not_picked":["Recycle","Gash","Force Field"],"picked":"SKIP","floor":5},{"not_picked":["Recycle","Conserve Battery"],"picked":"Reinforced Body","floor":6},{"not_picked":["Cold Snap","Rebound","Beam Cell"],"picked":"SKIP","floor":7},{"not_picked":["Coolheaded","Conserve Battery"],"picked":"Reinforced Body","floor":10},{"not_picked":["Reinforced Body","Coolheaded"],"picked":"Glacier","floor":12},{"not_picked":["Thunder Strike","Creative AI"],"picked":"Electrodynamics","floor":16},{"not_picked":["Hologram","Go for the Eyes"],"picked":"Defragment","floor":18},{"not_picked":["Ball Lightning","Reprogram","Conserve Battery"],"picked":"SKIP","floor":21},{"not_picked":["Steam","White Noise","Gash"],"picked":"SKIP","floor":22},{"not_picked":["Recycle","Turbo"],"picked":"Consume+1","floor":25},{"not_picked":["Darkness","Ball Lightning","Barrage"],"picked":"SKIP","floor":27},{"not_picked":["Go for the Eyes+1","Sunder","Redo"],"picked":"SKIP","floor":29},{"not_picked":["Aggregate","Darkness"],"picked":"Seek","floor":30}],"player_experience":1576188,"relics_obtained":[{"floor":9,"key":"Smiling Mask"},{"floor":26,"key":"PreservedInsect"},{"floor":27,"key":"Dream Catcher"}],"event_choices":[{"damage_healed":0,"gold_gain":0,"player_choice":"Take Damage","damage_taken":18,"relics_obtained":["Golden Idol"],"max_hp_gain":0,"max_hp_loss":0,"event_name":"Golden Idol","floor":2,"gold_loss":0},{"cards_removed":["Heatsinks"],"damage_healed":0,"gold_gain":0,"player_choice":"Card Removal","damage_taken":0,"max_hp_gain":0,"max_hp_loss":0,"event_name":"The Cleric","floor":3,"gold_loss":50},{"damage_healed":0,"gold_gain":0,"player_choice":"Donut","damage_taken":0,"max_hp_gain":5,"max_hp_loss":0,"event_name":"Big Fish","floor":8,"gold_loss":0},{"damage_healed":0,"gold_gain":75,"player_choice":"Gather Gold","damage_taken":11,"max_hp_gain":0,"max_hp_loss":0,"event_name":"World of Goop","floor":14,"gold_loss":0},{"damage_healed":0,"gold_gain":0,"cards_transformed":["Defend_B"],"player_choice":"Transformed","damage_taken":0,"max_hp_gain":0,"max_hp_loss":0,"event_name":"Transmorgrifier","floor":20,"gold_loss":0,"cards_obtained":["FTL"]}],"is_beta":false,"boss_relics":[{"not_picked":["Pandora\u0027s Box","Black Star"],"picked":"Astrolabe"}],"items_purged_floors":[19],"is_endless":false,"potions_floor_spawned":[1,4,7,10,12,25,27],"killed_by":"Snake Plant","ascension_level":7}