{"gold_per_floor":[119,119,135,150,100,100,120,149,149,149,159,186,202,229,229,328,378,393,393,318,318,337,357,357,376,376,376,376],"floor_reached":28,"playtime":2165,"items_purged":["Bash"],"score":240,"play_id":"2d59396c-bc32-4dbd-aee0-0abee3f0a8a2","local_time":"20190829124312","is_ascension_mode":false,"campfire_choices":[{"data":"Rage","floor":6,"key":"SMITH"},{"data":"Fire Breathing","floor":10,"key":"SMITH"},{"floor":15,"key":"REST"},{"data":"RitualDagger","floor":24,"key":"SMITH"}],"neow_cost":"NONE","seed_source_timestamp":7285107570300,"circlet_count":0,"master_deck":["Strike_R+1","Strike_R","Strike_R","Strike_R","Strike_R+1","Defend_R","Defend_R+1","Burning Pact","Iron Wave","Headbutt","Rage+1","Fire Breathing+1","Headbutt","Flex","Rampage","Feed","Bludgeon","Heavy Blade","Rampage+1","RitualDagger+1","Heavy Blade","Metallicize","Clothesline+1"],"relics":["Burning Blood","Whetstone","Bag of Marbles","Kunai","Regal Pillow","Tiny House","Bottled Lightning"],"potions_floor_usage":[25,28,28,28],"damage_taken":[{"damage":1,"enemies":"Jaw Worm","floor":1,"turns":5},{"damage":0,"enemies":"Small Slimes","floor":3,"turns":4},{"damage":4,"enemies":"2 Louse","floor":4,"turns":3},{"damage":11,"enemies":"Large Slime","floor":7,"turns":7},{"damage":29,"enemies":"Lagavulin","floor":8,"turns":8},{"damage":1,"enemies":"3 Louse","floor":11,"turns":3},{"damage":6,"enemies":"Gremlin Nob","floor":12,"turns":3},{"damage":8,"enemies":"Red Slaver","floor":13,"turns":2},{"damage":18,"enemies":"Lagavulin","floor":14,"turns":5},{"damage":45,"enemies":"The Guardian","floor":16,"turns":10},{"damage":5,"enemies":"2 Thieves","floor":18,"turns":4},{"damage":10,"enemies":"Chosen","floor":22,"turns":3},{"damage":37,"enemies":"Shelled Parasite and Fungi","floor":23,"turns":9},{"damage":34,"enemies":"Snake Plant","floor":25,"turns":5},{"damage":27,"enemies":"Book of Stabbing","floor":28,"turns":3}],"seed_played":"-6698765474185172939","potions_obtained":[{"floor":7,"key":"Explosive Potion"},{"floor":8,"key":"SkillPotion"},{"floor":11,"key":"Strength Potion"},{"floor":12,"key":"BloodPotion"},{"floor":17,"key":"SteroidPotion"},{"floor":25,"key":"Ancient Potion"}],"is_trial":false,"path_per_floor":["M","?","M","M","?","R","M","E","T","R","M","E","M","E","R","B",null,"M","?","$","?","M","M","R","M","T","?","E"],"character_chosen":"IRONCLAD","items_purchased":[],"campfire_rested":1,"item_purchase_floors":[],"current_hp_per_floor":[80,80,80,80,80,80,75,52,52,52,57,57,55,43,80,41,85,85,69,69,63,59,31,31,26,26,26,0],"gold":376,"neow_bonus":"TRANSFORM_CARD","is_prod":false,"is_daily":false,"chose_seed":false,"campfire_upgraded":3,"win_rate":0.0,"timestamp":1567075392,"path_taken":["M","?","M","M","?","R","M","E","T","R","M","E","M","E","R","BOSS","M","?","$","?","M","M","R","M","T","?","E"],"build_version":"2019-07-17","purchased_purges":1,"victory":false,"max_hp_per_floor":[80,80,80,80,80,80,80,80,80,80,80,80,80,80,80,80,85,85,90,90,90,90,93,93,93,93,93,93],"card_choices":[{"not_picked":["True Grit","Shrug It Off"],"picked":"Iron Wave","floor":1},{"not_picked":["Power Through","Twin Strike"],"picked":"Headbutt","floor":3},{"not_picked":["Armaments","Iron Wave"],"picked":"Rage","floor":4},{"not_picked":["Second Wind","Warcry"],"picked":"Fire Breathing","floor":7},{"not_picked":["Disarm","Second Wind"],"picked":"Headbutt","floor":8},{"not_picked":["Body Slam","True Grit"],"picked":"Flex","floor":11},{"not_picked":["Feel No Pain","Spot Weakness","Anger"],"picked":"SKIP","floor":12},{"not_picked":["Perfected Strike","Thunderclap"],"picked":"Rampage","floor":13},{"not_picked":["Rage","Pummel"],"picked":"Feed","floor":14},{"not_picked":["Impervious","Fiend Fire"],"picked":"Bludgeon","floor":16},{"not_picked":["Uppercut","Armaments"],"picked":"Heavy Blade","floor":17},{"not_picked":["Pummel+1","Blood for Blood+1"],"picked":"Rampage+1","floor":18},{"not_picked":["Shrug It Off","Clothesline"],"picked":"Heavy Blade","floor":22},{"not_picked":["Hemokinesis","Uppercut"],"picked":"Metallicize","floor":23},{"not_picked":["Metallicize","Dual Wield"],"picked":"Clothesline+1","floor":25}],"player_experience":16110,"relics_obtained":[{"floor":8,"key":"Whetstone"},{"floor":9,"key":"Bag of Marbles"},{"floor":12,"key":"Kunai"},{"floor":14,"key":"Regal Pillow"},{"floor":26,"key":"Bottled Lightning"}],"event_choices":[{"damage_healed":0,"gold_gain":0,"player_choice":"Ignored","damage_taken":0,"max_hp_gain":0,"max_hp_loss":0,"event_name":"Liars Game","floor":2,"gold_loss":0},{"cards_removed":["Defend_R"],"damage_healed":0,"gold_gain":0,"player_choice":"Card Removal","damage_taken":0,"max_hp_gain":0,"max_hp_loss":0,"event_name":"The Cleric","floor":5,"gold_loss":50},{"damage_healed":0,"gold_gain":0,"player_choice":"Shed Blood","damage_taken":21,"max_hp_gain":5,"max_hp_loss":0,"event_name":"Forgotten Altar","floor":19,"gold_loss":0},{"damage_healed":0,"gold_gain":0,"player_choice":"Joined the Cult","damage_taken":6,"max_hp_gain":0,"max_hp_loss":0,"event_name":"Nest","floor":21,"gold_loss":0,"cards_obtained":["RitualDagger"]},{"damage_healed":0,"gold_gain":0,"player_choice":"Ignored","damage_taken":0,"max_hp_gain":0,"max_hp_loss":0,"event_name":"Ghosts","floor":27,"gold_loss":0}],"is_beta":false,"boss_relics":[{"not_picked":["Runic Pyramid","Sozu"],"picked":"Tiny House"}],"items_purged_floors":[20],"is_endless":false,"potions_floor_spawned":[7,8,11,12,13,16,23,25],"killed_by":"Book of Stabbing","ascension_level":0}