{"gold_per_floor":[110,35,35,47,58,58,58,76,76,76,86,98,115,115,115,214,214,232,157,157,168,187,187,207,207,207,207,207],"floor_reached":28,"playtime":1849,"items_purged":["Dualcast"],"score":297,"play_id":"47a5f197-d417-4d6a-923a-33809d4c7f5a","local_time":"20190407102529","is_ascension_mode":true,"campfire_choices":[{"data":"Zap","floor":6,"key":"SMITH"},{"floor":10,"key":"REST"},{"data":"Chill","floor":15,"key":"SMITH"},{"floor":23,"key":"REST"},{"floor":25,"key":"REST"},{"floor":27,"key":"REST"}],"neow_cost":"NONE","seed_source_timestamp":207673923337218,"circlet_count":0,"master_deck":["Strike_B","Defend_B","Defend_B","Defend_B","Defend_B+1","Zap+1","Self Repair+1","Conserve Battery","Chill+1","Seek+1"],"relics":["Cracked Core","NeowsBlessing","Lantern","Kunai","Empty Cage","Vajra"],"potions_floor_usage":[16,16,16,28,28,28],"damage_taken":[{"damage":0,"enemies":"Cultist","floor":1,"turns":1},{"damage":0,"enemies":"2 Louse","floor":4,"turns":1},{"damage":0,"enemies":"Jaw Worm","floor":5,"turns":1},{"damage":17,"enemies":"Large Slime","floor":8,"turns":7},{"damage":0,"enemies":"Blue Slaver","floor":11,"turns":5},{"damage":27,"enemies":"Exordium Thugs","floor":12,"turns":7},{"damage":0,"enemies":"Red Slaver","floor":13,"turns":5},{"damage":3,"enemies":"The Guardian","floor":16,"turns":13},{"damage":17,"enemies":"3 Byrds","floor":18,"turns":9},{"damage":11,"enemies":"Shell Parasite","floor":21,"turns":19},{"damage":38,"enemies":"Snecko","floor":22,"turns":11},{"damage":44,"enemies":"Sentry and Sphere","floor":24,"turns":14},{"damage":81,"enemies":"Gremlin Leader","floor":28,"turns":7}],"seed_played":"428333447675869252","potions_obtained":[{"floor":1,"key":"EssenceOfSteel"},{"floor":5,"key":"Swift Potion"},{"floor":11,"key":"Weak Potion"},{"floor":16,"key":"Ancient Potion"},{"floor":21,"key":"Weak Potion"},{"floor":24,"key":"Weak Potion"}],"is_trial":false,"path_per_floor":["M","$","?","M","M","R","?","M","T","R","M","M","M","?","R","B",null,"M","?","?","M","M","R","M","R","T","R","E"],"character_chosen":"DEFECT","items_purchased":[],"campfire_rested":4,"item_purchase_floors":[],"current_hp_per_floor":[68,68,73,73,73,73,57,50,50,74,80,63,73,66,66,73,78,71,71,71,70,42,66,32,56,56,80,0],"gold":207,"neow_bonus":"THREE_ENEMY_KILL","is_prod":false,"is_daily":false,"chose_seed":false,"campfire_upgraded":2,"win_rate":0,"timestamp":1554650729,"path_taken":["M","$","?","M","M","R","?","?","T","R","M","M","M","?","R","BOSS","M","?","?","M","M","R","?","R","T","R","E"],"build_version":"2019-01-23","purchased_purges":1,"victory":false,"max_hp_per_floor":[75,75,80,80,80,80,80,80,80,80,80,80,80,80,80,80,80,80,80,80,80,80,80,80,80,80,80,80],"card_choices":[{"not_picked":["Barrage","Gash"],"picked":"Self Repair","floor":1},{"not_picked":["Reinforced Body","White Noise"],"picked":"Conserve Battery","floor":4},{"not_picked":["Genetic Algorithm","Rebound","Scrape"],"picked":"SKIP","floor":5},{"not_picked":["Turbo","Stack","Coolheaded"],"picked":"SKIP","floor":8},{"not_picked":["Compile Driver","Coolheaded","Go for the Eyes"],"picked":"SKIP","floor":11},{"not_picked":["Rip and Tear","Barrage","Ball Lightning"],"picked":"SKIP","floor":12},{"not_picked":["Compile Driver","Undo"],"picked":"Chill","floor":13},{"not_picked":["Multi-Cast","Amplify"],"picked":"Seek","floor":16},{"not_picked":["Darkness","Reprogram","Gash"],"picked":"SKIP","floor":18},{"not_picked":["Stack","Redo","Go for the Eyes+1"],"picked":"SKIP","floor":21},{"not_picked":["Redo","Sunder+1","Skim"],"picked":"SKIP","floor":22},{"not_picked":["Coolheaded","Steam Power","Beam Cell"],"picked":"SKIP","floor":24}],"player_experience":1809737,"relics_obtained":[{"floor":9,"key":"Lantern"},{"floor":26,"key":"Vajra"}],"event_choices":[{"damage_healed":0,"gold_gain":0,"player_choice":"Donut","damage_taken":0,"max_hp_gain":5,"max_hp_loss":0,"event_name":"Big Fish","floor":3,"gold_loss":0},{"damage_healed":0,"gold_gain":0,"player_choice":"Entered Light","damage_taken":16,"max_hp_gain":0,"max_hp_loss":0,"event_name":"Shining Light","floor":7,"gold_loss":0,"cards_upgraded":["Defend_B","Self Repair"]},{"damage_healed":0,"gold_gain":0,"player_choice":"Success","damage_taken":7,"relics_obtained":["Kunai"],"max_hp_gain":0,"max_hp_loss":0,"event_name":"Scrap Ooze","floor":14,"gold_loss":0},{"cards_removed":["Strike_B"],"damage_healed":0,"gold_gain":0,"player_choice":"Gave Gold","damage_taken":0,"max_hp_gain":0,"max_hp_loss":0,"event_name":"Beggar","floor":19,"gold_loss":75},{"damage_healed":0,"gold_gain":0,"player_choice":"Upgraded","damage_taken":0,"max_hp_gain":0,"max_hp_loss":0,"event_name":"Upgrade Shrine","floor":20,"gold_loss":0,"cards_upgraded":["Seek"]}],"is_beta":false,"boss_relics":[{"not_picked":["Black Star","Tiny House"],"picked":"Empty Cage"}],"items_purged_floors":[2],"is_endless":false,"potions_floor_spawned":[1,5,11,16,21,24],"killed_by":"Gremlin Leader","ascension_level":8}