{"gold_per_floor":[109,59,59,59,134,159,177,192,192,204,223,223,233,233,233,332,332,347,272,287,287,362,362,373,373],"floor_reached":25,"playtime":1430,"items_purged":["Strike_B"],"score":203,"play_id":"9b15dc7f-6c86-4ead-8dc7-320fe413b714","local_time":"20181112220500","is_ascension_mode":false,"campfire_choices":[{"floor":12,"key":"REST"},{"floor":15,"key":"REST"},{"floor":23,"key":"REST"}],"neow_cost":"NONE","seed_source_timestamp":2932023687922238,"circlet_count":0,"master_deck":["Strike_B","Strike_B","Defend_B","Defend_B","Defend_B","Defend_B","Zap","Cold Snap","Defragment","Loop","Sunder","Loop","RitualDagger"],"relics":["Cracked Core","Toxic Egg 2","Shuriken","Inserter"],"potions_floor_usage":[16,16,16],"damage_taken":[{"damage":1,"enemies":"Jaw Worm","floor":1,"turns":5},{"damage":15,"enemies":"3 Sentries","floor":6,"turns":10},{"damage":3,"enemies":"Small Slimes","floor":7,"turns":3},{"damage":1,"enemies":"Cultist","floor":8,"turns":3},{"damage":10,"enemies":"Looter","floor":10,"turns":3},{"damage":7,"enemies":"Blue Slaver","floor":11,"turns":5},{"damage":7,"enemies":"2 Fungi Beasts","floor":13,"turns":3},{"damage":1,"enemies":"The Guardian","floor":16,"turns":10},{"damage":18,"enemies":"Spheric Guardian","floor":18,"turns":6},{"damage":5,"enemies":"Chosen","floor":20,"turns":5},{"damage":35,"enemies":"Snake Plant","floor":24,"turns":6},{"damage":34,"enemies":"Centurion and Healer","floor":25,"turns":9}],"seed_played":"-8895742418651322506","potions_obtained":[{"floor":6,"key":"Weak Potion"},{"floor":7,"key":"PowerPotion"},{"floor":8,"key":"PowerPotion"},{"floor":16,"key":"EntropicBrew"},{"floor":20,"key":"PowerPotion"}],"is_trial":false,"path_per_floor":["M","?","?","$","?","E","M","M","T","M","M","R","M","?","R","B",null,"M","$","M","?","?","R","M","M"],"character_chosen":"DEFECT","items_purchased":[],"campfire_rested":3,"item_purchase_floors":[],"current_hp_per_floor":[81,81,81,81,70,55,52,51,51,41,34,58,51,44,68,67,82,64,64,59,53,45,69,34,0],"gold":373,"neow_bonus":"TEN_PERCENT_HP_BONUS","is_prod":false,"is_daily":false,"chose_seed":false,"campfire_upgraded":0,"win_rate":0.0,"timestamp":1542081900,"path_taken":["M","?","?","$","?","E","M","M","T","?","M","R","M","?","R","BOSS","M","$","M","?","?","R","?","M"],"build_version":"2018-11-08","purchased_purges":1,"victory":false,"max_hp_per_floor":[82,82,82,82,82,82,82,82,82,82,82,82,82,82,82,82,82,82,82,82,82,82,82,82,82],"card_choices":[{"not_picked":["Conserve Battery","Turbo"],"picked":"Cold Snap","floor":1},{"not_picked":["Chill","Hello World"],"picked":"Defragment","floor":6},{"not_picked":["Heatsinks","Beam Cell"],"picked":"Loop","floor":7},{"not_picked":["Chaos+1","Streamline","Rebound"],"picked":"SKIP","floor":8},{"not_picked":["Leap+1","Static Discharge","Consume+1"],"picked":"SKIP","floor":10},{"not_picked":["Genetic Algorithm+1","Double Energy+1"],"picked":"Sunder","floor":11},{"not_picked":["Double Energy+1","Heatsinks","Sweeping Beam"],"picked":"SKIP","floor":13},{"not_picked":["Darkness+1","Go for the Eyes","Rebound+1"],"picked":"SKIP","floor":18},{"not_picked":["Coolheaded+1","Ball Lightning"],"picked":"Loop","floor":20},{"not_picked":["Turbo+1","Stack+1","Lockon"],"picked":"SKIP","floor":24}],"player_experience":168858,"relics_obtained":[{"floor":6,"key":"Toxic Egg 2"},{"floor":9,"key":"Shuriken"}],"event_choices":[{"cards_removed":["Dualcast"],"damage_healed":0,"gold_gain":0,"player_choice":"Card Removal","damage_taken":0,"max_hp_gain":0,"max_hp_loss":0,"event_name":"The Cleric","floor":2,"gold_loss":50},{"damage_healed":0,"gold_gain":0,"player_choice":"Ignored","damage_taken":0,"max_hp_gain":0,"max_hp_loss":0,"event_name":"Liars Game","floor":3,"gold_loss":0},{"damage_healed":0,"gold_gain":75,"player_choice":"Gather Gold","damage_taken":11,"max_hp_gain":0,"max_hp_loss":0,"event_name":"World of Goop","floor":5,"gold_loss":0},{"cards_removed":["Strike_B"],"damage_healed":0,"gold_gain":0,"player_choice":"Card Removal","damage_taken":7,"max_hp_gain":0,"max_hp_loss":0,"event_name":"Golden Wing","floor":14,"gold_loss":0},{"damage_healed":0,"gold_gain":0,"player_choice":"Joined the Cult","damage_taken":6,"max_hp_gain":0,"max_hp_loss":0,"event_name":"Nest","floor":21,"gold_loss":0,"cards_obtained":["RitualDagger"]},{"damage_healed":0,"gold_gain":75,"player_choice":"Touch","damage_taken":8,"max_hp_gain":0,"max_hp_loss":0,"event_name":"FaceTrader","floor":22,"gold_loss":0}],"is_beta":false,"boss_relics":[{"not_picked":["FrozenCore","Ectoplasm"],"picked":"Inserter"}],"items_purged_floors":[19],"is_endless":false,"potions_floor_spawned":[6,7,8,10,16,20],"killed_by":"Centurion and Healer","ascension_level":0}