{"gold_per_floor":[117,117,127,147,147,147,147,109,109,138,138,149,149,167,167,296,296,311,13,33,33,53,53,85,85,110,110,110,110,129,149,149,250,250,261,272,197,212,227,227,41,73,100,100,100,100,100,110,110,110],"floor_reached":51,"playtime":5853,"items_purged":["Strike_G"],"score":904,"play_id":"bd15715b-5880-4160-bb68-c878ea1301e4","local_time":"20190827014320","is_ascension_mode":true,"campfire_choices":[{"data":"Dagger Spray","floor":6,"key":"SMITH"},{"data":"Footwork","floor":11,"key":"SMITH"},{"data":"Leg Sweep","floor":15,"key":"SMITH"},{"data":"Burst","floor":23,"key":"SMITH"},{"data":"Well Laid Plans","floor":25,"key":"SMITH"},{"data":"Acrobatics","floor":27,"key":"SMITH"},{"data":"Dash","floor":29,"key":"SMITH"},{"data":"Survivor","floor":32,"key":"SMITH"},{"floor":40,"key":"REST"},{"data":"Caltrops","floor":44,"key":"SMITH"},{"data":"Defend_G","floor":46,"key":"SMITH"},{"floor":49,"key":"REST"}],"neow_cost":"NONE","seed_source_timestamp":614238344826500,"circlet_count":0,"master_deck":["Strike_G","Strike_G","Strike_G","Strike_G","Defend_G+1","Defend_G","Defend_G","Defend_G","Defend_G","Survivor+1","Neutralize+1","Quick Slash","Footwork+1","Dash+1","Backstab","Leg Sweep+1","Burst+1","Acrobatics+1","Deadly Poison+1","Well Laid Plans+1","PiercingWail+1","Deadly Poison+1","Bullet Time+1","PiercingWail+1","Backflip+1","Caltrops+1","Crippling Poison+1","Madness+1","Madness+1","Dodge and Roll+1"],"relics":["Ring of the Serpent","Happy Flower","Pocketwatch","Omamori","Pen Nib","Bloody Idol","Runic Dome","Toxic Egg 2","Sundial","PreservedInsect","Anchor","Potion Belt","Ancient Tea Set"],"potions_floor_usage":[33,38,50],"damage_taken":[{"damage":1,"enemies":"Cultist","floor":1,"turns":4},{"damage":0,"enemies":"Small Slimes","floor":3,"turns":3},{"damage":2,"enemies":"Jaw Worm","floor":4,"turns":3},{"damage":8,"enemies":"3 Sentries","floor":10,"turns":7},{"damage":0,"enemies":"3 Louse","floor":12,"turns":2},{"damage":0,"enemies":"2 Fungi Beasts","floor":14,"turns":2},{"damage":5,"enemies":"The Guardian","floor":16,"turns":15},{"damage":0,"enemies":"Shell Parasite","floor":18,"turns":7},{"damage":0,"enemies":"2 Thieves","floor":20,"turns":4},{"damage":0,"enemies":"3 Cultists","floor":22,"turns":6},{"damage":25,"enemies":"Slavers","floor":24,"turns":6},{"damage":0,"enemies":"Centurion and Healer","floor":30,"turns":7},{"damage":18,"enemies":"Snake Plant","floor":31,"turns":5},{"damage":30,"enemies":"Automaton","floor":33,"turns":12},{"damage":5,"enemies":"3 Darklings","floor":35,"turns":6},{"damage":0,"enemies":"3 Shapes","floor":36,"turns":4},{"damage":30,"enemies":"Transient","floor":38,"turns":5},{"damage":0,"enemies":"Maw","floor":39,"turns":9},{"damage":16,"enemies":"Nemesis","floor":42,"turns":7},{"damage":1,"enemies":"3 Darklings","floor":48,"turns":6},{"damage":0,"enemies":"Awakened One","floor":50,"turns":18}],"seed_played":"7866668855037732151","potions_obtained":[{"floor":4,"key":"SpeedPotion"},{"floor":14,"key":"PowerPotion"},{"floor":16,"key":"GhostInAJar"},{"floor":33,"key":"Explosive Potion"},{"floor":42,"key":"Energy Potion"},{"floor":48,"key":"Swift Potion"}],"is_trial":false,"path_per_floor":["M","$","M","M","?","R","?","$","T","E","R","M","?","M","R","B",null,"M","$","M","?","M","R","E","R","T","R","?","R","M","M","R","B",null,"M","M","$","M","M","R","$","E","T","R","?","R","?","M","R","B",null],"character_chosen":"THE_SILENT","items_purchased":["Footwork","Toxic Egg 2","Deadly Poison+1","Anchor","Caltrops"],"campfire_rested":2,"item_purchase_floors":[8,19,19,41,41],"current_hp_per_floor":[62,62,62,60,60,60,53,53,53,45,45,45,45,45,45,40,63,63,63,63,63,68,68,48,48,53,53,53,53,58,45,45,20,58,58,63,63,38,43,64,64,53,58,58,58,58,49,53,70,70],"gold":110,"neow_bonus":"RANDOM_COMMON_RELIC","is_prod":false,"is_daily":false,"chose_seed":false,"campfire_upgraded":10,"win_rate":0,"timestamp":1566837800,"path_taken":["M","?","M","M","?","R","?","?","T","E","R","M","?","M","R","BOSS","M","$","M","?","M","R","E","R","T","R","?","R","M","M","R","BOSS","M","M","$","M","M","R","$","E","T","R","?","R","?","M","R","BOSS"],"build_version":"2019-07-17","purchased_purges":1,"victory":true,"max_hp_per_floor":[70,70,70,70,70,70,70,70,70,70,70,70,70,70,70,70,70,70,70,70,70,70,70,70,70,70,70,70,70,70,70,70,70,70,70,70,70,70,70,70,70,70,70,70,70,70,70,70,70,70],"card_choices":[{"not_picked":["Outmaneuver","Tactician"],"picked":"Quick Slash","floor":1},{"not_picked":["Sucker Punch","Masterful Stab"],"picked":"Dagger Spray","floor":3},{"not_picked":["Bane","Dagger Throw","Deflect"],"picked":"SKIP","floor":4},{"not_picked":["Storm of Steel","Acrobatics"],"picked":"Dash","floor":10},{"not_picked":["Quick Slash","Dagger Throw"],"picked":"Backstab","floor":12},{"not_picked":["Dagger Spray","Tactician"],"picked":"Leg Sweep","floor":14},{"not_picked":["Doppelganger","Unload"],"picked":"Burst","floor":16},{"not_picked":["Outmaneuver+1","Expertise"],"picked":"Acrobatics","floor":18},{"not_picked":["Slice","Dash","Eviscerate"],"picked":"SKIP","floor":20},{"not_picked":["Outmaneuver+1","Quick Slash"],"picked":"Well Laid Plans","floor":22},{"not_picked":["Tactician+1","Bane"],"picked":"PiercingWail+1","floor":24},{"not_picked":["Tactician+1","Slice"],"picked":"Deadly Poison+1","floor":30},{"not_picked":["Sucker Punch+1","Distraction+1","Underhanded Strike"],"picked":"SKIP","floor":31},{"not_picked":["Glass Knife","Venomology+1"],"picked":"Bullet Time+1","floor":33},{"not_picked":["Leg Sweep+1","Sucker Punch+1"],"picked":"PiercingWail+1","floor":35},{"not_picked":["Flying Knee+1","Choke+1","Sucker Punch+1"],"picked":"SKIP","floor":36},{"not_picked":["Poisoned Stab","Leg Sweep+1","Quick Slash"],"picked":"SKIP","floor":38},{"not_picked":["Bouncing Flask+1","Infinite Blades"],"picked":"Backflip+1","floor":39},{"not_picked":["Slice+1","Die Die Die"],"picked":"Crippling Poison+1","floor":42},{"not_picked":["Deadly Poison+1","Leg Sweep+1"],"picked":"Dodge and Roll+1","floor":48}],"player_experience":422125,"relics_obtained":[{"floor":9,"key":"Omamori"},{"floor":10,"key":"Pen Nib"},{"floor":24,"key":"Sundial"},{"floor":26,"key":"PreservedInsect"},{"floor":42,"key":"Potion Belt"},{"floor":43,"key":"Ancient Tea Set"}],"event_choices":[{"damage_healed":0,"gold_gain":0,"player_choice":"Grow","damage_taken":0,"max_hp_gain":0,"max_hp_loss":0,"event_name":"Living Wall","floor":5,"gold_loss":0,"cards_upgraded":["Neutralize"]},{"damage_healed":0,"gold_gain":0,"player_choice":"Success","damage_taken":7,"relics_obtained":["Pocketwatch"],"max_hp_gain":0,"max_hp_loss":0,"event_name":"Scrap Ooze","floor":7,"gold_loss":0},{"damage_healed":0,"gold_gain":0,"player_choice":"Take Wound","damage_taken":0,"relics_obtained":["Golden Idol"],"max_hp_gain":0,"max_hp_loss":0,"event_name":"Golden Idol","floor":13,"gold_loss":0,"cards_obtained":["Injury"]},{"damage_healed":0,"gold_gain":0,"player_choice":"Gave Idol","damage_taken":0,"relics_obtained":["Bloody Idol"],"max_hp_gain":0,"max_hp_loss":0,"event_name":"Forgotten Altar","floor":21,"relics_lost":["Golden Idol"],"gold_loss":0},{"damage_healed":0,"gold_gain":0,"player_choice":"Ignored","damage_taken":0,"max_hp_gain":0,"max_hp_loss":0,"event_name":"Vampires","floor":28,"gold_loss":0},{"cards_removed":["Dagger Spray"],"damage_healed":0,"gold_gain":0,"player_choice":"Removed Attack","damage_taken":0,"max_hp_gain":0,"max_hp_loss":0,"event_name":"Falling","floor":45,"gold_loss":0},{"damage_healed":0,"gold_gain":0,"player_choice":"Embrace Madness","damage_taken":9,"max_hp_gain":0,"max_hp_loss":0,"event_name":"Winding Halls","floor":47,"gold_loss":0,"cards_obtained":["Madness","Madness"]}],"is_beta":false,"boss_relics":[{"not_picked":["Lizard Tail","Runic Pyramid"],"picked":"Runic Dome"},{"not_picked":["White Beast Statue","Tiny House"],"picked":"Ring of the Serpent"}],"items_purged_floors":[37],"is_endless":false,"potions_floor_spawned":[4,14,16,24,31,33,36,42,48],"ascension_level":6}