{"gold_per_floor":[212,212,387,204,217,249,267,299,299,299,329,329,329,340,340,442,442,457,557,557,325,336,368,368,368,368,384,384,384,399,419,419,521,521,541,541,555,555,259,259,259,259,282,282,298,313,74,93,93,93],"floor_reached":51,"playtime":1970,"items_purged":["Doubt"],"score":799,"play_id":"ed7cf53c-0150-42c0-8a71-083d15fdffdb","local_time":"20190831112810","is_ascension_mode":true,"campfire_choices":[{"floor":10,"key":"REST"},{"floor":12,"key":"REST"},{"floor":15,"key":"REST"},{"floor":24,"key":"REST"},{"floor":32,"key":"REST"},{"data":"Limit Break","floor":40,"key":"SMITH"},{"data":"Heavy Blade","floor":49,"key":"SMITH"}],"neow_cost":"NONE","seed_source_timestamp":778128604359407,"circlet_count":0,"master_deck":["Defend_R+1","Defend_R+1","Defend_R+1","Bash+1","Spot Weakness","Rampage","Limit Break+1","Heavy Blade+1","Demon Form+1","Seeing Red","Bite","Bite","Bite","Bite","Bite","Mayhem+1","Metallicize+1","Whirlwind+1","Heavy Blade+1","Reaper","Flame Barrier","Metallicize+1","Reaper","Pummel+1"],"relics":["Burning Blood","Frozen Egg 2","Ice Cream","Thread and Needle","Peace Pipe","Juzu Bracelet","Matryoshka","Velvet Choker","Lantern","Omamori","Bronze Scales","Cursed Key","Vajra","Bottled Flame","Incense Burner","Whetstone","Self Forming Clay"],"potions_floor_usage":[14,16,16,22,33,33,48],"damage_taken":[{"damage":0,"enemies":"Small Slimes","floor":1,"turns":3},{"damage":6,"enemies":"2 Louse","floor":5,"turns":2},{"damage":37,"enemies":"3 Sentries","floor":6,"turns":9},{"damage":0,"enemies":"Cultist","floor":7,"turns":3},{"damage":30,"enemies":"Gremlin Nob","floor":8,"turns":4},{"damage":44,"enemies":"Lagavulin","floor":11,"turns":8},{"damage":7,"enemies":"Gremlin Gang","floor":14,"turns":6},{"damage":51,"enemies":"The Guardian","floor":16,"turns":12},{"damage":24,"enemies":"Shell Parasite","floor":18,"turns":5},{"damage":14,"enemies":"Spheric Guardian","floor":22,"turns":4},{"damage":29,"enemies":"Book of Stabbing","floor":23,"turns":5},{"damage":11,"enemies":"3 Cultists","floor":27,"turns":4},{"damage":23,"enemies":"Centurion and Healer","floor":30,"turns":5},{"damage":14,"enemies":"Chosen and Byrds","floor":31,"turns":3},{"damage":24,"enemies":"Champ","floor":33,"turns":7},{"damage":0,"enemies":"3 Shapes","floor":35,"turns":5},{"damage":4,"enemies":"Orb Walker","floor":37,"turns":3},{"damage":30,"enemies":"Spire Growth","floor":45,"turns":5},{"damage":5,"enemies":"Writhing Mass","floor":46,"turns":4},{"damage":0,"enemies":"Transient","floor":48,"turns":5},{"damage":13,"enemies":"Donu and Deca","floor":50,"turns":5}],"seed_played":"7537564644504401409","potions_obtained":[{"floor":1,"key":"SpeedPotion"},{"floor":5,"key":"Ancient Potion"},{"floor":11,"key":"PowerPotion"},{"floor":14,"key":"FearPotion"},{"floor":18,"key":"Poison Potion"},{"floor":27,"key":"Ancient Potion"},{"floor":30,"key":"Poison Potion"},{"floor":33,"key":"Weak Potion"},{"floor":35,"key":"Dexterity Potion"},{"floor":45,"key":"SteroidPotion"}],"is_trial":false,"path_per_floor":["M","?","?","$","M","E","M","E","T","R","E","R","?","M","R","B",null,"M","?","?","$","M","E","R","?","T","M","?","$","M","M","R","B",null,"M","?","M","?","$","R","?","T","T","$","M","M","$","M","R","B",null],"character_chosen":"IRONCLAD","items_purchased":["Spot Weakness","Rampage","Mayhem+1","Metallicize+1","Metallicize+1","Vajra","Reaper","Self Forming Clay"],"campfire_rested":5,"item_purchase_floors":[4,4,21,21,39,39,39,47],"current_hp_per_floor":[80,77,77,77,77,46,52,28,28,52,14,38,38,37,61,16,80,62,62,56,56,52,37,53,44,44,43,43,43,40,38,56,50,61,61,61,61,61,61,61,61,61,61,61,61,61,61,61,61,61],"gold":93,"neow_bonus":"HUNDRED_GOLD","is_prod":false,"is_daily":false,"chose_seed":false,"campfire_upgraded":2,"win_rate":0,"timestamp":1567265290,"path_taken":["M","?","?","$","M","E","M","E","T","R","E","R","?","M","R","BOSS","M","?","?","$","M","E","R","?","T","M","?","?","M","M","R","BOSS","M","?","M","?","$","R","?","?","T","$","M","M","$","M","R","BOSS"],"build_version":"2019-07-17","purchased_purges":1,"victory":true,"max_hp_per_floor":[80,80,80,80,80,80,80,80,80,80,80,80,80,80,80,80,80,80,80,56,56,56,56,56,61,61,61,61,61,61,61,61,61,61,61,61,61,61,61,61,61,61,61,61,61,61,61,61,61,61],"card_choices":[{"not_picked":["Pummel","Heavy Blade","Evolve"],"picked":"SKIP","floor":1},{"not_picked":["Armaments","Cleave","Dropkick"],"picked":"SKIP","floor":5},{"not_picked":["Power Through","Cleave"],"picked":"Limit Break","floor":6},{"not_picked":["Carnage","Clothesline","Perfected Strike"],"picked":"SKIP","floor":7},{"not_picked":["Pommel Strike","Wild Strike"],"picked":"Heavy Blade","floor":8},{"not_picked":["Wild Strike","Offering","Sword Boomerang"],"picked":"SKIP","floor":11},{"not_picked":["Body Slam","Ghostly Armor","Dropkick"],"picked":"SKIP","floor":14},{"not_picked":["Offering","Fiend Fire"],"picked":"Demon Form+1","floor":16},{"not_picked":["Sever Soul","Perfected Strike"],"picked":"Seeing Red","floor":18},{"not_picked":["True Grit","Warcry"],"picked":"Whirlwind","floor":22},{"not_picked":["Dropkick","Second Wind","Whirlwind"],"picked":"SKIP","floor":23},{"not_picked":["Headbutt+1","Battle Trance","Evolve+1"],"picked":"SKIP","floor":27},{"not_picked":["Battle Trance","Wild Strike","Flex"],"picked":"SKIP","floor":30},{"not_picked":["Flex","Heavy Blade+1","Shrug It Off+1"],"picked":"SKIP","floor":31},{"not_picked":["Flex","Shrug It Off+1"],"picked":"Heavy Blade+1","floor":31},{"not_picked":["Bludgeon","Demon Form+1"],"picked":"Reaper","floor":33},{"not_picked":["Carnage","Inflame+1","True Grit+1"],"picked":"SKIP","floor":35},{"not_picked":["Wild Strike","Cleave+1"],"picked":"Flame Barrier","floor":37},{"not_picked":["Searing Blow","Warcry+1"],"picked":"Pummel+1","floor":45},{"not_picked":["Twin Strike","Pommel Strike","Body Slam"],"picked":"SKIP","floor":46},{"not_picked":["Flex","Pommel Strike+1","Blood for Blood+1"],"picked":"SKIP","floor":48}],"player_experience":191927,"relics_obtained":[{"floor":6,"key":"Ice Cream"},{"floor":8,"key":"Thread and Needle"},{"floor":9,"key":"Peace Pipe"},{"floor":11,"key":"Juzu Bracelet"},{"floor":13,"key":"Matryoshka"},{"floor":23,"key":"Lantern"},{"floor":26,"key":"Omamori"},{"floor":26,"key":"Bronze Scales"},{"floor":42,"key":"Bottled Flame"},{"floor":42,"key":"Incense Burner"},{"floor":43,"key":"Whetstone"}],"event_choices":[{"damage_healed":0,"gold_gain":0,"player_choice":"Success","damage_taken":3,"relics_obtained":["Frozen Egg 2"],"max_hp_gain":0,"max_hp_loss":0,"event_name":"Scrap Ooze","floor":2,"gold_loss":0},{"damage_healed":0,"gold_gain":175,"player_choice":"AGREE","damage_taken":0,"max_hp_gain":0,"max_hp_loss":0,"event_name":"Liars Game","floor":3,"gold_loss":0,"cards_obtained":["Doubt"]},{"damage_healed":0,"gold_gain":0,"player_choice":"Relic","damage_taken":0,"max_hp_gain":0,"max_hp_loss":0,"event_name":"Wheel of Change","floor":13,"gold_loss":0},{"damage_healed":0,"gold_gain":100,"player_choice":"Pray","damage_taken":0,"max_hp_gain":0,"max_hp_loss":0,"event_name":"Golden Shrine","floor":19,"gold_loss":0},{"damage_healed":0,"gold_gain":0,"player_choice":"Became a vampire","damage_taken":0,"max_hp_gain":0,"max_hp_loss":24,"event_name":"Vampires","floor":20,"gold_loss":0,"cards_obtained":["Bite","Bite","Bite","Bite","Bite"]},{"damage_healed":0,"gold_gain":0,"player_choice":"Shed Blood","damage_taken":14,"max_hp_gain":5,"max_hp_loss":0,"event_name":"Forgotten Altar","floor":25,"gold_loss":0},{"damage_healed":0,"gold_gain":0,"player_choice":"Simplicity","damage_taken":0,"max_hp_gain":0,"max_hp_loss":0,"event_name":"Back to Basics","floor":28,"gold_loss":0,"cards_upgraded":["Defend_R","Defend_R","Defend_R","Defend_R"]},{"cards_removed":["Defend_R"],"damage_healed":0,"gold_gain":0,"player_choice":"Removed Skill","damage_taken":0,"max_hp_gain":0,"max_hp_loss":0,"event_name":"Falling","floor":36,"gold_loss":0},{"damage_healed":0,"gold_gain":0,"player_choice":"Ignored","damage_taken":0,"max_hp_gain":0,"max_hp_loss":0,"event_name":"Transmorgrifier","floor":38,"gold_loss":0},{"damage_healed":0,"gold_gain":0,"player_choice":"Ignored","damage_taken":0,"max_hp_gain":0,"max_hp_loss":0,"event_name":"Tomb of Lord Red Mask","floor":41,"gold_loss":0}],"is_beta":false,"boss_relics":[{"not_picked":["Tiny House","Orrery"],"picked":"Velvet Choker"},{"not_picked":["Calling Bell","Sozu"],"picked":"Cursed Key"}],"items_purged_floors":[4],"is_endless":false,"potions_floor_spawned":[1,5,11,14,18,27,30,33,35,45],"ascension_level":2}