{"path_per_floor":["M","M","?","?","M","E","R","M","T","$","M","?","M","?","R","B",null,"M","?","?","?","?","R"],"character_chosen":"THE_SILENT","items_purchased":["After Image"],"gold_per_floor":[114,127,127,127,140,172,172,182,235,77,96,96,111,111,111,215,215,233,233,233,233,233,233],"floor_reached":24,"campfire_rested":3,"playtime":2123,"current_hp_per_floor":[70,70,70,70,66,10,31,26,26,26,14,37,37,37,58,19,70,66,50,50,50,50,70],"items_purged":[],"gold":233,"play_id":"ace28125-593b-496a-be43-c5f8f2c6e7ab","is_prod":false,"is_daily":false,"campfire_rituals":0,"campfire_upgraded":0,"is_hardmode":false,"path_taken":["M","M","?","?","M","E","R","M","T","$","M","?","?","?","R","BOSS","M","?","?","?","?","R","E"],"build_version":"2018-01-04-PROD1","purchased_purges":0,"victory":false,"master_deck":["Defend_G","Defend_G","Defend_G","Defend_G","Defend_G","Strike_G","Strike_G","Strike_G","Strike_G","Strike_G","Survivor","Neutralize","Dagger Spray","Dagger Throw","Quick Slash","Bullet Time","Backflip","After Image","Riddle With Holes","Acrobatics","Outmaneuver","Finisher","Necronomicurse","Writhe"],"max_hp_per_floor":[70,70,70,70,70,70,70,70,70,70,70,70,70,70,70,70,70,70,70,70,70,70,70],"relics":["Ring of the Snake","Paper Crane","Happy Flower","Lizard Tail","Necronomicon","Orichalcum"],"campfire_meditates":0,"card_choices":[{"not_picked":["Crippling Poison","Deflect"],"picked":"Dagger Spray"},{"not_picked":["Acrobatics","Dodge and Roll"],"picked":"Dagger Throw"},{"not_picked":["Acrobatics","Deflect"],"picked":"Quick Slash"},{"not_picked":["Quick Slash","Sucker Punch"],"picked":"Bullet Time"},{"not_picked":["Blade Dance","Endless Agony"],"picked":"Backflip"},{"not_picked":["PiercingWail","Dagger Spray"],"picked":"Riddle With Holes"},{"not_picked":["Footwork","Dodge and Roll"],"picked":"Acrobatics"},{"not_picked":["Quick Slash","Flying Knee"],"picked":"Finisher"}],"player_experience":39230,"potions_floor_usage":[16,16],"damage_taken":[{"damage":0,"enemies":"2 Louse","floor":1,"turns":3},{"damage":0,"enemies":"Cultist","floor":2,"turns":5},{"damage":4,"enemies":"Blue Slaver","floor":5,"turns":5},{"damage":56,"enemies":"Lagavulin","floor":6,"turns":14},{"damage":5,"enemies":"3 Louse","floor":8,"turns":2},{"damage":12,"enemies":"Gremlin Gang","floor":11,"turns":3},{"damage":0,"enemies":"Looter","floor":13,"turns":3},{"damage":39,"enemies":"The Guardian","floor":16,"turns":20},{"damage":4,"enemies":"Chosen","floor":18,"turns":8},{"damage":119,"enemies":"Gremlin Leader","floor":24,"turns":9}],"event_choices":[{"event_name":"Liars Game","player_choice":"disagreed","floor":3,"damage_taken":0},{"event_name":"Golden Wing","player_choice":"Ignored","floor":4,"damage_taken":0},{"event_name":"Big Fish","player_choice":"Banana","floor":12,"damage_taken":0},{"event_name":"Match and Keep!","player_choice":"1 cards matched","floor":14,"damage_taken":0},{"event_name":"Cursed Tome","player_choice":"Obtained Book","floor":19,"damage_taken":0},{"event_name":"Back to Basics","player_choice":"Simplicity","floor":20,"damage_taken":0},{"event_name":"The Mausoleum","player_choice":"Yes","floor":21,"damage_taken":0},{"event_name":"Vampires","player_choice":"Ignored","floor":22,"damage_taken":0}],"boss_relics":[{"not_picked":["Cursed Key","The Specimen"],"picked":"Lizard Tail"}],"potions_floor_spawned":[2,8,13,18],"seed_played":"-621048907505266410","killed_by":"Gremlin Leader","is_trial":false}