{"gold_per_floor":[110,124,74,74,74,102,119,153,179,179,214,232,232,246,246,345,345,362,53,69,89,99,99,111,111,165,90,125,125,137,137,137,241,241,256,269,269,269,279,279],"floor_reached":40,"playtime":1810,"items_purged":[],"score":499,"play_id":"44e31e33-372b-4f2a-8248-9e1b340520df","local_time":"20190818225211","is_ascension_mode":true,"campfire_choices":[{"floor":10,"key":"REST"},{"data":"Armaments","floor":13,"key":"SMITH"},{"data":"Demon Form","floor":15,"key":"SMITH"},{"data":"Apotheosis","floor":23,"key":"SMITH"},{"floor":25,"key":"REST"},{"data":"Limit Break","floor":29,"key":"SMITH"},{"floor":32,"key":"REST"}],"neow_cost":"NONE","seed_source_timestamp":298181192810944,"circlet_count":0,"master_deck":["Defend_R","Defend_R","Bash","Carnage+1","Flex","Headbutt+1","Spot Weakness","Demon Form+1","Armaments+1","Feed","Limit Break+1","Apotheosis+1","Reaper","Thunderclap","Flex","Pummel+1","Bite","Bite","Bite","Bite","Bite","Heavy Blade","Double Tap"],"relics":["Burning Blood","Strawberry","Dream Catcher","Lantern","Paper Frog","Philosopher\u0027s Stone","Tiny Chest","Black Star","Dodecahedron"],"potions_floor_usage":[8,11,12,14,16,28,28,39,40,40],"damage_taken":[{"damage":6,"enemies":"Jaw Worm","floor":1,"turns":3},{"damage":5,"enemies":"Small Slimes","floor":2,"turns":5},{"damage":28,"enemies":"3 Sentries","floor":6,"turns":7},{"damage":0,"enemies":"Cultist","floor":7,"turns":2},{"damage":13,"enemies":"Lagavulin","floor":8,"turns":4},{"damage":17,"enemies":"3 Sentries","floor":11,"turns":5},{"damage":5,"enemies":"Lots of Slimes","floor":12,"turns":3},{"damage":8,"enemies":"Large Slime","floor":14,"turns":3},{"damage":46,"enemies":"Slime Boss","floor":16,"turns":9},{"damage":24,"enemies":"Shell Parasite","floor":18,"turns":4},{"damage":18,"enemies":"Chosen","floor":20,"turns":5},{"damage":30,"enemies":"Centurion and Healer","floor":21,"turns":4},{"damage":40,"enemies":"Snake Plant","floor":22,"turns":4},{"damage":44,"enemies":"Snecko","floor":24,"turns":7},{"damage":9,"enemies":"Book of Stabbing","floor":28,"turns":2},{"damage":26,"enemies":"Shelled Parasite and Fungi","floor":30,"turns":4},{"damage":88,"enemies":"Collector","floor":33,"turns":8},{"damage":44,"enemies":"3 Shapes","floor":35,"turns":5},{"damage":30,"enemies":"Orb Walker","floor":36,"turns":4},{"damage":68,"enemies":"Sphere and 2 Shapes","floor":39,"turns":5},{"damage":24,"enemies":"Reptomancer","floor":40,"turns":2}],"seed_played":"-7330986955408777902","potions_obtained":[{"floor":6,"key":"SkillPotion"},{"floor":7,"key":"Poison Potion"},{"floor":8,"key":"Fire Potion"},{"floor":11,"key":"SteroidPotion"},{"floor":14,"key":"FearPotion"},{"floor":21,"key":"Poison Potion"},{"floor":22,"key":"FearPotion"},{"floor":24,"key":"Energy Potion"},{"floor":30,"key":"Ancient Potion"},{"floor":39,"key":"Explosive Potion"}],"is_trial":false,"path_per_floor":["M","M","?","?","?","E","M","E","T","R","E","M","R","M","R","B",null,"M","$","M","M","M","R","M","R","T","?","E","R","M","?","R","B",null,"M","M","?","T","M","E"],"character_chosen":"IRONCLAD","items_purchased":["Apotheosis","Reaper"],"campfire_rested":3,"item_purchase_floors":[19,19],"current_hp_per_floor":[80,80,80,64,64,49,55,48,48,74,63,64,64,62,62,26,91,73,73,69,67,50,50,28,57,57,57,54,54,40,40,70,29,102,71,62,62,62,12,0],"gold":279,"neow_bonus":"TRANSFORM_CARD","is_prod":false,"is_daily":false,"chose_seed":false,"campfire_upgraded":4,"win_rate":0,"timestamp":1566183131,"path_taken":["M","M","?","?","?","E","?","E","T","R","E","?","R","M","R","BOSS","M","$","?","?","M","R","M","R","T","?","E","R","M","?","R","BOSS","M","M","?","?","?","E"],"build_version":"2019-07-17","purchased_purges":0,"victory":false,"max_hp_per_floor":[80,80,80,80,80,87,87,87,87,87,87,87,87,87,87,91,91,91,91,91,91,94,94,98,98,98,98,98,98,102,102,102,102,102,102,102,102,102,102,102],"card_choices":[{"not_picked":["Second Wind","Battle Trance"],"picked":"Flex","floor":1},{"not_picked":["Evolve","Sentinel"],"picked":"Headbutt","floor":2},{"not_picked":["Clash","Corruption","Hemokinesis"],"picked":"SKIP","floor":6},{"not_picked":["Clash","Rage"],"picked":"Spot Weakness","floor":7},{"not_picked":["Feel No Pain","Impervious"],"picked":"Demon Form","floor":8},{"not_picked":["Body Slam","Pommel Strike"],"picked":"Armaments","floor":10},{"not_picked":["True Grit","Warcry"],"picked":"Feed","floor":11},{"not_picked":["True Grit","Twin Strike","Bloodletting"],"picked":"SKIP","floor":12},{"not_picked":["True Grit","Twin Strike","Bloodletting"],"picked":"SKIP","floor":12},{"not_picked":["Warcry","Clash","Uppercut"],"picked":"SKIP","floor":14},{"not_picked":["Bludgeon","Juggernaut"],"picked":"Limit Break","floor":16},{"not_picked":["True Grit+1","Carnage","Armaments"],"picked":"SKIP","floor":18},{"not_picked":["Searing Blow","Combust"],"picked":"Thunderclap","floor":20},{"not_picked":["Wild Strike","Havoc","Dual Wield"],"picked":"SKIP","floor":21},{"not_picked":["Armaments+1","Dropkick"],"picked":"Flex","floor":22},{"not_picked":["Offering","Flame Barrier","Fire Breathing"],"picked":"SKIP","floor":24},{"not_picked":["Cleave","Twin Strike+1"],"picked":"Pummel+1","floor":25},{"not_picked":["Havoc","Wild Strike+1","Bloodletting+1"],"picked":"SKIP","floor":28},{"not_picked":["Cleave","Iron Wave","Intimidate"],"picked":"SKIP","floor":30},{"not_picked":["True Grit","Sword Boomerang+1"],"picked":"Heavy Blade","floor":32},{"not_picked":["Juggernaut","Dark Embrace"],"picked":"Double Tap","floor":33},{"not_picked":["Thunderclap","Twin Strike","Entrench+1"],"picked":"SKIP","floor":35},{"not_picked":["Wild Strike","Armaments","Clash+1"],"picked":"SKIP","floor":36},{"not_picked":["Rage","Wild Strike+1","Shrug It Off+1"],"picked":"SKIP","floor":39}],"player_experience":130715,"relics_obtained":[{"floor":6,"key":"Strawberry"},{"floor":8,"key":"Dream Catcher"},{"floor":9,"key":"Lantern"},{"floor":11,"key":"Paper Frog"},{"floor":26,"key":"Tiny Chest"},{"floor":28,"key":"Blood Vial"},{"floor":38,"key":"Dodecahedron"}],"event_choices":[{"cards_removed":["Strike_R"],"damage_healed":0,"gold_gain":0,"player_choice":"Card Removal","damage_taken":0,"max_hp_gain":0,"max_hp_loss":0,"event_name":"The Cleric","floor":3,"gold_loss":50},{"damage_healed":0,"gold_gain":0,"player_choice":"Entered Light","damage_taken":16,"max_hp_gain":0,"max_hp_loss":0,"event_name":"Shining Light","floor":4,"gold_loss":0,"cards_upgraded":["Headbutt","Defend_R"]},{"damage_healed":0,"gold_gain":0,"player_choice":"Grow","damage_taken":0,"max_hp_gain":0,"max_hp_loss":0,"event_name":"Living Wall","floor":5,"gold_loss":0,"cards_upgraded":["Carnage"]},{"cards_removed":["Defend_R"],"damage_healed":0,"gold_gain":0,"player_choice":"Gave Gold","damage_taken":0,"max_hp_gain":0,"max_hp_loss":0,"event_name":"Beggar","floor":27,"gold_loss":75},{"damage_healed":0,"gold_gain":0,"player_choice":"Became a vampire (Vial)","damage_taken":0,"max_hp_gain":0,"max_hp_loss":0,"event_name":"Vampires","floor":31,"relics_lost":["Blood Vial"],"gold_loss":0,"cards_obtained":["Bite","Bite","Bite","Bite","Bite"]},{"cards_removed":["Defend_R"],"damage_healed":0,"gold_gain":0,"player_choice":"Removed Skill","damage_taken":0,"max_hp_gain":0,"max_hp_loss":0,"event_name":"Falling","floor":37,"gold_loss":0}],"is_beta":false,"boss_relics":[{"not_picked":["Orrery","Lizard Tail"],"picked":"Philosopher\u0027s Stone"},{"not_picked":["White Beast Statue","Runic Pyramid"],"picked":"Black Star"}],"items_purged_floors":[],"is_endless":false,"potions_floor_spawned":[6,7,8,11,14,21,22,24,30,39],"killed_by":"Reptomancer","ascension_level":1}