{"gold_per_floor":[109,129,129,139,151,151,164,194,194,194,51,51,69,69,69,69],"floor_reached":16,"playtime":560,"items_purged":["Strike_B"],"score":147,"play_id":"e19b5022-5bfa-4247-9c08-c41fd927c8ca","local_time":"20190826181011","is_ascension_mode":true,"campfire_choices":[{"floor":6,"key":"REST"},{"floor":10,"key":"REST"},{"floor":12,"key":"REST"},{"floor":15,"key":"REST"}],"neow_cost":"PERCENT_DAMAGE","seed_source_timestamp":1095974904200700,"circlet_count":0,"master_deck":["AscendersBane","Strike_B","Strike_B","Strike_B","Defend_B","Defend_B","Defend_B","Defend_B","Zap","Capacitor","Consume","Self Repair"],"relics":["Cracked Core","Gambling Chip","Shuriken"],"potions_floor_usage":[13,13],"damage_taken":[{"damage":8,"enemies":"2 Louse","floor":1,"turns":4},{"damage":4,"enemies":"Jaw Worm","floor":2,"turns":7},{"damage":1,"enemies":"Cultist","floor":4,"turns":4},{"damage":0,"enemies":"Large Slime","floor":5,"turns":6},{"damage":28,"enemies":"Exordium Wildlife","floor":7,"turns":6},{"damage":53,"enemies":"Lots of Slimes","floor":13,"turns":5},{"damage":59,"enemies":"Hexaghost","floor":16,"turns":9}],"seed_played":"-5121869188685488743","potions_obtained":[{"floor":2,"key":"Dexterity Potion"},{"floor":4,"key":"Strength Potion"},{"floor":5,"key":"Regen Potion"}],"is_trial":false,"path_per_floor":["M","M","?","M","M","R","M","?","T","R","$","R","M","$","R","B"],"character_chosen":"DEFECT","items_purchased":["Self Repair"],"campfire_rested":4,"item_purchase_floors":[11],"current_hp_per_floor":[42,38,31,30,30,52,24,24,24,46,46,68,36,36,58,0],"gold":69,"neow_bonus":"ONE_RARE_RELIC","is_prod":false,"is_daily":false,"chose_seed":false,"campfire_upgraded":0,"win_rate":0,"timestamp":1566861011,"path_taken":["M","M","?","M","M","R","M","?","T","R","?","R","M","$","R","BOSS"],"build_version":"2019-07-17","purchased_purges":1,"victory":false,"max_hp_per_floor":[75,75,75,75,75,75,75,75,75,75,75,75,75,75,75,75],"card_choices":[{"not_picked":["Compile Driver","Chaos","Force Field"],"picked":"SKIP","floor":1},{"not_picked":["Streamline","Skim","Ball Lightning"],"picked":"SKIP","floor":2},{"not_picked":["Ball Lightning","Hologram"],"picked":"Capacitor","floor":4},{"not_picked":["Force Field","Beam Cell"],"picked":"Consume","floor":5},{"not_picked":["Steam","Recycle","Skim"],"picked":"SKIP","floor":7},{"not_picked":["Hologram","Melter","Tempest"],"picked":"SKIP","floor":13}],"player_experience":2918234,"relics_obtained":[{"floor":9,"key":"Shuriken"}],"event_choices":[{"cards_removed":["Dualcast"],"damage_healed":0,"gold_gain":0,"player_choice":"Card Removal","damage_taken":7,"max_hp_gain":0,"max_hp_loss":0,"event_name":"Golden Wing","floor":3,"gold_loss":0},{"damage_healed":0,"gold_gain":30,"player_choice":"Searched \u00271\u0027 times","damage_taken":0,"max_hp_gain":0,"max_hp_loss":0,"event_name":"Dead Adventurer","floor":8,"gold_loss":0}],"is_beta":false,"boss_relics":[],"items_purged_floors":[11],"is_endless":false,"potions_floor_spawned":[2,4,5],"killed_by":"Hexaghost","ascension_level":12}