{"gold_per_floor":[111,111,126,136,151,151,181,181,227,242,88,88,100,119,119,215,215,229,240,240,258,277,277,291,61,88,13,24,24,40,68,68,68],"floor_reached":33,"playtime":1825,"items_purged":[],"score":502,"play_id":"3ec7b314-b54a-4e77-9721-06a92ff7b2aa","local_time":"20190830101301","is_ascension_mode":true,"campfire_choices":[{"data":"Armaments","floor":6,"key":"SMITH"},{"data":"Bash","floor":8,"key":"SMITH"},{"data":"Evolve","floor":12,"key":"SMITH"},{"data":"Uppercut","floor":15,"key":"SMITH"},{"data":"Bludgeon","floor":23,"key":"SMITH"},{"floor":29,"key":"REST"},{"floor":32,"key":"REST"}],"neow_cost":"PERCENT_DAMAGE","seed_source_timestamp":69031528182700,"circlet_count":0,"master_deck":["AscendersBane","Strike_R+1","Strike_R+1","Strike_R+1","Strike_R+1","Strike_R+1","Defend_R+1","Defend_R+1","Defend_R+1","Bash+1","Bludgeon+1","Cleave","Armaments+1","Ghostly Armor","Evolve+1","Flame Barrier","Uppercut+1","Impervious","Pommel Strike","Battle Trance","Fiend Fire","True Grit+1"],"relics":["Burning Blood","Singing Bowl","Boot","PreservedInsect","Cursed Key","Bag of Marbles","Ancient Tea Set","Strawberry"],"potions_floor_usage":[4,7,7,21,22,33],"damage_taken":[{"damage":9,"enemies":"Jaw Worm","floor":1,"turns":3},{"damage":6,"enemies":"Cultist","floor":3,"turns":3},{"damage":0,"enemies":"Small Slimes","floor":4,"turns":2},{"damage":48,"enemies":"Exordium Thugs","floor":5,"turns":6},{"damage":0,"enemies":"3 Sentries","floor":7,"turns":3},{"damage":5,"enemies":"2 Fungi Beasts","floor":10,"turns":4},{"damage":0,"enemies":"3 Louse","floor":13,"turns":3},{"damage":0,"enemies":"Lots of Slimes","floor":14,"turns":3},{"damage":45,"enemies":"Slime Boss","floor":16,"turns":12},{"damage":19,"enemies":"2 Thieves","floor":18,"turns":4},{"damage":5,"enemies":"Chosen","floor":19,"turns":5},{"damage":22,"enemies":"3 Cultists","floor":21,"turns":7},{"damage":13,"enemies":"Centurion and Healer","floor":22,"turns":4},{"damage":14,"enemies":"Snake Plant","floor":24,"turns":3},{"damage":18,"enemies":"Cultist and Chosen","floor":28,"turns":6},{"damage":16,"enemies":"Sentry and Sphere","floor":30,"turns":4},{"damage":15,"enemies":"Book of Stabbing","floor":31,"turns":4},{"damage":100,"enemies":"Automaton","floor":33,"turns":12}],"seed_played":"771587399344093651","potions_obtained":[{"floor":1,"key":"BloodPotion"},{"floor":3,"key":"Explosive Potion"},{"floor":5,"key":"Fire Potion"},{"floor":13,"key":"FearPotion"},{"floor":21,"key":"Fruit Juice"},{"floor":22,"key":"Fruit Juice"},{"floor":30,"key":"Ancient Potion"},{"floor":31,"key":"Strength Potion"}],"is_trial":false,"path_per_floor":["M","?","M","M","M","R","E","R","T","M","$","R","M","M","R","B",null,"M","M","?","M","M","R","M","$","T","?","M","R","M","E","R","B"],"character_chosen":"IRONCLAD","items_purchased":["PreservedInsect","Battle Trance","Bag of Marbles"],"campfire_rested":2,"item_purchase_floors":[11,25,25],"current_hp_per_floor":[48,48,48,74,32,32,38,38,38,39,39,39,47,53,53,14,65,54,57,57,46,46,46,40,40,40,40,28,58,50,48,80,0],"gold":68,"neow_bonus":"THREE_RARE_CARDS","is_prod":false,"is_daily":false,"chose_seed":false,"campfire_upgraded":5,"win_rate":0,"timestamp":1567127581,"path_taken":["M","?","?","M","M","R","E","R","T","M","$","R","M","M","R","BOSS","M","M","?","M","M","R","M","$","T","?","?","R","M","E","R","BOSS"],"build_version":"2019-07-17","purchased_purges":0,"victory":false,"max_hp_per_floor":[80,80,80,80,80,80,80,80,80,80,80,80,82,82,82,82,82,84,86,86,91,98,98,100,100,100,100,100,100,102,109,109,109],"card_choices":[{"not_picked":["Exhume","Impervious"],"picked":"Bludgeon","floor":0},{"not_picked":["Second Wind","Thunderclap"],"picked":"Cleave","floor":1},{"not_picked":["Pommel Strike","Rupture"],"picked":"Armaments","floor":3},{"not_picked":["Sword Boomerang","Body Slam"],"picked":"Ghostly Armor","floor":4},{"not_picked":["Fire Breathing","Body Slam","Rupture"],"picked":"SKIP","floor":5},{"not_picked":["Headbutt","Dual Wield"],"picked":"Evolve","floor":7},{"not_picked":["Body Slam","Burning Pact"],"picked":"Flame Barrier","floor":10},{"not_picked":["Cleave","Bludgeon","Clash"],"picked":"Singing Bowl","floor":13},{"not_picked":["Power Through","Infernal Blade"],"picked":"Uppercut","floor":14},{"not_picked":["Demon Form","Offering"],"picked":"Impervious","floor":16},{"not_picked":["Infernal Blade","Dual Wield","Metallicize"],"picked":"Singing Bowl","floor":18},{"not_picked":["Twin Strike","Armaments","Clothesline"],"picked":"Singing Bowl","floor":19},{"not_picked":["Uppercut","Perfected Strike"],"picked":"Pommel Strike","floor":21},{"not_picked":["Seeing Red+1","Sever Soul+1","Rage"],"picked":"Singing Bowl","floor":22},{"not_picked":["Flex","Searing Blow","True Grit"],"picked":"Singing Bowl","floor":24},{"not_picked":["Warcry","Headbutt"],"picked":"Fiend Fire","floor":28},{"not_picked":["Headbutt","Rage","Cleave"],"picked":"Singing Bowl","floor":30},{"not_picked":["Ghostly Armor","Carnage+1"],"picked":"True Grit+1","floor":31}],"player_experience":495121,"relics_obtained":[{"floor":7,"key":"Singing Bowl"},{"floor":9,"key":"Boot"},{"floor":26,"key":"Ancient Tea Set"},{"floor":31,"key":"Strawberry"}],"event_choices":[{"cards_removed":["Defend_R"],"damage_healed":0,"gold_gain":0,"player_choice":"Purged","damage_taken":0,"max_hp_gain":0,"max_hp_loss":0,"event_name":"Purifier","floor":2,"gold_loss":0},{"damage_healed":0,"gold_gain":0,"player_choice":"Simplicity","damage_taken":0,"max_hp_gain":0,"max_hp_loss":0,"event_name":"Back to Basics","floor":20,"gold_loss":0,"cards_upgraded":["Strike_R","Strike_R","Strike_R","Strike_R","Strike_R","Defend_R","Defend_R","Defend_R"]},{"cards_removed":["Doubt"],"damage_healed":0,"gold_gain":0,"player_choice":"Gave Gold","damage_taken":0,"max_hp_gain":0,"max_hp_loss":0,"event_name":"Beggar","floor":27,"gold_loss":75}],"is_beta":false,"boss_relics":[{"not_picked":["Tiny House","Astrolabe"],"picked":"Cursed Key"}],"items_purged_floors":[],"is_endless":false,"potions_floor_spawned":[1,3,5,13,21,22,30,31],"killed_by":"Automaton","ascension_level":12}