{"gold_per_floor":[115,125,125,200,200,229,229,259,286,4,16,42,42,22,22,123,123,140,140,65,83,94,94,107,126,126,141,240,255,255,287,287,287],"floor_reached":33,"playtime":1957,"items_purged":["Strike_G"],"score":374,"play_id":"8758f7d7-a999-456e-ab98-b94041c90932","local_time":"20190325230101","is_ascension_mode":true,"campfire_choices":[{"floor":7,"key":"REST"},{"floor":15,"key":"REST"},{"floor":23,"key":"RECALL"},{"floor":30,"key":"REST"},{"floor":32,"key":"REST"}],"neow_cost":"NONE","seed_source_timestamp":0,"circlet_count":0,"master_deck":["Defend_G+1","Defend_G+1","Defend_G+1","Defend_G+1","Defend_G+1","Strike_G+1","Strike_G+1","Strike_G+1","Survivor","Neutralize","Dash","Noxious Fumes+1","Catalyst","Noxious Fumes","Dash","Leg Sweep","Blur","Caltrops"],"special_seed":0,"relics":["Ring of the Snake","Blood Vial","Centennial Puzzle","Omamori","DollysMirror","Smiling Mask","Fusion Hammer","The Courier","Red Mask"],"potions_floor_usage":[12,12,16,25,31,31,33,33],"damage_taken":[{"damage":6,"enemies":"Jaw Worm","floor":1,"turns":7},{"damage":1,"enemies":"2 Louse","floor":2,"turns":3},{"damage":40,"enemies":"Gremlin Nob","floor":6,"turns":5},{"damage":32,"enemies":"Lagavulin","floor":8,"turns":8},{"damage":0,"enemies":"Small Slimes","floor":11,"turns":4},{"damage":3,"enemies":"3 Sentries","floor":12,"turns":7},{"damage":7,"enemies":"Exordium Thugs","floor":14,"turns":4},{"damage":7,"enemies":"Hexaghost","floor":16,"turns":10},{"damage":0,"enemies":"Shell Parasite","floor":18,"turns":7},{"damage":11,"enemies":"2 Thieves","floor":21,"turns":5},{"damage":0,"enemies":"Snake Plant","floor":22,"turns":6},{"damage":7,"enemies":"3 Cultists","floor":24,"turns":6},{"damage":6,"enemies":"Sentry and Sphere","floor":25,"turns":6},{"damage":4,"enemies":"Centurion and Healer","floor":27,"turns":7},{"damage":8,"enemies":"Snake Plant","floor":29,"turns":5},{"damage":23,"enemies":"Masked Bandits","floor":31,"turns":4},{"damage":92,"enemies":"Champ","floor":33,"turns":9}],"seed_played":"-3278263526800765950","potions_obtained":[{"floor":1,"key":"Energy Potion"},{"floor":8,"key":"Dexterity Potion"},{"floor":11,"key":"Swift Potion"},{"floor":14,"key":"AttackPotion"},{"floor":22,"key":"SpeedPotion"},{"floor":27,"key":"Ancient Potion"},{"floor":29,"key":"Explosive Potion"},{"floor":31,"key":"SkillPotion"}],"is_trial":false,"path_per_floor":["M","M","?","?","?","E","R","E","T","$","M","E","?","M","R","B",null,"M","?","?","M","M","R","M","M","T","M","?","M","R","?","R","B"],"character_chosen":"THE_SILENT","items_purchased":["DollysMirror"],"campfire_rested":4,"item_purchase_floors":[10],"current_hp_per_floor":[64,63,63,52,57,17,41,11,11,11,13,12,12,7,31,26,68,70,70,70,61,63,63,58,54,54,52,52,46,70,49,73,0],"gold":287,"neow_bonus":"TEN_PERCENT_HP_BONUS","is_prod":false,"is_daily":false,"chose_seed":false,"campfire_upgraded":0,"win_rate":0,"timestamp":1553572861,"path_taken":["M","M","?","?","?","E","R","E","T","?","M","E","?","?","R","BOSS","M","?","?","M","M","R","M","M","T","M","?","M","R","?","R","BOSS"],"build_version":"2019-01-23","purchased_purges":1,"victory":false,"max_hp_per_floor":[77,77,77,77,82,82,82,82,82,82,82,82,82,82,82,82,82,82,82,82,82,82,82,82,82,82,82,82,82,82,82,82,82],"card_choices":[{"not_picked":["Masterful Stab","Skewer"],"picked":"Dash","floor":1},{"not_picked":["Prepared","Bane"],"picked":"Noxious Fumes","floor":2},{"not_picked":["Dagger Throw","PiercingWail","Dagger Spray"],"picked":"SKIP","floor":6},{"not_picked":["Distraction","Prepared"],"picked":"Catalyst","floor":8},{"not_picked":["Poisoned Stab","Backstab"],"picked":"Dash","floor":11},{"not_picked":["Backflip","Dodge and Roll","Slice"],"picked":"SKIP","floor":12},{"not_picked":["Finisher","Backflip"],"picked":"Leg Sweep","floor":14},{"not_picked":["Flechettes","Underhanded Strike","Concentrate"],"picked":"SKIP","floor":18},{"not_picked":["Eviscerate+1","Bouncing Flask+1","Predator+1"],"picked":"SKIP","floor":21},{"not_picked":["Slice+1","Deflect","Outmaneuver"],"picked":"SKIP","floor":22},{"not_picked":["Dagger Throw+1","Slice","Deadly Poison+1"],"picked":"SKIP","floor":24},{"not_picked":["Riddle With Holes+1","Die Die Die","Slice"],"picked":"SKIP","floor":25},{"not_picked":["Infinite Blades","Underhanded Strike"],"picked":"Blur","floor":27},{"not_picked":["Riddle With Holes","Expertise"],"picked":"Caltrops","floor":29}],"player_experience":1737353,"relics_obtained":[{"floor":6,"key":"Blood Vial"},{"floor":8,"key":"Centennial Puzzle"},{"floor":9,"key":"Omamori"},{"floor":12,"key":"Smiling Mask"},{"floor":26,"key":"The Courier"},{"floor":31,"key":"Red Mask"}],"event_choices":[{"damage_healed":0,"gold_gain":0,"player_choice":"Ignored","damage_taken":0,"max_hp_gain":0,"max_hp_loss":0,"event_name":"Liars Game","floor":3,"gold_loss":0},{"damage_healed":0,"gold_gain":75,"player_choice":"Gather Gold","damage_taken":11,"max_hp_gain":0,"max_hp_loss":0,"event_name":"World of Goop","floor":4,"gold_loss":0},{"damage_healed":0,"gold_gain":0,"player_choice":"Donut","damage_taken":0,"max_hp_gain":5,"max_hp_loss":0,"event_name":"Big Fish","floor":5,"gold_loss":0},{"damage_healed":0,"gold_gain":0,"player_choice":"Upgraded","damage_taken":0,"max_hp_gain":0,"max_hp_loss":0,"event_name":"Upgrade Shrine","floor":13,"gold_loss":0,"cards_upgraded":["Noxious Fumes"]},{"damage_healed":0,"gold_gain":0,"player_choice":"Simplicity","damage_taken":0,"max_hp_gain":0,"max_hp_loss":0,"event_name":"Back to Basics","floor":19,"gold_loss":0,"cards_upgraded":["Defend_G","Defend_G","Defend_G","Defend_G","Defend_G","Strike_G","Strike_G","Strike_G","Strike_G"]},{"cards_removed":["Strike_G"],"damage_healed":0,"gold_gain":0,"player_choice":"Gave Gold","damage_taken":0,"max_hp_gain":0,"max_hp_loss":0,"event_name":"Beggar","floor":20,"gold_loss":75},{"damage_healed":0,"gold_gain":99,"player_choice":"Stole From Cult","damage_taken":0,"max_hp_gain":0,"max_hp_loss":0,"event_name":"Nest","floor":28,"gold_loss":0},{"damage_healed":0,"gold_gain":0,"player_choice":"Fought Bandits","damage_taken":0,"max_hp_gain":0,"max_hp_loss":0,"event_name":"Masked Bandits","floor":31,"gold_loss":0}],"is_beta":false,"boss_relics":[{"not_picked":["White Beast Statue","Calling Bell"],"picked":"Fusion Hammer"}],"items_purged_floors":[10],"is_endless":false,"potions_floor_spawned":[1,8,11,14,22,27,29,31],"killed_by":"Champ","ascension_level":8}