{"gold_per_floor":[114,114,114,39,52,52,65,79,105,180,180,195,220,190,190,190],"floor_reached":16,"playtime":1518,"items_purged":["Strike_G"],"score":126,"play_id":"bec77573-9379-459c-b4cc-46850c58e036","local_time":"20190324210852","is_ascension_mode":true,"campfire_choices":[{"floor":6,"key":"REST"},{"data":"Footwork","floor":11,"key":"SMITH"},{"floor":15,"key":"REST"}],"neow_cost":"NONE","seed_source_timestamp":701783099299367,"circlet_count":0,"master_deck":["Defend_G","Defend_G","Defend_G","Defend_G","Defend_G","Strike_G","Strike_G","Strike_G","Survivor","Neutralize+1","Footwork+1","Caltrops"],"relics":["Ring of the Snake","Golden Idol","Happy Flower","Odd Mushroom"],"potions_floor_usage":[16,16,16],"damage_taken":[{"damage":0,"enemies":"Jaw Worm","floor":1,"turns":5},{"damage":0,"enemies":"Small Slimes","floor":5,"turns":5},{"damage":0,"enemies":"2 Louse","floor":7,"turns":4},{"damage":0,"enemies":"Exordium Wildlife","floor":8,"turns":4},{"damage":2,"enemies":"Large Slime","floor":12,"turns":17},{"damage":11,"enemies":"The Mushroom Lair","floor":13,"turns":9},{"damage":0,"enemies":"Looter","floor":14,"turns":4},{"damage":65,"enemies":"Hexaghost","floor":16,"turns":18}],"seed_played":"-3880818927421354815","potions_obtained":[{"floor":5,"key":"SneckoOil"},{"floor":7,"key":"Block Potion"},{"floor":13,"key":"Ancient Potion"}],"is_trial":false,"path_per_floor":["M","?","?","$","M","R","M","M","T","?","R","M","?","M","R","B"],"character_chosen":"THE_SILENT","items_purchased":[],"campfire_rested":2,"item_purchase_floors":[],"current_hp_per_floor":[63,46,46,46,46,67,67,67,67,56,56,54,43,43,64,0],"gold":190,"neow_bonus":"UPGRADE_CARD","is_prod":false,"is_daily":false,"chose_seed":false,"campfire_upgraded":1,"win_rate":0,"timestamp":1553479732,"path_taken":["M","?","?","$","M","R","M","M","T","?","R","M","?","M","R","BOSS"],"build_version":"2019-01-23","purchased_purges":1,"victory":false,"max_hp_per_floor":[70,70,70,70,70,70,70,70,70,70,70,70,70,70,70,70],"card_choices":[{"not_picked":["Sucker Punch","Acrobatics","All Out Attack"],"picked":"SKIP","floor":1},{"not_picked":["Deadly Poison","Slice"],"picked":"Footwork","floor":5},{"not_picked":["Acrobatics","Eviscerate","Outmaneuver"],"picked":"SKIP","floor":7},{"not_picked":["Concentrate","Terror","Prepared"],"picked":"SKIP","floor":8},{"not_picked":["Expertise","Accuracy","Prepared"],"picked":"SKIP","floor":12},{"not_picked":["All Out Attack","Dagger Throw"],"picked":"Caltrops","floor":13},{"not_picked":["Unload","Setup","Predator"],"picked":"SKIP","floor":14}],"player_experience":1735835,"relics_obtained":[{"floor":9,"key":"Happy Flower"},{"floor":13,"key":"Odd Mushroom"}],"event_choices":[{"damage_healed":0,"gold_gain":0,"player_choice":"Take Damage","damage_taken":17,"relics_obtained":["Golden Idol"],"max_hp_gain":0,"max_hp_loss":0,"event_name":"Golden Idol","floor":2,"gold_loss":0},{"cards_removed":["Strike_G"],"damage_healed":0,"gold_gain":0,"player_choice":"Forget","damage_taken":0,"max_hp_gain":0,"max_hp_loss":0,"event_name":"Living Wall","floor":3,"gold_loss":0},{"damage_healed":0,"gold_gain":75,"player_choice":"Gather Gold","damage_taken":11,"max_hp_gain":0,"max_hp_loss":0,"event_name":"World of Goop","floor":10,"gold_loss":0},{"damage_healed":0,"gold_gain":0,"player_choice":"Fought Mushrooms","damage_taken":0,"max_hp_gain":0,"max_hp_loss":0,"event_name":"Mushrooms","floor":13,"gold_loss":0}],"is_beta":false,"boss_relics":[],"items_purged_floors":[4],"is_endless":false,"potions_floor_spawned":[5,7,13],"killed_by":"Hexaghost","ascension_level":8}