{"gold_per_floor":[118,138,138,138,165,190,204,204],"floor_reached":8,"playtime":460,"items_purged":[],"score":77,"play_id":"c4703e33-7abb-40d9-a4b1-ea30f3de2f3f","local_time":"20190827191415","is_ascension_mode":true,"campfire_choices":[],"neow_cost":"TEN_PERCENT_HP_LOSS","seed_source_timestamp":1186319404017200,"circlet_count":0,"master_deck":["AscendersBane","Strike_B","Strike_B","Strike_B","Strike_B","Defend_B","Defend_B","Defend_B","Defend_B","Zap","Rainbow","All For One","FTL"],"relics":["Cracked Core","Golden Idol","Omamori"],"potions_floor_usage":[8,8],"damage_taken":[{"damage":4,"enemies":"Cultist","floor":1,"turns":4},{"damage":5,"enemies":"Small Slimes","floor":2,"turns":4},{"damage":2,"enemies":"Jaw Worm","floor":6,"turns":4},{"damage":12,"enemies":"3 Louse","floor":7,"turns":4},{"damage":34,"enemies":"Lagavulin Event","floor":8,"turns":3}],"seed_played":"6772006789985904927","potions_obtained":[{"floor":1,"key":"AttackPotion"},{"floor":6,"key":"SteroidPotion"}],"is_trial":false,"path_per_floor":["M","M","?","?","T","M","M","?"],"character_chosen":"DEFECT","items_purchased":[],"campfire_rested":0,"item_purchase_floors":[],"current_hp_per_floor":[64,59,59,42,42,40,28,0],"gold":204,"neow_bonus":"THREE_RARE_CARDS","is_prod":false,"is_daily":false,"chose_seed":false,"campfire_upgraded":0,"win_rate":0,"timestamp":1566951255,"path_taken":["M","M","?","?","?","M","M","?"],"build_version":"2019-07-17","purchased_purges":0,"victory":false,"max_hp_per_floor":[68,68,68,68,68,68,68,68],"card_choices":[{"not_picked":["Fission","Hyperbeam"],"picked":"Rainbow","floor":0},{"not_picked":["Coolheaded","Streamline","Force Field"],"picked":"SKIP","floor":1},{"not_picked":["Streamline","Redo","Fusion"],"picked":"SKIP","floor":2},{"not_picked":["Sunder","Barrage"],"picked":"All For One","floor":6},{"not_picked":["Scrape","Skim"],"picked":"FTL","floor":7}],"player_experience":2920718,"relics_obtained":[{"floor":5,"key":"Omamori"}],"event_choices":[{"cards_removed":["Dualcast"],"damage_healed":0,"gold_gain":0,"player_choice":"Forget","damage_taken":0,"max_hp_gain":0,"max_hp_loss":0,"event_name":"Living Wall","floor":3,"gold_loss":0},{"damage_healed":0,"gold_gain":0,"player_choice":"Take Damage","damage_taken":17,"relics_obtained":["Golden Idol"],"max_hp_gain":0,"max_hp_loss":0,"event_name":"Golden Idol","floor":4,"gold_loss":0},{"damage_healed":0,"gold_gain":0,"player_choice":"Searched \u00271\u0027 times","damage_taken":0,"max_hp_gain":0,"max_hp_loss":0,"event_name":"Dead Adventurer","floor":8,"gold_loss":0}],"is_beta":false,"boss_relics":[],"items_purged_floors":[],"is_endless":false,"potions_floor_spawned":[1,6],"killed_by":"Lagavulin Event","ascension_level":12}