{"gold_per_floor":[118,118,138,138,151,151,151,151,151,165,54,54,68,87,87,216,216,232,65,90,35,66,66],"floor_reached":23,"playtime":2398,"items_purged":["Strike_G","Strike_G"],"score":253,"play_id":"c8a22fc9-38ab-4c34-9f97-e20063babae0","local_time":"20190324101518","is_ascension_mode":true,"campfire_choices":[{"data":"Leg Sweep","floor":6,"key":"SMITH"},{"floor":8,"key":"REST"},{"floor":15,"key":"REST"}],"neow_cost":"NONE","seed_source_timestamp":661680275127449,"circlet_count":0,"master_deck":["Defend_G","Defend_G","Defend_G","Defend_G","Defend_G","Strike_G","Survivor","Neutralize","Cloak And Dagger","Cloak And Dagger","Leg Sweep+1","Caltrops","Dash","Cloak And Dagger","Blur","Caltrops","Deadly Poison"],"relics":["Ring of the Snake","NeowsBlessing","Pocketwatch","Golden Idol","Sozu","Tiny Chest","Red Mask"],"potions_floor_usage":[16,16],"damage_taken":[{"damage":0,"enemies":"2 Louse","floor":1,"turns":1},{"damage":0,"enemies":"Cultist","floor":3,"turns":1},{"damage":0,"enemies":"Jaw Worm","floor":5,"turns":1},{"damage":0,"enemies":"Exordium Wildlife","floor":10,"turns":7},{"damage":14,"enemies":"Large Slime","floor":13,"turns":11},{"damage":0,"enemies":"Looter","floor":14,"turns":4},{"damage":49,"enemies":"The Guardian","floor":16,"turns":20},{"damage":0,"enemies":"Chosen","floor":18,"turns":6},{"damage":0,"enemies":"3 Byrds","floor":20,"turns":2},{"damage":56,"enemies":"Masked Bandits","floor":22,"turns":8},{"damage":14,"enemies":"Slavers","floor":23,"turns":3}],"seed_played":"-31053593335593117","potions_obtained":[{"floor":3,"key":"Fire Potion"},{"floor":5,"key":"Swift Potion"},{"floor":13,"key":"Regen Potion"},{"floor":14,"key":"Regen Potion"}],"is_trial":false,"path_per_floor":["M","?","M","?","M","R","?","R","T","M","$","?","M","M","R","B",null,"M","$","M","?","?","E"],"character_chosen":"THE_SILENT","items_purchased":["Caltrops","Caltrops"],"campfire_rested":2,"item_purchase_floors":[11,19],"current_hp_per_floor":[63,56,56,56,56,56,39,60,60,60,60,60,46,46,67,48,65,65,65,65,65,9,0],"gold":66,"neow_bonus":"THREE_ENEMY_KILL","is_prod":false,"is_daily":false,"chose_seed":false,"campfire_upgraded":1,"win_rate":0,"timestamp":1553440518,"path_taken":["M","?","M","?","?","R","?","R","T","M","?","?","M","M","R","BOSS","M","$","M","?","?","E"],"build_version":"2019-01-23","purchased_purges":2,"victory":false,"max_hp_per_floor":[70,70,70,70,70,70,70,70,70,70,70,70,70,70,70,70,70,70,70,70,70,70,70],"card_choices":[{"not_picked":["Outmaneuver","Dagger Spray"],"picked":"Cloak And Dagger","floor":1},{"not_picked":["Bane","Sucker Punch"],"picked":"Cloak And Dagger","floor":3},{"not_picked":["Tactician","Underhanded Strike"],"picked":"Leg Sweep","floor":5},{"not_picked":["Outmaneuver","Dodge and Roll","Reflex"],"picked":"SKIP","floor":10},{"not_picked":["Tactician","Blade Dance"],"picked":"Dash","floor":13},{"not_picked":["Flying Knee","Backflip"],"picked":"Cloak And Dagger","floor":14},{"not_picked":["Flechettes","Well Laid Plans"],"picked":"Blur","floor":18},{"not_picked":["Flying Knee","Reflex"],"picked":"Deadly Poison","floor":20}],"player_experience":1723596,"relics_obtained":[{"floor":22,"key":"Red Mask"}],"event_choices":[{"cards_removed":["Strike_G"],"damage_healed":0,"gold_gain":0,"player_choice":"Card Removal","damage_taken":7,"max_hp_gain":0,"max_hp_loss":0,"event_name":"Golden Wing","floor":2,"gold_loss":0},{"damage_healed":0,"gold_gain":0,"player_choice":"Gave Potion","damage_taken":0,"relics_obtained":["Pocketwatch"],"max_hp_gain":0,"max_hp_loss":0,"event_name":"WeMeetAgain","floor":4,"gold_loss":0},{"damage_healed":0,"gold_gain":0,"player_choice":"Take Damage","damage_taken":17,"relics_obtained":["Golden Idol"],"max_hp_gain":0,"max_hp_loss":0,"event_name":"Golden Idol","floor":7,"gold_loss":0},{"cards_removed":["Strike_G"],"damage_healed":0,"gold_gain":0,"player_choice":"Forget","damage_taken":0,"max_hp_gain":0,"max_hp_loss":0,"event_name":"Living Wall","floor":12,"gold_loss":0},{"damage_healed":0,"gold_gain":0,"player_choice":"Obtained Relic","damage_taken":0,"relics_obtained":["Tiny Chest"],"max_hp_gain":0,"max_hp_loss":0,"event_name":"Addict","floor":21,"gold_loss":85},{"damage_healed":0,"gold_gain":0,"player_choice":"Fought Bandits","damage_taken":0,"max_hp_gain":0,"max_hp_loss":0,"event_name":"Masked Bandits","floor":22,"gold_loss":0}],"is_beta":false,"boss_relics":[{"not_picked":["WristBlade","Busted Crown"],"picked":"Sozu"}],"items_purged_floors":[11,19],"is_endless":false,"potions_floor_spawned":[3,5,13,14],"killed_by":"Slavers","ascension_level":8}