{"gold_per_floor":[113,113,124,14,14,42,42,71,71,71,85,146,146,146,146,270,270,270],"floor_reached":18,"playtime":1325,"items_purged":["Strike_R"],"score":241,"play_id":"c04f1cf2-124b-4a8d-a275-45e5410ea88f","local_time":"20190705171935","is_ascension_mode":true,"campfire_choices":[{"floor":7,"key":"REST"},{"floor":10,"key":"REST"},{"floor":13,"key":"REST"},{"floor":15,"key":"REST"}],"neow_cost":"CURSE","seed_source_timestamp":828807002001039,"circlet_count":0,"master_deck":["Strike_R","Strike_R","Strike_R","Defend_R","Defend_R","Defend_R","Defend_R","Bash","Barricade","Shrug It Off","Rampage","Juggernaut","Entrench","Demon Form"],"relics":["Black Blood","Matryoshka","Gambling Chip","Kunai","Bag of Marbles","Meat on the Bone","Golden Idol"],"potions_floor_usage":[16,16],"damage_taken":[{"damage":9,"enemies":"Cultist","floor":1,"turns":4},{"damage":5,"enemies":"Small Slimes","floor":3,"turns":7},{"damage":27,"enemies":"Lagavulin","floor":6,"turns":11},{"damage":44,"enemies":"3 Sentries","floor":8,"turns":14},{"damage":0,"enemies":"2 Louse","floor":11,"turns":5},{"damage":42,"enemies":"Lagavulin Event","floor":12,"turns":7},{"damage":22,"enemies":"Hexaghost","floor":16,"turns":16},{"damage":74,"enemies":"Spheric Guardian","floor":18,"turns":11}],"seed_played":"-4282070692182127533","potions_obtained":[{"floor":6,"key":"Regen Potion"},{"floor":11,"key":"LiquidBronze"}],"is_trial":false,"path_per_floor":["M","?","M","$","?","E","R","E","T","R","M","?","R","?","R","B",null,"M"],"character_chosen":"IRONCLAD","items_purchased":["Rampage"],"campfire_rested":4,"item_purchase_floors":[4],"current_hp_per_floor":[69,69,70,70,63,42,66,28,28,52,58,22,46,26,50,49,72,0],"gold":270,"neow_bonus":"THREE_RARE_CARDS","is_prod":false,"is_daily":false,"chose_seed":false,"campfire_upgraded":0,"win_rate":0,"timestamp":1562365175,"path_taken":["M","?","M","$","?","E","R","E","T","R","M","?","R","?","R","BOSS","M"],"build_version":"2019-07-05","purchased_purges":1,"victory":false,"max_hp_per_floor":[80,80,80,80,80,80,80,80,80,80,80,80,80,80,80,80,80,80],"card_choices":[{"not_picked":["Immolate","Impervious"],"picked":"Barricade","floor":0},{"not_picked":["True Grit","Thunderclap","Clothesline"],"picked":"SKIP","floor":1},{"not_picked":["Uppercut","Immolate"],"picked":"Shrug It Off","floor":3},{"not_picked":["Sentinel","Corruption","Havoc"],"picked":"SKIP","floor":6},{"not_picked":["Combust","Twin Strike","Sword Boomerang"],"picked":"SKIP","floor":8},{"not_picked":["Flex","Spot Weakness"],"picked":"Juggernaut","floor":11},{"not_picked":["Warcry","Anger"],"picked":"Entrench","floor":12},{"not_picked":["Brutality","Feed"],"picked":"Demon Form","floor":16}],"player_experience":2113035,"relics_obtained":[{"floor":6,"key":"Matryoshka"},{"floor":8,"key":"Gambling Chip"},{"floor":9,"key":"Kunai"},{"floor":9,"key":"Bag of Marbles"},{"floor":12,"key":"Meat on the Bone"}],"event_choices":[{"cards_removed":["Decay"],"damage_healed":0,"gold_gain":0,"player_choice":"Forget","damage_taken":0,"max_hp_gain":0,"max_hp_loss":0,"event_name":"Living Wall","floor":2,"gold_loss":0},{"cards_removed":["Strike_R"],"damage_healed":0,"gold_gain":0,"player_choice":"Card Removal","damage_taken":7,"max_hp_gain":0,"max_hp_loss":0,"event_name":"Golden Wing","floor":5,"gold_loss":0},{"damage_healed":0,"gold_gain":0,"player_choice":"Searched \u00271\u0027 times","damage_taken":0,"max_hp_gain":0,"max_hp_loss":0,"event_name":"Dead Adventurer","floor":12,"gold_loss":0},{"damage_healed":0,"gold_gain":0,"player_choice":"Take Damage","damage_taken":20,"relics_obtained":["Golden Idol"],"max_hp_gain":0,"max_hp_loss":0,"event_name":"Golden Idol","floor":14,"gold_loss":0}],"is_beta":false,"boss_relics":[{"not_picked":["Eternal Feather","Orrery"],"picked":"Black Blood"}],"items_purged_floors":[4],"is_endless":false,"potions_floor_spawned":[6,11],"killed_by":"Spheric Guardian","ascension_level":9}