{"gold_per_floor":[115,115,131,151,161,161,161,171,171,189,208,218,218,235,235,235],"floor_reached":16,"playtime":4282,"items_purged":[],"score":118,"play_id":"abe31dc0-63fc-4273-a7a0-93eedc94835c","local_time":"20190112112127","is_ascension_mode":true,"campfire_choices":[{"data":"Defend_R","floor":6,"key":"SMITH"},{"data":"Defend_R","floor":13,"key":"SMITH"},{"floor":15,"key":"REST"}],"neow_cost":"NONE","seed_source_timestamp":193937160057763,"circlet_count":0,"master_deck":["Strike_R","Strike_R","Strike_R","Strike_R","Strike_R","Defend_R","Defend_R","Defend_R+1","Defend_R+1","Power Through"],"relics":["Busted Crown","Pocketwatch"],"potions_floor_usage":[16,16,16],"damage_taken":[{"damage":2,"enemies":"Jaw Worm","floor":1,"turns":3},{"damage":0,"enemies":"Cultist","floor":3,"turns":3},{"damage":10,"enemies":"Small Slimes","floor":4,"turns":5},{"damage":15,"enemies":"Gremlin Gang","floor":5,"turns":8},{"damage":0,"enemies":"Large Slime","floor":8,"turns":6},{"damage":0,"enemies":"Blue Slaver","floor":10,"turns":5},{"damage":8,"enemies":"2 Fungi Beasts","floor":11,"turns":6},{"damage":6,"enemies":"3 Louse","floor":12,"turns":4},{"damage":0,"enemies":"Red Slaver","floor":14,"turns":4},{"damage":79,"enemies":"Slime Boss","floor":16,"turns":14}],"seed_played":"4450560316156881471","potions_obtained":[{"floor":3,"key":"AttackPotion"},{"floor":10,"key":"BloodPotion"},{"floor":11,"key":"SteroidPotion"},{"floor":12,"key":"Weak Potion"}],"is_trial":false,"path_per_floor":["M","?","M","M","M","R","?","M","T","M","M","M","R","M","R","B"],"character_chosen":"IRONCLAD","items_purchased":[],"campfire_rested":1,"item_purchase_floors":[],"current_hp_per_floor":[78,78,78,68,53,53,53,53,53,53,45,39,39,39,63,0],"gold":235,"neow_bonus":"BOSS_RELIC","is_prod":false,"is_daily":false,"chose_seed":false,"campfire_upgraded":2,"win_rate":0,"timestamp":1547313687,"path_taken":["M","?","M","?","M","R","?","M","T","M","M","?","R","?","R","BOSS"],"build_version":"2019-01-10","purchased_purges":0,"victory":false,"max_hp_per_floor":[80,80,80,80,80,80,80,80,80,80,80,80,80,80,80,80],"card_choices":[{"not_picked":["Clothesline"],"picked":"SKIP","floor":1},{"not_picked":["Entrench"],"picked":"SKIP","floor":3},{"not_picked":["Clash"],"picked":"SKIP","floor":4},{"not_picked":["Combust"],"picked":"SKIP","floor":5},{"not_picked":["Flex"],"picked":"SKIP","floor":8},{"not_picked":["Twin Strike"],"picked":"SKIP","floor":10},{"not_picked":["Thunderclap"],"picked":"SKIP","floor":11},{"not_picked":["Iron Wave"],"picked":"SKIP","floor":12},{"not_picked":["Searing Blow"],"picked":"SKIP","floor":14}],"player_experience":1030176,"relics_obtained":[{"floor":9,"key":"Pocketwatch"}],"event_choices":[{"damage_healed":0,"gold_gain":0,"cards_transformed":["Bash"],"player_choice":"Transformed","damage_taken":0,"max_hp_gain":0,"max_hp_loss":0,"event_name":"Transmorgrifier","floor":2,"gold_loss":0,"cards_obtained":["Power Through"]},{"damage_healed":0,"gold_gain":0,"player_choice":"0 cards matched","damage_taken":0,"max_hp_gain":0,"max_hp_loss":0,"event_name":"Match and Keep!","floor":7,"gold_loss":0,"cards_obtained":[]}],"is_beta":false,"boss_relics":[],"items_purged_floors":[],"is_endless":false,"potions_floor_spawned":[3,10,11,12],"killed_by":"Slime Boss","ascension_level":4}