{"gold_per_floor":[119,197,272,286,305,305,321,321,321,334,334,334,351,362,362,457,457,474,492,89,4,4,4,4,4,4,19,29,47,47,67,67,67],"floor_reached":33,"playtime":1578,"items_purged":["Dualcast"],"score":399,"play_id":"db360eba-abe4-4791-a6b6-21c0abf3a214","local_time":"20190729151836","is_ascension_mode":true,"campfire_choices":[{"floor":6,"key":"REST"},{"floor":8,"key":"REST"},{"data":"Zap","floor":12,"key":"SMITH"},{"data":"Glacier","floor":15,"key":"SMITH"},{"floor":23,"key":"REST"},{"data":"Conserve Battery","floor":25,"key":"SMITH"},{"floor":30,"key":"REST"},{"data":"Redo","floor":32,"key":"SMITH"}],"neow_cost":"NONE","seed_source_timestamp":1521514438566022,"circlet_count":0,"master_deck":["AscendersBane","Strike_B","Strike_B","Strike_B","Strike_B","Defend_B","Defend_B","Defend_B","Defend_B","Zap+1","Core Surge","Glacier+1","Conserve Battery+1","Self Repair","All For One","Beam Cell+1","Undo+1","Loop","Redo+1","Streamline+1"],"relics":["Cracked Core","Meat on the Bone","Inserter","Emotion Chip","Bag of Marbles","Bag of Preparation","Symbiotic Virus"],"potions_floor_usage":[16,16,16,33,33],"damage_taken":[{"damage":5,"enemies":"Cultist","floor":1,"turns":4},{"damage":8,"enemies":"Jaw Worm","floor":4,"turns":4},{"damage":5,"enemies":"2 Louse","floor":5,"turns":3},{"damage":9,"enemies":"Large Slime","floor":7,"turns":9},{"damage":8,"enemies":"Blue Slaver","floor":10,"turns":5},{"damage":2,"enemies":"Exordium Thugs","floor":13,"turns":6},{"damage":2,"enemies":"Red Slaver","floor":14,"turns":5},{"damage":46,"enemies":"Hexaghost","floor":16,"turns":13},{"damage":28,"enemies":"3 Byrds","floor":18,"turns":8},{"damage":10,"enemies":"Shell Parasite","floor":19,"turns":6},{"damage":67,"enemies":"3 Cultists","floor":27,"turns":8},{"damage":8,"enemies":"Snake Plant","floor":28,"turns":4},{"damage":14,"enemies":"Shelled Parasite and Fungi","floor":29,"turns":5},{"damage":6,"enemies":"Snecko","floor":31,"turns":5},{"damage":85,"enemies":"Champ","floor":33,"turns":10}],"seed_played":"1921157850049430170","potions_obtained":[{"floor":5,"key":"FocusPotion"},{"floor":7,"key":"LiquidBronze"},{"floor":10,"key":"Regen Potion"},{"floor":19,"key":"LiquidBronze"},{"floor":29,"key":"Explosive Potion"},{"floor":31,"key":"Regen Potion"}],"is_trial":false,"path_per_floor":["M","T","?","M","M","R","M","R","T","M","?","R","M","M","R","B",null,"M","M","$","?","$","R","?","R","T","M","M","M","R","M","R","B"],"character_chosen":"DEFECT","items_purchased":["Emotion Chip","Loop"],"campfire_rested":4,"item_purchase_floors":[20,20],"current_hp_per_floor":[63,63,52,44,39,61,52,74,74,66,71,71,76,80,80,56,74,53,50,50,50,50,74,74,74,74,26,30,35,59,60,60,0],"gold":67,"neow_bonus":"ONE_RANDOM_RARE_CARD","is_prod":false,"is_daily":false,"chose_seed":false,"campfire_upgraded":4,"win_rate":0,"timestamp":1564431516,"path_taken":["M","?","?","M","M","R","M","R","T","M","?","R","M","M","R","BOSS","M","M","$","?","$","R","?","R","T","M","?","M","R","M","R","BOSS"],"build_version":"2019-07-17","purchased_purges":1,"victory":false,"max_hp_per_floor":[75,75,75,75,75,75,75,75,75,75,80,80,80,80,80,80,80,80,80,80,80,80,80,80,80,80,80,80,80,80,80,80,80],"card_choices":[{"not_picked":["Steam","Hologram","Double Energy"],"picked":"SKIP","floor":1},{"not_picked":["Compile Driver","Skim"],"picked":"Glacier","floor":4},{"not_picked":["Static Discharge","Turbo"],"picked":"Conserve Battery","floor":5},{"not_picked":["Go for the Eyes","Barrage","Sweeping Beam"],"picked":"SKIP","floor":7},{"not_picked":["Melter","Leap"],"picked":"Self Repair","floor":10},{"not_picked":["Fusion","Sweeping Beam","Amplify"],"picked":"SKIP","floor":13},{"not_picked":["Hello World","Rebound","Steam Power"],"picked":"SKIP","floor":14},{"not_picked":["Creative AI","Meteor Strike"],"picked":"All For One","floor":16},{"not_picked":["Redo","Reinforced Body"],"picked":"Beam Cell+1","floor":18},{"not_picked":["Coolheaded","Compile Driver"],"picked":"Undo+1","floor":19},{"not_picked":["Tempest","Turbo"],"picked":"Redo","floor":27},{"not_picked":["Ball Lightning","Stack","Barrage+1"],"picked":"SKIP","floor":28},{"not_picked":["Compile Driver","Doom and Gloom","Aggregate"],"picked":"SKIP","floor":29},{"not_picked":["Compile Driver+1","White Noise+1"],"picked":"Streamline+1","floor":31}],"player_experience":2559121,"relics_obtained":[{"floor":2,"key":"Meat on the Bone"},{"floor":26,"key":"Symbiotic Virus"}],"event_choices":[{"damage_healed":0,"gold_gain":75,"player_choice":"Gather Gold","damage_taken":11,"max_hp_gain":0,"max_hp_loss":0,"event_name":"World of Goop","floor":3,"gold_loss":0},{"damage_healed":0,"gold_gain":0,"player_choice":"Donut","damage_taken":0,"max_hp_gain":5,"max_hp_loss":0,"event_name":"Big Fish","floor":11,"gold_loss":0},{"damage_healed":0,"gold_gain":0,"player_choice":"Obtained Relic","damage_taken":0,"relics_obtained":["Bag of Marbles"],"max_hp_gain":0,"max_hp_loss":0,"event_name":"Addict","floor":21,"gold_loss":85},{"damage_healed":0,"gold_gain":0,"player_choice":"Gave Potion","damage_taken":0,"relics_obtained":["Bag of Preparation"],"max_hp_gain":0,"max_hp_loss":0,"event_name":"WeMeetAgain","floor":24,"gold_loss":0}],"is_beta":false,"boss_relics":[{"not_picked":["Empty Cage","Coffee Dripper"],"picked":"Inserter"}],"items_purged_floors":[20],"is_endless":false,"potions_floor_spawned":[5,7,10,19,29,31],"killed_by":"Champ","ascension_level":10}