{"gold_per_floor":[111,123,137,189,28,55,73,73,97,130,130,162,112,187,187,285,285,302,316,316,348,320,363,386,398,410,450,474,511,523,550,562,675,687,712,735,58,75,90,90,105,105,130,140,23,23,35,47,47,47],"floor_reached":51,"playtime":4513,"items_purged":["Shame"],"score":1156,"play_id":"9ec5d81d-7c42-4274-8869-a3b0b6b37b99","local_time":"20190830082157","is_ascension_mode":true,"campfire_choices":[{"data":"Immolate","floor":8,"key":"SMITH"},{"data":"Armaments","floor":11,"key":"SMITH"},{"data":"Corruption","floor":15,"key":"SMITH"},{"data":"Clothesline","floor":25,"key":"SMITH"},{"data":"Power Through","floor":30,"key":"SMITH"},{"floor":32,"key":"REST"},{"data":"Double Tap","floor":40,"key":"SMITH"},{"data":"Feel No Pain","floor":42,"key":"SMITH"},{"data":"True Grit","floor":46,"key":"SMITH"},{"data":"Uppercut","floor":49,"key":"SMITH"}],"neow_cost":"TEN_PERCENT_HP_LOSS","seed_source_timestamp":59668430740100,"circlet_count":0,"master_deck":["AscendersBane","Strike_R+1","Strike_R","Strike_R","Strike_R","Defend_R","Defend_R","Defend_R","Defend_R","Bash+1","Immolate+1","Corruption+1","Evolve","Armaments+1","Feed","Trip+1","Power Through+1","Spot Weakness","Inflame","Sword Boomerang","Impervious","Pommel Strike+1","Clothesline+1","Seeing Red+1","Metallicize+1","Disarm","Evolve","Inflame","Fiend Fire","Double Tap+1","Metallicize+1","Twin Strike+1","Battle Trance","Feel No Pain+1","Bludgeon","Uppercut+1","Shrug It Off","Pummel","Injury","Shockwave+1","Shrug It Off","True Grit+1","Headbutt"],"relics":["Burning Blood","Whetstone","Thread and Needle","Vajra","Du-Vu Doll","Ornamental Fan","Cursed Key","MawBank","Orichalcum","Mummified Hand","Paper Frog","Self Forming Clay","Sozu","Frozen Eye","Strawberry","Omamori"],"potions_floor_usage":[10,16,16,29,33,50],"damage_taken":[{"damage":1,"enemies":"Cultist","floor":1,"turns":3},{"damage":5,"enemies":"Small Slimes","floor":2,"turns":2},{"damage":0,"enemies":"2 Louse","floor":3,"turns":1},{"damage":41,"enemies":"Lagavulin","floor":6,"turns":7},{"damage":8,"enemies":"Lots of Slimes","floor":7,"turns":2},{"damage":13,"enemies":"3 Sentries","floor":10,"turns":6},{"damage":16,"enemies":"Lagavulin","floor":12,"turns":5},{"damage":12,"enemies":"Hexaghost","floor":16,"turns":9},{"damage":13,"enemies":"2 Thieves","floor":18,"turns":3},{"damage":3,"enemies":"Shell Parasite","floor":19,"turns":3},{"damage":3,"enemies":"Snecko","floor":21,"turns":5},{"damage":26,"enemies":"Gremlin Leader","floor":23,"turns":8},{"damage":7,"enemies":"Shelled Parasite and Fungi","floor":24,"turns":5},{"damage":8,"enemies":"Book of Stabbing","floor":27,"turns":6},{"damage":6,"enemies":"3 Cultists","floor":28,"turns":5},{"damage":26,"enemies":"Slavers","floor":29,"turns":5},{"damage":0,"enemies":"Cultist and Chosen","floor":31,"turns":4},{"damage":81,"enemies":"Collector","floor":33,"turns":10},{"damage":14,"enemies":"3 Shapes","floor":35,"turns":10},{"damage":0,"enemies":"Orb Walker","floor":36,"turns":2},{"damage":5,"enemies":"4 Shapes","floor":38,"turns":5},{"damage":10,"enemies":"Sphere and 2 Shapes","floor":39,"turns":6},{"damage":8,"enemies":"Jaw Worm Horde","floor":41,"turns":4},{"damage":2,"enemies":"4 Shapes","floor":44,"turns":5},{"damage":7,"enemies":"Maw","floor":47,"turns":7},{"damage":0,"enemies":"Transient","floor":48,"turns":5},{"damage":65,"enemies":"Donu and Deca","floor":50,"turns":9}],"seed_played":"-3760033521564356334","potions_obtained":[{"floor":1,"key":"EssenceOfSteel"},{"floor":3,"key":"BloodPotion"},{"floor":12,"key":"Strength Potion"},{"floor":16,"key":"Ancient Potion"},{"floor":19,"key":"Poison Potion"},{"floor":27,"key":"LiquidBronze"},{"floor":28,"key":"Explosive Potion"},{"floor":29,"key":"Fruit Juice"},{"floor":33,"key":"BloodPotion"}],"is_trial":false,"path_per_floor":["M","M","M","T","$","E","M","R","T","E","R","E","?","?","R","B",null,"M","M","?","M","?","E","M","R","T","E","M","E","R","M","R","B",null,"M","M","$","M","M","R","M","R","T","M","$","R","M","M","R","B",null],"character_chosen":"IRONCLAD","items_purchased":["Feed","Trip","Battle Trance","Feel No Pain","Bludgeon","Frozen Eye","Strawberry","Shrug It Off","True Grit","Headbutt"],"campfire_rested":1,"item_purchase_floors":[5,5,37,37,37,37,37,45,45,45],"current_hp_per_floor":[72,72,72,72,72,37,38,38,38,52,52,45,45,45,45,43,75,71,74,74,81,81,61,63,63,63,61,64,49,49,55,85,10,80,75,85,92,96,95,95,93,93,93,101,101,101,100,106,106,81],"gold":47,"neow_bonus":"THREE_RARE_CARDS","is_prod":false,"is_daily":false,"chose_seed":false,"campfire_upgraded":9,"win_rate":0,"timestamp":1567120917,"path_taken":["M","M","M","?","$","E","?","R","T","E","R","E","?","?","R","BOSS","M","M","?","M","?","E","?","R","T","E","M","E","R","M","R","BOSS","M","M","$","M","M","R","M","R","T","M","$","R","M","M","R","BOSS"],"build_version":"2019-07-17","purchased_purges":1,"victory":true,"max_hp_per_floor":[72,72,72,72,72,72,75,75,75,78,78,81,81,81,81,85,85,88,88,88,92,92,92,95,95,95,95,98,103,103,103,103,103,103,106,110,117,120,123,123,123,123,123,127,127,127,127,127,127,130],"card_choices":[{"not_picked":["Demon Form","Berserk"],"picked":"Immolate","floor":0},{"not_picked":["Feel No Pain","Burning Pact"],"picked":"Corruption","floor":1},{"not_picked":["Clash","Sentinel"],"picked":"Evolve","floor":2},{"not_picked":["Perfected Strike","Sword Boomerang"],"picked":"Armaments","floor":3},{"not_picked":["Rage","Disarm"],"picked":"Power Through","floor":6},{"not_picked":["Sever Soul","Bloodletting"],"picked":"Spot Weakness","floor":7},{"not_picked":["Sever Soul","Havoc"],"picked":"Inflame","floor":10},{"not_picked":["Warcry","Evolve"],"picked":"Sword Boomerang","floor":12},{"not_picked":["Barricade","Berserk"],"picked":"Impervious","floor":16},{"not_picked":["Warcry","Rupture"],"picked":"Pommel Strike+1","floor":18},{"not_picked":["Sentinel+1","Warcry"],"picked":"Clothesline","floor":19},{"not_picked":["Blood for Blood","Carnage"],"picked":"Seeing Red+1","floor":21},{"not_picked":["Rupture","Warcry","Infernal Blade"],"picked":"SKIP","floor":23},{"not_picked":["Clothesline","Infernal Blade+1"],"picked":"Metallicize+1","floor":24},{"not_picked":["Metallicize","Sentinel"],"picked":"Disarm","floor":27},{"not_picked":["Anger","Rage"],"picked":"Evolve","floor":28},{"not_picked":["Carnage","Iron Wave"],"picked":"Inflame","floor":29},{"not_picked":["Pommel Strike+1","Anger+1"],"picked":"Fiend Fire","floor":31},{"not_picked":["Barricade","Impervious"],"picked":"Double Tap","floor":33},{"not_picked":["True Grit","Pommel Strike+1"],"picked":"Metallicize+1","floor":35},{"not_picked":["Perfected Strike+1","Combust+1"],"picked":"Twin Strike+1","floor":36},{"not_picked":["Rampage","Immolate"],"picked":"Uppercut","floor":38},{"not_picked":["Anger+1","Searing Blow"],"picked":"Shrug It Off","floor":39},{"not_picked":["Twin Strike","Thunderclap"],"picked":"Pummel","floor":41},{"not_picked":["Corruption+1","Shrug It Off"],"picked":"Shockwave+1","floor":44},{"not_picked":["Headbutt","Combust+1","Pommel Strike"],"picked":"SKIP","floor":47},{"not_picked":["Anger","Cleave","Feed"],"picked":"SKIP","floor":48}],"player_experience":486477,"relics_obtained":[{"floor":4,"key":"Whetstone"},{"floor":6,"key":"Thread and Needle"},{"floor":9,"key":"Vajra"},{"floor":10,"key":"Du-Vu Doll"},{"floor":12,"key":"Ornamental Fan"},{"floor":23,"key":"Orichalcum"},{"floor":26,"key":"Mummified Hand"},{"floor":27,"key":"Paper Frog"},{"floor":29,"key":"Self Forming Clay"},{"floor":43,"key":"Omamori"}],"event_choices":[{"cards_removed":["Strike_R"],"damage_healed":0,"gold_gain":0,"player_choice":"Card Removal","damage_taken":0,"max_hp_gain":0,"max_hp_loss":0,"event_name":"The Cleric","floor":13,"gold_loss":50},{"damage_healed":0,"gold_gain":75,"player_choice":"Gained Gold","damage_taken":0,"max_hp_gain":0,"max_hp_loss":0,"event_name":"Golden Wing","floor":14,"gold_loss":0},{"damage_healed":0,"gold_gain":0,"player_choice":"Opened","damage_taken":0,"relics_obtained":["MawBank"],"max_hp_gain":0,"max_hp_loss":0,"event_name":"The Mausoleum","floor":20,"gold_loss":0},{"damage_healed":0,"gold_gain":0,"player_choice":"Upgrade","damage_taken":0,"max_hp_gain":0,"max_hp_loss":0,"event_name":"Designer","floor":22,"gold_loss":40,"cards_upgraded":["Trip"]}],"is_beta":false,"boss_relics":[{"not_picked":["White Beast Statue","Velvet Choker"],"picked":"Cursed Key"},{"not_picked":["Empty Cage","Eternal Feather"],"picked":"Sozu"}],"items_purged_floors":[37],"is_endless":false,"potions_floor_spawned":[1,3,7,12,16,19,27,28,29,33,35,38,48],"ascension_level":11}