{"gold_per_floor":[117,132,132,132,145,145,158,158,240,240,240,240,240,321,321,422,422,436,436,51,51,84,84,102,113,113,212,231,36,36,36,36,137,137,137],"floor_reached":35,"playtime":1994,"items_purged":["Strike_G"],"score":603,"play_id":"4019e5e2-a49c-4a24-9cd3-773952b21e22","local_time":"20190712232313","is_ascension_mode":true,"campfire_choices":[{"floor":6,"key":"REST"},{"floor":8,"key":"REST"},{"data":"Night Terror","floor":10,"key":"SMITH"},{"data":"Malaise","floor":13,"key":"SMITH"},{"data":"Catalyst","floor":15,"key":"SMITH"},{"floor":23,"key":"REST"},{"data":"Strike_G","floor":30,"key":"PURGE"},{"data":"Strike_G+1","floor":32,"key":"PURGE"}],"neow_cost":"NONE","seed_source_timestamp":81340211684491,"circlet_count":0,"master_deck":["Defend_G","Defend_G","Defend_G","Defend_G+1","Defend_G","Survivor","Neutralize","Night Terror+1","Deadly Poison","Malaise+1","Catalyst+1","Bullet Time","Backstab"],"relics":["Ring of the Snake","Frozen Egg 2","Letter Opener","Runic Pyramid","Peace Pipe","Red Mask","Meat on the Bone","Membership Card","Lizard Tail"],"potions_floor_usage":[16,16,35,35],"damage_taken":[{"damage":12,"enemies":"Jaw Worm","floor":1,"turns":6},{"damage":4,"enemies":"Small Slimes","floor":2,"turns":4},{"damage":4,"enemies":"2 Louse","floor":5,"turns":4},{"damage":21,"enemies":"Exordium Thugs","floor":7,"turns":10},{"damage":0,"enemies":"Hexaghost","floor":16,"turns":6},{"damage":12,"enemies":"Shell Parasite","floor":18,"turns":4},{"damage":18,"enemies":"Masked Bandits","floor":22,"turns":5},{"damage":0,"enemies":"Chosen","floor":24,"turns":4},{"damage":0,"enemies":"Snecko","floor":25,"turns":3},{"damage":0,"enemies":"3 Cultists","floor":28,"turns":6},{"damage":9,"enemies":"Collector","floor":33,"turns":4},{"damage":115,"enemies":"3 Darklings","floor":35,"turns":30}],"seed_played":"1040564982537301131","potions_obtained":[{"floor":1,"key":"EssenceOfSteel"},{"floor":7,"key":"Strength Potion"},{"floor":25,"key":"Fire Potion"},{"floor":33,"key":"AttackPotion"}],"is_trial":false,"path_per_floor":["M","M","?","?","M","R","M","R","T","R","?","?","R","T","R","B",null,"M","?","$","?","?","R","M","M","T","?","M","$","R","$","R","B",null,"M"],"character_chosen":"THE_SILENT","items_purchased":["Peace Pipe","Membership Card"],"campfire_rested":3,"item_purchase_floors":[20,29],"current_hp_per_floor":[51,47,33,33,29,50,29,50,50,50,50,55,55,55,55,55,70,58,58,58,58,40,62,62,62,62,62,62,62,62,62,62,53,70,0],"gold":137,"neow_bonus":"ONE_RANDOM_RARE_CARD","is_prod":false,"is_daily":false,"chose_seed":false,"campfire_upgraded":3,"win_rate":0,"timestamp":1562991793,"path_taken":["M","M","?","?","M","R","M","R","T","R","?","?","R","?","R","BOSS","M","?","$","?","?","R","?","M","T","?","M","$","R","?","R","BOSS","M"],"build_version":"2019-07-05","purchased_purges":1,"victory":false,"max_hp_per_floor":[70,70,70,70,70,70,70,70,70,70,70,75,75,75,75,75,75,75,75,75,75,75,75,75,75,75,75,75,75,75,75,75,75,75,75],"card_choices":[{"not_picked":["Choke","Prepared","Dagger Throw"],"picked":"SKIP","floor":1},{"not_picked":["Dagger Throw","Deflect"],"picked":"Deadly Poison","floor":2},{"not_picked":["Slice","Deflect","Skewer"],"picked":"SKIP","floor":5},{"not_picked":["Acrobatics","Quick Slash"],"picked":"Catalyst","floor":7},{"not_picked":["Burst","Doppelganger"],"picked":"Bullet Time","floor":16},{"not_picked":["Reflex","Cloak And Dagger","Expertise+1"],"picked":"SKIP","floor":18},{"not_picked":["Slice+1","Dagger Spray","Dagger Throw+1"],"picked":"SKIP","floor":24},{"not_picked":["Well Laid Plans+1","Calculated Gamble"],"picked":"Backstab","floor":25},{"not_picked":["Acrobatics+1","Dodge and Roll","Endless Agony+1"],"picked":"SKIP","floor":28}],"player_experience":2267240,"relics_obtained":[{"floor":9,"key":"Frozen Egg 2"},{"floor":14,"key":"Letter Opener"},{"floor":22,"key":"Red Mask"},{"floor":26,"key":"Meat on the Bone"}],"event_choices":[{"damage_healed":0,"gold_gain":0,"player_choice":"Entered Light","damage_taken":14,"max_hp_gain":0,"max_hp_loss":0,"event_name":"Shining Light","floor":3,"gold_loss":0,"cards_upgraded":["Defend_G","Strike_G"]},{"damage_healed":0,"gold_gain":0,"cards_transformed":["Strike_G"],"player_choice":"Change","damage_taken":0,"max_hp_gain":0,"max_hp_loss":0,"event_name":"Living Wall","floor":4,"gold_loss":0,"cards_obtained":["Malaise"]},{"damage_healed":0,"gold_gain":0,"player_choice":"Ignored","damage_taken":0,"max_hp_gain":0,"max_hp_loss":0,"event_name":"Liars Game","floor":11,"gold_loss":0},{"damage_healed":0,"gold_gain":0,"player_choice":"Donut","damage_taken":0,"max_hp_gain":5,"max_hp_loss":0,"event_name":"Big Fish","floor":12,"gold_loss":0},{"cards_removed":["Strike_G"],"damage_healed":0,"gold_gain":0,"player_choice":"Elegance","damage_taken":0,"max_hp_gain":0,"max_hp_loss":0,"event_name":"Back to Basics","floor":19,"gold_loss":0},{"damage_healed":0,"gold_gain":0,"player_choice":"Ignored","damage_taken":0,"max_hp_gain":0,"max_hp_loss":0,"event_name":"The Mausoleum","floor":21,"gold_loss":0},{"damage_healed":0,"gold_gain":0,"player_choice":"Fought Bandits","damage_taken":0,"max_hp_gain":0,"max_hp_loss":0,"event_name":"Masked Bandits","floor":22,"gold_loss":0},{"damage_healed":0,"gold_gain":99,"player_choice":"Stole From Cult","damage_taken":0,"max_hp_gain":0,"max_hp_loss":0,"event_name":"Nest","floor":27,"gold_loss":0}],"is_beta":false,"boss_relics":[{"not_picked":["Calling Bell","White Beast Statue"],"picked":"Runic Pyramid"},{"not_picked":["Busted Crown","Pandora\u0027s Box"],"picked":"Lizard Tail"}],"items_purged_floors":[20],"is_endless":false,"potions_floor_spawned":[1,7,25,33],"killed_by":"3 Darklings","ascension_level":9}