{"gold_per_floor":[115,129,54,66,79,29,29,29,29,43,143,143,163,178,178,178],"floor_reached":16,"playtime":624,"items_purged":["Strike_R"],"score":113,"play_id":"6fbf1f4a-3583-46d6-a9ea-0923be64b670","local_time":"20181222094035","is_ascension_mode":true,"campfire_choices":[{"floor":7,"key":"REST"},{"floor":12,"key":"RECALL"},{"floor":15,"key":"REST"}],"neow_cost":"NONE","seed_source_timestamp":184771955315920,"circlet_count":0,"master_deck":["Strike_R","Strike_R","Strike_R","Defend_R","Defend_R","Defend_R","Defend_R","Bash","Disarm","Impervious"],"relics":["Fusion Hammer","Molten Egg 2"],"potions_floor_usage":[16,16],"damage_taken":[{"damage":1,"enemies":"Cultist","floor":1,"turns":3},{"damage":7,"enemies":"2 Louse","floor":2,"turns":3},{"damage":0,"enemies":"Jaw Worm","floor":4,"turns":3},{"damage":20,"enemies":"Large Slime","floor":5,"turns":7},{"damage":4,"enemies":"Red Slaver","floor":10,"turns":4},{"damage":2,"enemies":"Looter","floor":13,"turns":4},{"damage":25,"enemies":"Lots of Slimes","floor":14,"turns":5},{"damage":80,"enemies":"Slime Boss","floor":16,"turns":13}],"seed_played":"2185949719848375892","potions_obtained":[{"floor":2,"key":"SmokeBomb"},{"floor":13,"key":"Energy Potion"},{"floor":14,"key":"Weak Potion"}],"is_trial":false,"path_per_floor":["M","M","$","M","M","?","R","$","T","M","?","R","M","M","R","B"],"character_chosen":"IRONCLAD","items_purchased":[],"campfire_rested":2,"item_purchase_floors":[],"current_hp_per_floor":[79,72,72,72,52,52,76,76,76,72,72,72,70,45,69,0],"gold":178,"neow_bonus":"BOSS_RELIC","is_prod":false,"is_daily":false,"chose_seed":false,"campfire_upgraded":0,"win_rate":0,"timestamp":1545493235,"path_taken":["M","M","$","M","?","?","R","?","T","M","?","R","M","?","R","BOSS"],"build_version":"2018-12-20","purchased_purges":1,"victory":false,"max_hp_per_floor":[80,80,80,80,80,80,80,80,80,80,80,80,80,80,80,80],"card_choices":[{"not_picked":["Perfected Strike","Sword Boomerang","Thunderclap"],"picked":"SKIP","floor":1},{"not_picked":["Twin Strike","Cleave","Body Slam"],"picked":"SKIP","floor":2},{"not_picked":["Blood for Blood","Dropkick","Sentinel"],"picked":"SKIP","floor":4},{"not_picked":["True Grit","Warcry","Perfected Strike"],"picked":"SKIP","floor":5},{"not_picked":["Ghostly Armor","Anger+1"],"picked":"Disarm","floor":10},{"not_picked":["Intimidate","Twin Strike+1"],"picked":"Impervious","floor":13},{"not_picked":["Headbutt+1","Wild Strike+1","Iron Wave+1"],"picked":"SKIP","floor":14}],"player_experience":834412,"relics_obtained":[{"floor":9,"key":"Molten Egg 2"}],"event_choices":[{"cards_removed":["Strike_R"],"damage_healed":0,"gold_gain":0,"player_choice":"Card Removal","damage_taken":0,"max_hp_gain":0,"max_hp_loss":0,"event_name":"The Cleric","floor":6,"gold_loss":50},{"damage_healed":0,"gold_gain":100,"player_choice":"Gold","damage_taken":0,"max_hp_gain":0,"max_hp_loss":0,"event_name":"Wheel of Change","floor":11,"gold_loss":0}],"is_beta":false,"boss_relics":[],"items_purged_floors":[3],"is_endless":false,"potions_floor_spawned":[2,13,14],"killed_by":"Slime Boss","ascension_level":4}