{"path_per_floor":["M","?","?","M","?","R","$","?","T","M","M","R","E","M","R","B",null,"M","?","?","?","M","R","M","$","T","E","R","T","E","M","R"],"character_chosen":"IRONCLAD","items_purchased":["Armaments","Anger","Paper Frog","Rampage"],"gold_per_floor":[111,186,151,165,165,165,87,148,148,167,186,186,211,227,227,324,324,336,336,336,336,346,346,366,52,76,108,108,108,133,146,146],"floor_reached":33,"campfire_rested":3,"playtime":2139,"current_hp_per_floor":[80,69,80,80,80,80,80,70,70,70,72,72,39,42,66,18,80,80,80,80,80,80,80,80,80,80,44,68,68,31,16,40],"items_purged":[],"gold":146,"play_id":"15fbaa86-afb0-4552-9583-304088abcf07","is_prod":false,"is_daily":false,"campfire_rituals":0,"campfire_upgraded":3,"is_hardmode":false,"path_taken":["M","?","?","?","?","R","$","?","T","M","M","R","E","M","R","BOSS","M","?","?","?","M","R","M","?","T","E","R","?","E","M","R","BOSS"],"build_version":"2018-01-18-PROD4","purchased_purges":0,"victory":false,"master_deck":["Strike_R","Strike_R","Strike_R","Strike_R","Defend_R","Defend_R","Defend_R","Bash","Twin Strike","Perfected Strike","Hemokinesis","Armaments","Anger","Cleave","Heavy Blade","Pommel Strike","Inflame","Impervious","Metallicize","Headbutt","Pommel Strike","Rampage","Headbutt","Pummel","Iron Wave","Headbutt"],"max_hp_per_floor":[80,80,80,80,80,80,80,80,80,80,80,80,80,80,80,80,80,80,80,80,80,80,80,80,80,80,80,80,80,80,80,80],"relics":["Black Blood","Torii","Mummified Hand","Molten Egg","Paper Frog","Dream Catcher","Bottled Flame","Bird Faced Urn","Mercury Hourglass"],"campfire_meditates":0,"card_choices":[{"not_picked":["Perfected Strike","Burning Pact"],"picked":"Twin Strike"},{"not_picked":["Havoc","Corruption"],"picked":"Perfected Strike"},{"not_picked":["Headbutt","Sentinel"],"picked":"Cleave"},{"not_picked":["Sever Soul","Sentinel"],"picked":"Heavy Blade"},{"not_picked":["Wild Strike","Thunderclap"],"picked":"Pommel Strike"},{"not_picked":["Iron Wave","Dropkick"],"picked":"Inflame"},{"not_picked":["Reaper","Feed"],"picked":"Impervious"},{"not_picked":["Shockwave","True Grit"],"picked":"Metallicize"},{"not_picked":["Anger","Thunderclap"],"picked":"Headbutt"},{"not_picked":["Heavy Blade","Fire Breathing"],"picked":"Pommel Strike"},{"not_picked":["Sword Boomerang","Perfected Strike"],"picked":"Headbutt"},{"not_picked":["Burning Pact","Bloodletting"],"picked":"Pummel"},{"not_picked":["Perfected Strike","Headbutt"],"picked":"Iron Wave"},{"not_picked":["Pommel Strike","Clash"],"picked":"Headbutt"}],"player_experience":64187,"potions_floor_usage":[16,22,24,33],"damage_taken":[{"damage":5,"enemies":"Small Slimes","floor":1,"turns":4},{"damage":4,"enemies":"2 Louse","floor":4,"turns":3},{"damage":16,"enemies":"Gremlin Nob","floor":8,"turns":3},{"damage":6,"enemies":"Jaw Worm","floor":10,"turns":3},{"damage":4,"enemies":"Lots of Slimes","floor":11,"turns":2},{"damage":39,"enemies":"3 Sentries","floor":13,"turns":6},{"damage":3,"enemies":"Looter","floor":14,"turns":2},{"damage":54,"enemies":"The Guardian","floor":16,"turns":8},{"damage":6,"enemies":"3 Byrds","floor":18,"turns":6},{"damage":3,"enemies":"2 Thieves","floor":22,"turns":3},{"damage":9,"enemies":"Snecko","floor":24,"turns":3},{"damage":46,"enemies":"Slavers","floor":27,"turns":6},{"damage":51,"enemies":"Gremlin Leader","floor":30,"turns":7},{"damage":25,"enemies":"3 Cultists","floor":31,"turns":4},{"damage":44,"enemies":"Champ","floor":33,"turns":9}],"event_choices":[{"event_name":"World of Goop","player_choice":"Gather Gold","floor":2,"damage_taken":0},{"event_name":"The Cleric","player_choice":"Healed","floor":3,"damage_taken":0},{"event_name":"Transmorgrifier","player_choice":"Transform","floor":5,"damage_taken":0},{"event_name":"Dead Adventurer","player_choice":"Searched \u00272\u0027 times","floor":8,"damage_taken":0},{"event_name":"Beggar","player_choice":"Ignored","floor":19,"damage_taken":0},{"event_name":"Back to Basics","player_choice":"Simplicity","floor":20,"damage_taken":0},{"event_name":"Match and Keep!","player_choice":"0 cards matched","floor":21,"damage_taken":0}],"boss_relics":[{"not_picked":["Philosopher\u0027s Stone","Black Star"],"picked":"Black Blood"}],"potions_floor_spawned":[10,14,16,22,27,31],"seed_played":"5408384694447726166","killed_by":"Champ","is_trial":false}