{"gold_per_floor":[111,111,186,206,217,217,217,229,229,242,35,53,53,53,53,156,156,174,190,202,5,5,5,21,21,48,48,48],"floor_reached":28,"playtime":6097,"items_purged":["Dualcast"],"score":294,"play_id":"c1412037-9890-44ab-8742-5711564b65fa","local_time":"20190611184809","is_ascension_mode":true,"campfire_choices":[{"data":"Zap","floor":6,"key":"SMITH"},{"floor":15,"key":"REST"},{"data":"Electrodynamics","floor":23,"key":"SMITH"},{"floor":25,"key":"REST"},{"floor":27,"key":"REST"}],"neow_cost":"TEN_PERCENT_HP_LOSS","seed_source_timestamp":2224778128991259,"circlet_count":0,"master_deck":["Strike_B","Strike_B","Strike_B","Strike_B","Defend_B","Defend_B","Defend_B","Defend_B","Zap+1","Electrodynamics+1","Echo Form","BootSequence","Seek","Conserve Battery","Self Repair","Cold Snap"],"relics":["Cracked Core","Mango","Runic Capacitor","Lizard Tail","Strawberry"],"potions_floor_usage":[16,16,20,20],"damage_taken":[{"damage":4,"enemies":"Jaw Worm","floor":1,"turns":4},{"damage":0,"enemies":"Small Slimes","floor":4,"turns":2},{"damage":5,"enemies":"Cultist","floor":5,"turns":5},{"damage":8,"enemies":"Blue Slaver","floor":8,"turns":4},{"damage":21,"enemies":"Exordium Thugs","floor":10,"turns":3},{"damage":35,"enemies":"Gremlin Gang","floor":12,"turns":4},{"damage":24,"enemies":"Slime Boss","floor":16,"turns":7},{"damage":15,"enemies":"Chosen","floor":18,"turns":5},{"damage":32,"enemies":"2 Thieves","floor":19,"turns":4},{"damage":24,"enemies":"Centurion and Healer","floor":20,"turns":6},{"damage":60,"enemies":"Cultist and Chosen","floor":24,"turns":7},{"damage":68,"enemies":"Masked Bandits","floor":28,"turns":3}],"seed_played":"6977060520294294077","potions_obtained":[{"floor":4,"key":"AttackPotion"},{"floor":8,"key":"EssenceOfSteel"},{"floor":12,"key":"Fire Potion"},{"floor":16,"key":"FocusPotion"},{"floor":19,"key":"Block Potion"},{"floor":24,"key":"Strength Potion"}],"is_trial":false,"path_per_floor":["M","?","?","M","M","R","?","M","T","M","$","M","$","$","R","B",null,"M","M","M","$","?","R","M","R","T","R","?"],"character_chosen":"DEFECT","items_purchased":["Runic Capacitor","Conserve Battery","Self Repair"],"campfire_rested":3,"item_purchase_floors":[11,21,21],"current_hp_per_floor":[64,64,58,58,53,53,67,59,59,38,38,3,3,3,27,3,62,47,15,36,36,63,63,10,34,41,67,0],"gold":48,"neow_bonus":"THREE_RARE_CARDS","is_prod":false,"is_daily":false,"chose_seed":false,"campfire_upgraded":2,"win_rate":0,"timestamp":1560296889,"path_taken":["M","?","?","?","M","R","?","M","T","M","$","M","?","$","R","BOSS","M","M","?","$","?","R","M","R","T","R","?"],"build_version":"2019-01-23","purchased_purges":1,"victory":false,"max_hp_per_floor":[68,68,68,68,68,68,82,82,82,82,82,82,82,82,82,82,82,82,82,82,82,82,82,82,82,89,89,89],"card_choices":[{"not_picked":["Biased Cognition","Buffer"],"picked":"Electrodynamics","floor":0},{"not_picked":["Compile Driver","Gash","White Noise"],"picked":"SKIP","floor":1},{"not_picked":["Barrage","Go for the Eyes","Heatsinks"],"picked":"SKIP","floor":4},{"not_picked":["Auto Shields","Hello World","Streamline"],"picked":"SKIP","floor":5},{"not_picked":["Steam Power","Genetic Algorithm"],"picked":"Echo Form","floor":8},{"not_picked":["Beam Cell","Gash"],"picked":"BootSequence","floor":10},{"not_picked":["Steam","Darkness","Reprogram"],"picked":"SKIP","floor":12},{"not_picked":["Electrodynamics","Machine Learning"],"picked":"Seek","floor":16},{"not_picked":["Static Discharge","Streamline","Ball Lightning"],"picked":"SKIP","floor":18},{"not_picked":["Steam+1","Beam Cell","Hello World+1"],"picked":"SKIP","floor":19},{"not_picked":["Hologram+1","Heatsinks+1","Sunder"],"picked":"SKIP","floor":20},{"not_picked":["Doom and Gloom+1","Streamline+1"],"picked":"Cold Snap","floor":24}],"player_experience":2022870,"relics_obtained":[{"floor":26,"key":"Strawberry"}],"event_choices":[{"damage_healed":0,"gold_gain":0,"player_choice":"Ignored","damage_taken":0,"max_hp_gain":0,"max_hp_loss":0,"event_name":"Liars Game","floor":2,"gold_loss":0},{"damage_healed":0,"gold_gain":75,"player_choice":"Touch","damage_taken":6,"max_hp_gain":0,"max_hp_loss":0,"event_name":"FaceTrader","floor":3,"gold_loss":0},{"damage_healed":0,"gold_gain":0,"player_choice":"Gave Potion","damage_taken":0,"relics_obtained":["Mango"],"max_hp_gain":0,"max_hp_loss":0,"event_name":"WeMeetAgain","floor":7,"gold_loss":0},{"damage_healed":27,"gold_gain":0,"player_choice":"Heal","damage_taken":0,"max_hp_gain":0,"max_hp_loss":0,"event_name":"The Library","floor":22,"gold_loss":0},{"damage_healed":0,"gold_gain":0,"player_choice":"Fought Bandits","damage_taken":0,"max_hp_gain":0,"max_hp_loss":0,"event_name":"Masked Bandits","floor":28,"gold_loss":0}],"is_beta":false,"boss_relics":[{"not_picked":["White Beast Statue","Astrolabe"],"picked":"Lizard Tail"}],"items_purged_floors":[21],"is_endless":false,"potions_floor_spawned":[4,8,12,16,19,24],"killed_by":"Masked Bandits","ascension_level":8}