{"gold_per_floor":[117,117,67,83,8,33,33,64,64,64,64,64,64,140,140,237,237,248,148,122,140,239,239,239,239,239,253,253,273,83,95,95,196,196,209,609,609,609],"floor_reached":38,"playtime":1905,"items_purged":["Defend_G","Strike_G"],"score":488,"play_id":"c5ffafab-61c6-4a38-a664-2ee17a82bb7e","local_time":"20181218212517","is_ascension_mode":true,"campfire_choices":[{"floor":7,"key":"RECALL"},{"floor":10,"key":"REST"},{"floor":12,"key":"REST"},{"data":"Leg Sweep","floor":15,"key":"SMITH"},{"floor":23,"key":"REST"},{"data":"Apotheosis","floor":32,"key":"SMITH"}],"neow_cost":"NONE","seed_source_timestamp":529790553289997,"circlet_count":0,"master_deck":["Defend_G","Defend_G","Strike_G","Strike_G","Strike_G","Survivor","Neutralize","Cloak And Dagger","Leg Sweep+1","Infinite Blades","Adrenaline","Cloak And Dagger","Apotheosis+1","Malaise","Footwork"],"relics":["Ring of the Snake","NeowsBlessing","Pear","Turnip","Shuriken","Runic Dome","Paper Crane","MutagenicStrength","Eternal Feather","Old Coin"],"potions_floor_usage":[16,16,33,33,33],"damage_taken":[{"damage":0,"enemies":"Jaw Worm","floor":1,"turns":1},{"damage":0,"enemies":"Small Slimes","floor":4,"turns":1},{"damage":0,"enemies":"Gremlin Nob","floor":6,"turns":1},{"damage":61,"enemies":"3 Sentries","floor":8,"turns":12},{"damage":32,"enemies":"Hexaghost","floor":16,"turns":12},{"damage":4,"enemies":"Shell Parasite","floor":18,"turns":11},{"damage":10,"enemies":"2 Thieves","floor":20,"turns":5},{"damage":10,"enemies":"Shelled Parasite and Fungi","floor":21,"turns":8},{"damage":6,"enemies":"Centurion and Healer","floor":27,"turns":10},{"damage":10,"enemies":"3 Cultists","floor":29,"turns":6},{"damage":0,"enemies":"Snake Plant","floor":31,"turns":6},{"damage":15,"enemies":"Champ","floor":33,"turns":9},{"damage":46,"enemies":"3 Darklings","floor":35,"turns":8},{"damage":0,"enemies":"Mind Bloom Boss Battle","floor":36,"turns":7},{"damage":34,"enemies":"2 Orb Walkers","floor":38,"turns":3}],"seed_played":"-2122529576505528158","potions_obtained":[{"floor":1,"key":"Block Potion"},{"floor":8,"key":"PowerPotion"},{"floor":18,"key":"Strength Potion"},{"floor":20,"key":"Regen Potion"},{"floor":27,"key":"SkillPotion"},{"floor":35,"key":"FearPotion"},{"floor":36,"key":"Weak Potion"}],"is_trial":false,"path_per_floor":["M","?","?","M","$","E","R","E","T","R","$","R","$","T","R","B",null,"M","$","M","M","?","R","?","?","T","M","?","M","$","M","R","B",null,"M","?","?","?"],"character_chosen":"THE_SILENT","items_purchased":["Apotheosis"],"campfire_rested":3,"item_purchase_floors":[30],"current_hp_per_floor":[70,63,63,63,63,73,73,12,12,36,36,60,60,60,60,28,80,76,76,66,56,56,80,80,80,80,74,74,64,64,64,64,64,80,34,34,34,0],"gold":609,"neow_bonus":"THREE_ENEMY_KILL","is_prod":false,"is_daily":false,"chose_seed":false,"campfire_upgraded":2,"win_rate":0,"timestamp":1545189917,"path_taken":["M","?","?","M","$","E","R","E","T","R","?","R","$","?","R","BOSS","M","$","M","M","?","R","?","?","T","?","?","M","$","M","R","BOSS","M","?","?","?"],"build_version":"2018-12-13","purchased_purges":2,"victory":false,"max_hp_per_floor":[70,70,70,70,70,80,80,80,80,80,80,80,80,80,80,80,80,80,80,80,80,80,80,80,80,80,80,80,80,80,80,80,80,80,80,80,76,76],"card_choices":[{"not_picked":["Dagger Spray","Dagger Throw","Backflip"],"picked":"SKIP","floor":1},{"not_picked":["Endless Agony","Dagger Throw","Bane"],"picked":"SKIP","floor":4},{"not_picked":["Riddle With Holes","Crippling Poison"],"picked":"Cloak And Dagger","floor":6},{"not_picked":["Eviscerate","Distraction"],"picked":"Leg Sweep","floor":8},{"not_picked":["Deadly Poison+1","Sucker Punch","Deflect"],"picked":"SKIP","floor":18},{"not_picked":["Caltrops","Blade Dance"],"picked":"Infinite Blades","floor":20},{"not_picked":["Prepared+1","Sucker Punch","Dodge and Roll"],"picked":"SKIP","floor":21},{"not_picked":["Riddle With Holes","Deflect"],"picked":"Adrenaline","floor":27},{"not_picked":["Finisher+1","Reflex+1"],"picked":"Cloak And Dagger","floor":29},{"not_picked":["PiercingWail+1","Quick Slash","Underhanded Strike+1"],"picked":"SKIP","floor":31},{"not_picked":["Tools of the Trade","Corpse Explosion"],"picked":"Malaise","floor":33},{"not_picked":["Tactician","Finisher+1","Slice+1"],"picked":"SKIP","floor":35},{"not_picked":["Choke+1","Setup+1"],"picked":"Footwork","floor":36}],"player_experience":778604,"relics_obtained":[{"floor":6,"key":"Pear"},{"floor":8,"key":"Turnip"},{"floor":14,"key":"Shuriken"},{"floor":26,"key":"Paper Crane"},{"floor":36,"key":"Old Coin"}],"event_choices":[{"cards_removed":["Defend_G"],"damage_healed":0,"gold_gain":0,"player_choice":"Card Removal","damage_taken":7,"max_hp_gain":0,"max_hp_loss":0,"event_name":"Golden Wing","floor":2,"gold_loss":0},{"cards_removed":["Strike_G"],"damage_healed":0,"gold_gain":0,"player_choice":"Card Removal","damage_taken":0,"max_hp_gain":0,"max_hp_loss":0,"event_name":"The Cleric","floor":3,"gold_loss":50},{"damage_healed":0,"gold_gain":99,"player_choice":"Stole From Cult","damage_taken":0,"max_hp_gain":0,"max_hp_loss":0,"event_name":"Nest","floor":22,"gold_loss":0},{"cards_removed":["Defend_G"],"damage_healed":0,"gold_gain":0,"player_choice":"Elegance","damage_taken":0,"max_hp_gain":0,"max_hp_loss":0,"event_name":"Back to Basics","floor":24,"gold_loss":0},{"damage_healed":0,"gold_gain":0,"player_choice":"Ignored","damage_taken":0,"max_hp_gain":0,"max_hp_loss":0,"event_name":"The Mausoleum","floor":25,"gold_loss":0},{"damage_healed":0,"gold_gain":0,"player_choice":"Inject Mutagens","damage_taken":0,"relics_obtained":["MutagenicStrength"],"max_hp_gain":0,"max_hp_loss":0,"event_name":"Drug Dealer","floor":28,"gold_loss":0},{"damage_healed":0,"gold_gain":0,"player_choice":"Fight","damage_taken":0,"max_hp_gain":0,"max_hp_loss":0,"event_name":"MindBloom","floor":36,"gold_loss":0},{"damage_healed":0,"gold_gain":0,"player_choice":"Max HP","damage_taken":0,"max_hp_gain":0,"max_hp_loss":4,"event_name":"Winding Halls","floor":37,"gold_loss":0},{"damage_healed":0,"gold_gain":0,"player_choice":"Fight","damage_taken":0,"max_hp_gain":0,"max_hp_loss":0,"event_name":"Mysterious Sphere","floor":38,"gold_loss":0}],"is_beta":false,"boss_relics":[{"not_picked":["Tiny House","Snecko Eye"],"picked":"Runic Dome"},{"not_picked":["Black Star","Empty Cage"],"picked":"Eternal Feather"}],"items_purged_floors":[5,19],"is_endless":false,"potions_floor_spawned":[1,8,18,20,27,35,36],"killed_by":"2 Orb Walkers","ascension_level":3}