{"gold_per_floor":[116,131,143,158,177,177,177,177,177,87,87,87,104,118,118,217,217,232,248,248,110,25,52,52,52,52,69,69,69,69,84,84,182,182,194,40,40,52,52,52,52,52,52,67,67,77,93,107,107,107],"floor_reached":51,"playtime":2744,"items_purged":["Strike_B","Shame","Injury"],"score":684,"play_id":"a7fc47e2-8145-491b-8931-cff66af1ffc9","local_time":"20190821001516","is_ascension_mode":false,"campfire_choices":[{"data":"Streamline","floor":6,"key":"SMITH"},{"data":"Redo","floor":8,"key":"SMITH"},{"data":"Loop","floor":12,"key":"SMITH"},{"data":"White Noise","floor":15,"key":"SMITH"},{"data":"Consume","floor":24,"key":"SMITH"},{"data":"Zap","floor":28,"key":"SMITH"},{"data":"Cold Snap","floor":30,"key":"SMITH"},{"floor":32,"key":"REST"},{"data":"Amplify","floor":40,"key":"SMITH"},{"data":"Defragment","floor":42,"key":"SMITH"},{"floor":49,"key":"REST"}],"neow_cost":"NONE","seed_source_timestamp":475039283455083,"circlet_count":0,"master_deck":["Strike_B","Strike_B","Defend_B+1","Defend_B+1","Defend_B","Defend_B","Zap+1","Dualcast","Melter","Streamline+1","Redo+1","Loop+1","Sweeping Beam","White Noise+1","Echo Form","Injury","Chill","Capacitor+1","Doom and Gloom","Self Repair","Consume+1","Cold Snap+1","Amplify+1","Ball Lightning+1","Defragment+1","Madness","Madness","Glacier","Loop+1","Leap+1"],"relics":["Cracked Core","The Courier","Mummified Hand","Calling Bell","War Paint","Letter Opener","Pocketwatch","Pantograph","Pear","Bag of Marbles","Mercury Hourglass","Lizard Tail","Prayer Wheel"],"potions_floor_usage":[16,19,23,23,33,44,47],"damage_taken":[{"damage":0,"enemies":"Cultist","floor":1,"turns":3},{"damage":0,"enemies":"2 Louse","floor":2,"turns":2},{"damage":6,"enemies":"Jaw Worm","floor":3,"turns":2},{"damage":6,"enemies":"2 Fungi Beasts","floor":4,"turns":3},{"damage":14,"enemies":"Large Slime","floor":5,"turns":5},{"damage":5,"enemies":"Looter","floor":13,"turns":3},{"damage":2,"enemies":"Blue Slaver","floor":14,"turns":2},{"damage":7,"enemies":"The Guardian","floor":16,"turns":8},{"damage":2,"enemies":"Chosen","floor":18,"turns":3},{"damage":7,"enemies":"2 Thieves","floor":19,"turns":4},{"damage":44,"enemies":"Gremlin Leader","floor":23,"turns":7},{"damage":17,"enemies":"Centurion and Healer","floor":27,"turns":6},{"damage":0,"enemies":"Snecko","floor":31,"turns":4},{"damage":24,"enemies":"Champ","floor":33,"turns":7},{"damage":3,"enemies":"Orb Walker","floor":35,"turns":4},{"damage":2,"enemies":"3 Shapes","floor":38,"turns":3},{"damage":23,"enemies":"Jaw Worm Horde","floor":44,"turns":3},{"damage":3,"enemies":"Sphere and 2 Shapes","floor":46,"turns":6},{"damage":13,"enemies":"Transient","floor":47,"turns":5},{"damage":46,"enemies":"Jaw Worm Horde","floor":48,"turns":5},{"damage":25,"enemies":"Time Eater","floor":50,"turns":13}],"seed_played":"8655410984447687166","potions_obtained":[{"floor":3,"key":"Block Potion"},{"floor":13,"key":"Swift Potion"},{"floor":14,"key":"GamblersBrew"},{"floor":18,"key":"FearPotion"},{"floor":23,"key":"Swift Potion"},{"floor":27,"key":"Strength Potion"},{"floor":38,"key":"AttackPotion"},{"floor":44,"key":"Explosive Potion"},{"floor":46,"key":"SteroidPotion"}],"is_trial":false,"path_per_floor":["M","M","M","M","M","R","?","R","T","$","T","R","M","M","R","B",null,"M","M","?","$","?","E","R","$","T","M","R","T","R","M","R","B",null,"M","$","?","M","?","R","?","R","T","M","$","M","M","M","R","B",null],"character_chosen":"DEFECT","items_purchased":["Loop","Self Repair","Defragment"],"campfire_rested":2,"item_purchase_floors":[10,21,36],"current_hp_per_floor":[82,82,76,70,56,56,56,56,56,56,56,56,51,49,49,42,82,80,73,73,73,73,53,53,53,53,43,43,43,43,50,77,75,92,92,92,92,92,92,92,80,80,80,64,64,68,55,16,43,50],"gold":107,"neow_bonus":"TEN_PERCENT_HP_BONUS","is_prod":false,"is_daily":false,"chose_seed":false,"campfire_upgraded":9,"win_rate":0.0,"timestamp":1566360916,"path_taken":["M","M","?","M","M","R","?","R","T","$","?","R","M","M","R","BOSS","M","M","?","$","?","E","R","$","T","M","R","?","R","M","R","BOSS","M","$","?","M","?","R","?","R","T","M","?","M","M","M","R","BOSS"],"build_version":"2019-07-17","purchased_purges":3,"victory":true,"max_hp_per_floor":[82,82,82,82,82,82,82,82,82,82,82,82,82,82,82,82,82,82,82,82,82,82,92,92,92,92,92,92,92,92,92,92,92,92,92,92,92,92,92,92,92,92,92,92,92,92,92,92,92,92],"card_choices":[{"not_picked":["Steam","Static Discharge"],"picked":"Melter","floor":1},{"not_picked":["Skim","Steam"],"picked":"Streamline","floor":2},{"not_picked":["Leap","Steam"],"picked":"Redo","floor":3},{"not_picked":["Turbo","Rebound","Go for the Eyes"],"picked":"SKIP","floor":4},{"not_picked":["Go for the Eyes","Meteor Strike","Compile Driver"],"picked":"SKIP","floor":5},{"not_picked":["Blizzard","Leap"],"picked":"Sweeping Beam","floor":13},{"not_picked":["Ball Lightning","Beam Cell"],"picked":"White Noise","floor":14},{"not_picked":["Seek","Buffer"],"picked":"Echo Form","floor":16},{"not_picked":["Conserve Battery","Sweeping Beam"],"picked":"Chill","floor":18},{"not_picked":["Steam","Gash"],"picked":"Capacitor+1","floor":19},{"not_picked":["Blizzard","Redo"],"picked":"Consume","floor":23},{"not_picked":["Ball Lightning","Heatsinks+1"],"picked":"Cold Snap","floor":27},{"not_picked":["Barrage","Beam Cell","Coolheaded"],"picked":"SKIP","floor":31},{"not_picked":["Thunder Strike","Machine Learning"],"picked":"Amplify","floor":33},{"not_picked":["Rebound+1","Turbo"],"picked":"Ball Lightning+1","floor":35},{"not_picked":["Gash","Turbo+1","Coolheaded"],"picked":"SKIP","floor":38},{"not_picked":["Coolheaded+1","Ball Lightning+1"],"picked":"Glacier","floor":44},{"not_picked":["Hologram","Rebound","Stack+1"],"picked":"SKIP","floor":44},{"not_picked":["Force Field+1","Beam Cell+1","Rip and Tear+1"],"picked":"SKIP","floor":46},{"not_picked":["Loop+1","FTL+1","Meteor Strike"],"picked":"SKIP","floor":46},{"not_picked":["FTL+1","Meteor Strike"],"picked":"Loop+1","floor":46},{"not_picked":["Force Field+1","Beam Cell+1","Rip and Tear+1"],"picked":"SKIP","floor":46},{"not_picked":["Rip and Tear","Beam Cell","Capacitor+1"],"picked":"SKIP","floor":47},{"not_picked":["Cold Snap","Compile Driver","Conserve Battery"],"picked":"SKIP","floor":47},{"not_picked":["Beam Cell+1","Ball Lightning+1"],"picked":"Leap+1","floor":48},{"not_picked":["Genetic Algorithm","Lockon","Redo+1"],"picked":"SKIP","floor":48}],"player_experience":146718,"relics_obtained":[{"floor":9,"key":"The Courier"},{"floor":11,"key":"Mummified Hand"},{"floor":17,"key":"War Paint"},{"floor":17,"key":"Letter Opener"},{"floor":17,"key":"Pocketwatch"},{"floor":23,"key":"Pear"},{"floor":26,"key":"Bag of Marbles"},{"floor":29,"key":"Mercury Hourglass"},{"floor":43,"key":"Prayer Wheel"}],"event_choices":[{"cards_removed":["Strike_B"],"damage_healed":0,"gold_gain":0,"player_choice":"Purged","damage_taken":0,"max_hp_gain":0,"max_hp_loss":0,"event_name":"Purifier","floor":7,"gold_loss":0},{"damage_healed":0,"gold_gain":0,"player_choice":"Read","damage_taken":0,"max_hp_gain":0,"max_hp_loss":0,"event_name":"The Library","floor":20,"gold_loss":0,"cards_obtained":["Doom and Gloom"]},{"damage_healed":0,"gold_gain":0,"player_choice":"Obtained Relic","damage_taken":0,"relics_obtained":["Pantograph"],"max_hp_gain":0,"max_hp_loss":0,"event_name":"Addict","floor":22,"gold_loss":85},{"damage_healed":0,"gold_gain":0,"player_choice":"Ignored","damage_taken":0,"max_hp_gain":0,"max_hp_loss":0,"event_name":"Mysterious Sphere","floor":37,"gold_loss":0},{"damage_healed":0,"gold_gain":0,"player_choice":"Memory 1","damage_taken":0,"max_hp_gain":0,"max_hp_loss":0,"event_name":"SensoryStone","floor":39,"gold_loss":0},{"damage_healed":0,"gold_gain":0,"player_choice":"Embrace Madness","damage_taken":12,"max_hp_gain":0,"max_hp_loss":0,"event_name":"Winding Halls","floor":41,"gold_loss":0,"cards_obtained":["Madness","Madness"]}],"is_beta":false,"boss_relics":[{"not_picked":["Runic Pyramid","Tiny House"],"picked":"Calling Bell"},{"not_picked":["White Beast Statue","Snecko Eye"],"picked":"Lizard Tail"}],"items_purged_floors":[10,21,36],"is_endless":false,"potions_floor_spawned":[3,13,14,18,23,27,38,44,46],"ascension_level":0}