{"gold_per_floor":[118,68,143,143,158,158,188,188,188,215,215,228,259,272,272,376,376,396,496,421,441,455,455,482,482,505,405,355,372,372,391,391,489,489,503,515,515,535,559,559,251,271,295,145,161,175,175,0,0,0],"floor_reached":51,"playtime":2068,"items_purged":["Strike_R","Defend_R","Strike_R","Apotheosis","Defend_R"],"score":831,"play_id":"83061194-7534-41cc-95a2-1e5e1f51ce82","local_time":"20181111131610","is_ascension_mode":true,"campfire_choices":[{"data":"Flame Barrier","floor":6,"key":"SMITH"},{"data":"Immolate","floor":8,"key":"SMITH"},{"data":"Shockwave","floor":15,"key":"SMITH"},{"floor":23,"key":"REST"},{"data":"Reaper","floor":25,"key":"SMITH"},{"data":"Demon Form","floor":30,"key":"SMITH"},{"data":"Inflame","floor":32,"key":"SMITH"},{"floor":40,"key":"REST"},{"data":"Uppercut","floor":49,"key":"SMITH"}],"neow_cost":"CURSE","seed_source_timestamp":2813234329562356,"circlet_count":0,"master_deck":["Strike_R","Strike_R","Defend_R","Defend_R","Bash","Immolate+1","Flame Barrier+1","Uppercut+1","Demon Form+1","Shockwave+1","Reaper+1","Inflame+1","Barricade+1","Battle Trance+1"],"relics":["Burning Blood","StoneCalendar","PreservedInsect","Odd Mushroom","Kunai","Question Card","Busted Crown","Prayer Wheel","Bottled Lightning","Mummified Hand","Centennial Puzzle","Sozu","Bag of Marbles","Pen Nib"],"potions_floor_usage":[16,16,24,33,33,50],"damage_taken":[{"damage":0,"enemies":"Small Slimes","floor":1,"turns":3},{"damage":0,"enemies":"2 Louse","floor":5,"turns":2},{"damage":4,"enemies":"3 Sentries","floor":7,"turns":4},{"damage":0,"enemies":"The Mushroom Lair","floor":10,"turns":1},{"damage":0,"enemies":"Jaw Worm","floor":12,"turns":2},{"damage":20,"enemies":"Lagavulin","floor":13,"turns":7},{"damage":4,"enemies":"Blue Slaver","floor":14,"turns":3},{"damage":26,"enemies":"Slime Boss","floor":16,"turns":6},{"damage":15,"enemies":"3 Byrds","floor":18,"turns":3},{"damage":21,"enemies":"Colosseum Slavers","floor":19,"turns":6},{"damage":14,"enemies":"Colosseum Nobs","floor":19,"turns":4},{"damage":19,"enemies":"Spheric Guardian","floor":21,"turns":5},{"damage":10,"enemies":"Snake Plant","floor":22,"turns":3},{"damage":25,"enemies":"Book of Stabbing","floor":24,"turns":6},{"damage":1,"enemies":"Snecko","floor":29,"turns":4},{"damage":0,"enemies":"Chosen and Byrds","floor":31,"turns":4},{"damage":33,"enemies":"Collector","floor":33,"turns":7},{"damage":7,"enemies":"3 Darklings","floor":35,"turns":4},{"damage":1,"enemies":"3 Shapes","floor":36,"turns":5},{"damage":20,"enemies":"Spire Growth","floor":38,"turns":5},{"damage":0,"enemies":"Maw","floor":42,"turns":6},{"damage":12,"enemies":"4 Shapes","floor":45,"turns":3},{"damage":21,"enemies":"Jaw Worm Horde","floor":46,"turns":4},{"damage":59,"enemies":"Donu and Deca","floor":50,"turns":6}],"seed_played":"1639271936591692789","potions_obtained":[{"floor":1,"key":"Dexterity Potion"},{"floor":14,"key":"PowerPotion"},{"floor":16,"key":"Regen Potion"},{"floor":18,"key":"SpeedPotion"},{"floor":19,"key":"Explosive Potion"},{"floor":29,"key":"Strength Potion"}],"is_trial":false,"path_per_floor":["M","?","?","?","M","R","E","R","T","?","?","M","E","M","R","B",null,"M","?","$","M","M","R","E","R","T","$","?","M","R","M","R","B",null,"M","M","?","M","T","R","$","M","T","$","M","M","?","$","R","B",null],"character_chosen":"IRONCLAD","items_purchased":["Apotheosis"],"campfire_rested":2,"item_purchase_floors":[41],"current_hp_per_floor":[80,80,69,62,68,68,70,70,70,76,69,75,61,63,63,43,80,71,56,56,43,39,63,59,59,59,59,59,71,71,77,77,68,80,80,80,70,56,56,80,80,80,80,80,80,80,80,80,80,45],"gold":0,"neow_bonus":"THREE_RARE_CARDS","is_prod":false,"is_daily":false,"chose_seed":false,"campfire_upgraded":7,"win_rate":0,"timestamp":1541963770,"path_taken":["M","?","?","?","M","R","E","R","T","?","?","?","E","M","R","BOSS","M","?","?","?","M","R","E","R","T","$","?","M","R","M","R","BOSS","M","?","?","M","?","R","$","M","T","?","M","?","?","?","R","BOSS"],"build_version":"2018-11-08","purchased_purges":5,"victory":true,"max_hp_per_floor":[80,80,80,80,80,80,80,80,80,80,80,80,80,80,80,80,80,80,80,80,80,80,80,80,80,80,80,80,80,80,80,80,80,80,80,80,80,80,80,80,80,80,80,80,80,80,80,80,80,80],"card_choices":[{"not_picked":["Juggernaut","Limit Break"],"picked":"Immolate","floor":0},{"not_picked":["Pummel","Infernal Blade","Armaments"],"picked":"SKIP","floor":1},{"not_picked":["Wild Strike","Thunderclap"],"picked":"Flame Barrier","floor":5},{"not_picked":["Clothesline","Carnage","Iron Wave"],"picked":"SKIP","floor":7},{"not_picked":["Havoc","Clothesline"],"picked":"Uppercut","floor":12},{"not_picked":["Dual Wield","Corruption"],"picked":"Demon Form","floor":13},{"not_picked":["Shrug It Off","Havoc","Headbutt"],"picked":"Shockwave","floor":14},{"not_picked":["Berserk","Fiend Fire","Immolate"],"picked":"Reaper","floor":16},{"not_picked":["Pommel Strike","True Grit"],"picked":"SKIP","floor":18},{"not_picked":["Corruption","Cleave"],"picked":"SKIP","floor":21},{"not_picked":["Dropkick+1","Rage"],"picked":"SKIP","floor":21},{"not_picked":["Evolve","Rage"],"picked":"SKIP","floor":22},{"not_picked":["Hemokinesis","Headbutt+1"],"picked":"SKIP","floor":22},{"not_picked":["Body Slam","Iron Wave"],"picked":"SKIP","floor":24},{"not_picked":["Wild Strike+1","Cleave"],"picked":"SKIP","floor":29},{"not_picked":["Reckless Charge","Sever Soul+1"],"picked":"SKIP","floor":29},{"not_picked":["Dual Wield"],"picked":"Inflame","floor":31},{"not_picked":["Anger","Power Through+1"],"picked":"SKIP","floor":31},{"not_picked":["Berserk"],"picked":"Barricade","floor":33},{"not_picked":["Cleave","Intimidate+1"],"picked":"SKIP","floor":35},{"not_picked":["Power Through+1","Pommel Strike+1"],"picked":"SKIP","floor":35},{"not_picked":["Iron Wave+1"],"picked":"Battle Trance+1","floor":36},{"not_picked":["Perfected Strike+1","Twin Strike"],"picked":"SKIP","floor":36},{"not_picked":["Havoc+1","Headbutt+1"],"picked":"SKIP","floor":38},{"not_picked":["Combust","Thunderclap"],"picked":"SKIP","floor":38},{"not_picked":["Havoc","Blood for Blood"],"picked":"SKIP","floor":42},{"not_picked":["Sword Boomerang","Warcry+1"],"picked":"SKIP","floor":42},{"not_picked":["Iron Wave+1","Thunderclap+1"],"picked":"SKIP","floor":45},{"not_picked":["Havoc+1","Reckless Charge+1"],"picked":"SKIP","floor":45},{"not_picked":["True Grit","Reckless Charge+1"],"picked":"SKIP","floor":46},{"not_picked":["Offering","Pummel+1"],"picked":"SKIP","floor":46}],"player_experience":124030,"relics_obtained":[{"floor":7,"key":"StoneCalendar"},{"floor":9,"key":"PreservedInsect"},{"floor":10,"key":"Odd Mushroom"},{"floor":13,"key":"Question Card"},{"floor":19,"key":"Prayer Wheel"},{"floor":19,"key":"Bottled Lightning"},{"floor":24,"key":"Mummified Hand"},{"floor":26,"key":"Centennial Puzzle"},{"floor":39,"key":"Bag of Marbles"},{"floor":43,"key":"Pen Nib"}],"event_choices":[{"cards_removed":["Shame"],"damage_healed":0,"gold_gain":0,"player_choice":"Card Removal","damage_taken":0,"max_hp_gain":0,"max_hp_loss":0,"event_name":"The Cleric","floor":2,"gold_loss":50},{"damage_healed":0,"gold_gain":75,"player_choice":"Gather Gold","damage_taken":11,"max_hp_gain":0,"max_hp_loss":0,"event_name":"World of Goop","floor":3,"gold_loss":0},{"cards_removed":["Strike_R"],"damage_healed":0,"gold_gain":0,"player_choice":"Card Removal","damage_taken":7,"max_hp_gain":0,"max_hp_loss":0,"event_name":"Golden Wing","floor":4,"gold_loss":0},{"damage_healed":0,"gold_gain":0,"player_choice":"Fought Mushrooms","damage_taken":0,"max_hp_gain":0,"max_hp_loss":0,"event_name":"Mushrooms","floor":10,"gold_loss":0},{"damage_healed":0,"gold_gain":0,"player_choice":"Success","damage_taken":7,"relics_obtained":["Kunai"],"max_hp_gain":0,"max_hp_loss":0,"event_name":"Scrap Ooze","floor":11,"gold_loss":0},{"damage_healed":0,"gold_gain":0,"player_choice":"Fight","damage_taken":0,"max_hp_gain":0,"max_hp_loss":0,"event_name":"Colosseum","floor":19,"gold_loss":0},{"damage_healed":0,"gold_gain":0,"player_choice":"Fought Nobs","damage_taken":0,"max_hp_gain":0,"max_hp_loss":0,"event_name":"Colosseum","floor":19,"gold_loss":0},{"damage_healed":0,"gold_gain":0,"player_choice":"Bet on Owner","damage_taken":0,"max_hp_gain":0,"max_hp_loss":0,"event_name":"The Joust","floor":28,"gold_loss":50},{"damage_healed":0,"gold_gain":0,"player_choice":"Memory 3","damage_taken":10,"max_hp_gain":0,"max_hp_loss":0,"event_name":"SensoryStone","floor":37,"gold_loss":0},{"damage_healed":0,"gold_gain":0,"player_choice":"Upgraded","damage_taken":0,"max_hp_gain":0,"max_hp_loss":0,"event_name":"Upgrade Shrine","floor":47,"gold_loss":0,"cards_upgraded":["Barricade"]}],"is_beta":false,"boss_relics":[{"not_picked":["Mark of Pain","Runic Pyramid"],"picked":"Busted Crown"},{"not_picked":["Velvet Choker","Astrolabe"],"picked":"Sozu"}],"items_purged_floors":[20,27,41,44,48],"is_endless":false,"potions_floor_spawned":[1,14,16,18,19,29,38,42],"ascension_level":1}