{"gold_per_floor":[115,115,130,143,143,170,170,205,257,257,269,279,279,295,295,397,397,408,58,73,73,73,73,89,139,164,177,193,193,93,106,106,106],"floor_reached":33,"playtime":1310,"items_purged":["Strike_R","Strike_R"],"score":401,"play_id":"275e556a-3a60-40be-837e-f60c328ec3d8","local_time":"20190707104117","is_ascension_mode":true,"campfire_choices":[{"floor":7,"key":"REST"},{"data":"Armaments","floor":15,"key":"SMITH"},{"data":"Body Slam","floor":23,"key":"SMITH"},{"data":"Metallicize","floor":32,"key":"SMITH"}],"neow_cost":"NONE","seed_source_timestamp":977724633445859,"circlet_count":0,"master_deck":["Strike_R","Strike_R","Defend_R","Defend_R","Defend_R","Defend_R","Bash","Immolate","Body Slam+1","Armaments+1","Feed","Metallicize+1","Necronomicurse","Flame Barrier"],"relics":["Burning Blood","Self Forming Clay","Bronze Scales","Regal Pillow","Sozu","Medical Kit","Necronomicon","Strawberry"],"potions_floor_usage":[6,6,16,16,33],"damage_taken":[{"damage":2,"enemies":"Jaw Worm","floor":1,"turns":3},{"damage":0,"enemies":"2 Louse","floor":3,"turns":1},{"damage":7,"enemies":"Small Slimes","floor":4,"turns":4},{"damage":30,"enemies":"3 Sentries","floor":6,"turns":5},{"damage":27,"enemies":"Lagavulin","floor":8,"turns":5},{"damage":16,"enemies":"Gremlin Gang","floor":11,"turns":3},{"damage":14,"enemies":"Looter","floor":12,"turns":4},{"damage":1,"enemies":"Exordium Wildlife","floor":14,"turns":3},{"damage":29,"enemies":"Hexaghost","floor":16,"turns":11},{"damage":20,"enemies":"Shell Parasite","floor":18,"turns":5},{"damage":0,"enemies":"Chosen","floor":20,"turns":4},{"damage":6,"enemies":"3 Cultists","floor":24,"turns":3},{"damage":8,"enemies":"Centurion and Healer","floor":27,"turns":3},{"damage":10,"enemies":"Snecko","floor":28,"turns":5},{"damage":0,"enemies":"Cultist and Chosen","floor":31,"turns":3},{"damage":67,"enemies":"Automaton","floor":33,"turns":6}],"seed_played":"-264458101075264077","potions_obtained":[{"floor":1,"key":"Explosive Potion"},{"floor":3,"key":"LiquidBronze"},{"floor":11,"key":"PowerPotion"},{"floor":12,"key":"FearPotion"},{"floor":16,"key":"FearPotion"}],"is_trial":false,"path_per_floor":["M","?","M","M","?","E","R","E","T","?","M","M","?","M","R","B",null,"M","$","M","?","?","R","M","?","T","M","M","?","$","M","R","B"],"character_chosen":"IRONCLAD","items_purchased":["Medical Kit","Metallicize"],"campfire_rested":1,"item_purchase_floors":[19,19],"current_hp_per_floor":[76,76,80,79,79,55,79,58,58,58,48,40,40,45,45,22,66,55,55,65,49,49,49,52,52,59,57,56,56,56,62,62,0],"gold":106,"neow_bonus":"ONE_RANDOM_RARE_CARD","is_prod":false,"is_daily":false,"chose_seed":false,"campfire_upgraded":3,"win_rate":0,"timestamp":1562514077,"path_taken":["M","?","M","M","?","E","R","E","T","?","M","?","?","M","R","BOSS","M","$","?","?","?","R","M","?","T","M","?","?","?","M","R","BOSS"],"build_version":"2019-07-05","purchased_purges":2,"victory":false,"max_hp_per_floor":[80,80,80,80,80,80,80,80,80,80,80,80,80,80,80,80,80,83,83,87,87,87,87,90,90,97,97,100,100,100,100,100,100],"card_choices":[{"not_picked":["Feel No Pain","Anger"],"picked":"Body Slam","floor":1},{"not_picked":["Uppercut","Headbutt","True Grit"],"picked":"SKIP","floor":3},{"not_picked":["Pummel","Pommel Strike","Blood for Blood"],"picked":"SKIP","floor":4},{"not_picked":["Shockwave","Sever Soul"],"picked":"Armaments","floor":6},{"not_picked":["Twin Strike","Reckless Charge","Headbutt"],"picked":"SKIP","floor":8},{"not_picked":["Searing Blow","Flex","Sentinel"],"picked":"SKIP","floor":11},{"not_picked":["Anger","Uppercut","Shockwave"],"picked":"SKIP","floor":12},{"not_picked":["Body Slam","Perfected Strike","Power Through"],"picked":"SKIP","floor":14},{"not_picked":["Exhume","Brutality"],"picked":"Feed","floor":16},{"not_picked":["Thunderclap","Spot Weakness","Flex"],"picked":"SKIP","floor":18},{"not_picked":["Twin Strike+1","Pommel Strike","Thunderclap"],"picked":"SKIP","floor":20},{"not_picked":["Iron Wave","Armaments+1"],"picked":"Flame Barrier","floor":24},{"not_picked":["Headbutt","Blood for Blood+1","True Grit"],"picked":"SKIP","floor":27},{"not_picked":["Warcry+1","Perfected Strike","True Grit"],"picked":"SKIP","floor":28},{"not_picked":["True Grit","Cleave","Anger"],"picked":"SKIP","floor":31}],"player_experience":2121602,"relics_obtained":[{"floor":6,"key":"Self Forming Clay"},{"floor":8,"key":"Bronze Scales"},{"floor":9,"key":"Regal Pillow"},{"floor":21,"key":"Necronomicon"},{"floor":26,"key":"Strawberry"}],"event_choices":[{"damage_healed":0,"gold_gain":0,"player_choice":"Ignored","damage_taken":0,"max_hp_gain":0,"max_hp_loss":0,"event_name":"Liars Game","floor":2,"gold_loss":0},{"damage_healed":0,"gold_gain":0,"cards_transformed":["Strike_R"],"player_choice":"Change","damage_taken":0,"max_hp_gain":0,"max_hp_loss":0,"event_name":"Living Wall","floor":5,"gold_loss":0,"cards_obtained":["Power Through"]},{"damage_healed":0,"gold_gain":0,"cards_transformed":["Power Through"],"player_choice":"Transformed","damage_taken":0,"max_hp_gain":0,"max_hp_loss":0,"event_name":"Transmorgrifier","floor":10,"gold_loss":0,"cards_obtained":["Hemokinesis"]},{"cards_removed":["Hemokinesis"],"damage_healed":0,"gold_gain":0,"player_choice":"Purged","damage_taken":0,"max_hp_gain":0,"max_hp_loss":0,"event_name":"Purifier","floor":13,"gold_loss":0},{"damage_healed":0,"gold_gain":0,"player_choice":"Obtained Book","damage_taken":16,"max_hp_gain":0,"max_hp_loss":0,"event_name":"Cursed Tome","floor":21,"gold_loss":0},{"damage_healed":0,"gold_gain":100,"player_choice":"Bet on Murderer","damage_taken":0,"max_hp_gain":0,"max_hp_loss":0,"event_name":"The Joust","floor":25,"gold_loss":50},{"damage_healed":0,"gold_gain":0,"player_choice":"Ignored","damage_taken":0,"max_hp_gain":0,"max_hp_loss":0,"event_name":"Ghosts","floor":29,"gold_loss":0}],"is_beta":false,"boss_relics":[{"not_picked":["Empty Cage","Orrery"],"picked":"Sozu"}],"items_purged_floors":[19,30],"is_endless":false,"potions_floor_spawned":[1,3,11,12,16,20,31],"killed_by":"Automaton","ascension_level":9}