{"gold_per_floor":[362,362,30,45,45,45,45,45,45,45,45,70,20,20,20,150,150,174,174,114,114,114],"floor_reached":22,"playtime":1067,"items_purged":["Strike_B"],"score":235,"play_id":"45233331-9ad2-4f77-8556-915be83ece13","local_time":"20190517213333","is_ascension_mode":true,"campfire_choices":[{"floor":6,"key":"REST"},{"data":"Zap","floor":8,"key":"SMITH"},{"data":"Self Repair","floor":11,"key":"SMITH"},{"floor":15,"key":"REST"}],"neow_cost":"TEN_PERCENT_HP_LOSS","seed_source_timestamp":79738893854078,"circlet_count":0,"master_deck":["Strike_B","Strike_B","Defend_B","Defend_B","Defend_B","Defend_B","Zap+1","Loop","The Bomb","Self Repair+1","Conserve Battery","Reinforced Body","Buffer","Reinforced Body","Writhe"],"relics":["Cracked Core","Golden Idol","Centennial Puzzle","Dream Catcher","Kunai","Inserter","DataDisk"],"potions_floor_usage":[16],"damage_taken":[{"damage":13,"enemies":"Jaw Worm","floor":1,"turns":4},{"damage":4,"enemies":"Small Slimes","floor":4,"turns":5},{"damage":5,"enemies":"2 Louse","floor":12,"turns":3},{"damage":35,"enemies":"The Guardian","floor":16,"turns":10},{"damage":11,"enemies":"Shell Parasite","floor":18,"turns":9},{"damage":47,"enemies":"Colosseum Slavers","floor":19,"turns":9},{"damage":6,"enemies":"2 Thieves","floor":20,"turns":4},{"damage":35,"enemies":"Snake Plant","floor":22,"turns":4}],"seed_played":"7531775895354061681","potions_obtained":[{"floor":1,"key":"Poison Potion"},{"floor":18,"key":"LiquidBronze"}],"is_trial":false,"path_per_floor":["M","?","$","M","?","R","T","R","T","$","R","M","?","?","R","B",null,"M","?","M","?","M"],"character_chosen":"DEFECT","items_purchased":["The Bomb","Self Repair"],"campfire_rested":2,"item_purchase_floors":[3,3],"current_hp_per_floor":[55,48,48,51,34,54,54,54,54,54,54,59,59,47,67,42,62,61,24,28,28,0],"gold":114,"neow_bonus":"TWO_FIFTY_GOLD","is_prod":false,"is_daily":false,"chose_seed":false,"campfire_upgraded":2,"win_rate":0,"timestamp":1558146813,"path_taken":["M","?","$","M","?","R","?","R","T","?","R","?","?","?","R","BOSS","M","?","M","?","M"],"build_version":"2019-01-23","purchased_purges":1,"victory":false,"max_hp_per_floor":[68,68,68,68,68,68,68,68,68,68,68,68,68,68,68,68,68,68,68,68,68,68],"card_choices":[{"not_picked":["Skim","Cold Snap"],"picked":"Loop","floor":1},{"not_picked":["Static Discharge","White Noise","Rebound"],"picked":"SKIP","floor":4},{"not_picked":["Gash","Leap"],"picked":"Conserve Battery","floor":12},{"not_picked":["Cold Snap","Streamline"],"picked":"Reinforced Body","floor":15},{"not_picked":["Hyperbeam","All For One"],"picked":"Buffer","floor":16},{"not_picked":["Doom and Gloom+1","Skim","Leap"],"picked":"SKIP","floor":18},{"not_picked":["Hologram+1","Doom and Gloom+1"],"picked":"Reinforced Body","floor":20}],"player_experience":1919925,"relics_obtained":[{"floor":7,"key":"Centennial Puzzle"},{"floor":9,"key":"Dream Catcher"}],"event_choices":[{"cards_removed":["Dualcast"],"damage_healed":0,"gold_gain":0,"player_choice":"Card Removal","damage_taken":7,"max_hp_gain":0,"max_hp_loss":0,"event_name":"Golden Wing","floor":2,"gold_loss":0},{"damage_healed":0,"gold_gain":0,"player_choice":"Take Damage","damage_taken":17,"relics_obtained":["Golden Idol"],"max_hp_gain":0,"max_hp_loss":0,"event_name":"Golden Idol","floor":5,"gold_loss":0},{"cards_removed":["Strike_B"],"damage_healed":0,"gold_gain":0,"player_choice":"Card Removal","damage_taken":0,"max_hp_gain":0,"max_hp_loss":0,"event_name":"The Cleric","floor":13,"gold_loss":50},{"damage_healed":0,"gold_gain":0,"player_choice":"Success","damage_taken":12,"relics_obtained":["Kunai"],"max_hp_gain":0,"max_hp_loss":0,"event_name":"Scrap Ooze","floor":14,"gold_loss":0},{"damage_healed":0,"gold_gain":0,"player_choice":"Fight","damage_taken":0,"max_hp_gain":0,"max_hp_loss":0,"event_name":"Colosseum","floor":19,"gold_loss":0},{"damage_healed":0,"gold_gain":0,"player_choice":"Fled From Nobs","damage_taken":0,"max_hp_gain":0,"max_hp_loss":0,"event_name":"Colosseum","floor":19,"gold_loss":0},{"damage_healed":0,"gold_gain":0,"player_choice":"Opened","damage_taken":0,"relics_obtained":["DataDisk"],"max_hp_gain":0,"max_hp_loss":0,"event_name":"The Mausoleum","floor":21,"gold_loss":0,"cards_obtained":["Writhe"]}],"is_beta":false,"boss_relics":[{"not_picked":["Orrery","Pandora\u0027s Box"],"picked":"Inserter"}],"items_purged_floors":[3],"is_endless":false,"potions_floor_spawned":[1,18],"killed_by":"Snake Plant","ascension_level":8}