{"gold_per_floor":[111,126,126,126,146,146,36,55,55,55,73,89,107,117,117,220,220,185,200,218,234,234],"floor_reached":22,"playtime":1394,"items_purged":["Strike_B"],"score":285,"play_id":"8d653d4c-11e7-44f9-9f08-91dce3b7f7b4","local_time":"20190804181655","is_ascension_mode":true,"campfire_choices":[{"floor":6,"key":"REST"},{"data":"Zap","floor":10,"key":"SMITH"},{"data":"Creative AI","floor":15,"key":"SMITH"}],"neow_cost":"NONE","seed_source_timestamp":149407532074500,"circlet_count":0,"master_deck":["AscendersBane","Strike_B","Strike_B","Strike_B","Defend_B","Defend_B","Defend_B","Defend_B","Zap+1","Creative AI+1","Self Repair","Cold Snap","Auto Shields","Chill","Gash","BootSequence","Cold Snap","Echo Form","Reinforced Body","Gash"],"relics":["Cracked Core","Du-Vu Doll","Shuriken","Lizard Tail"],"potions_floor_usage":[8,16,16],"damage_taken":[{"damage":13,"enemies":"Small Slimes","floor":1,"turns":6},{"damage":11,"enemies":"2 Louse","floor":2,"turns":4},{"damage":10,"enemies":"Cultist","floor":5,"turns":4},{"damage":8,"enemies":"Gremlin Gang","floor":8,"turns":4},{"damage":0,"enemies":"Blue Slaver","floor":11,"turns":4},{"damage":17,"enemies":"3 Louse","floor":12,"turns":5},{"damage":0,"enemies":"2 Fungi Beasts","floor":13,"turns":3},{"damage":4,"enemies":"Large Slime","floor":14,"turns":8},{"damage":30,"enemies":"The Guardian","floor":16,"turns":16},{"damage":31,"enemies":"2 Thieves","floor":18,"turns":5},{"damage":24,"enemies":"Spheric Guardian","floor":19,"turns":8},{"damage":34,"enemies":"Snake Plant","floor":20,"turns":7},{"damage":10,"enemies":"Shelled Parasite and Fungi","floor":21,"turns":9},{"damage":26,"enemies":"Snecko","floor":22,"turns":4}],"seed_played":"-1819534227254646192","potions_obtained":[{"floor":1,"key":"Explosive Potion"},{"floor":5,"key":"Dexterity Potion"},{"floor":8,"key":"PowerPotion"},{"floor":21,"key":"LiquidBronze"}],"is_trial":false,"path_per_floor":["M","M","?","?","M","R","$","M","T","R","M","M","M","M","R","B",null,"M","M","M","M","M"],"character_chosen":"DEFECT","items_purchased":["Auto Shields"],"campfire_rested":1,"item_purchase_floors":[7],"current_hp_per_floor":[55,51,44,44,41,63,63,62,62,62,69,59,59,62,62,39,66,42,25,28,25,0],"gold":234,"neow_bonus":"ONE_RANDOM_RARE_CARD","is_prod":false,"is_daily":false,"chose_seed":false,"campfire_upgraded":2,"win_rate":0,"timestamp":1564960615,"path_taken":["M","M","?","?","?","R","$","M","T","R","M","M","M","M","R","BOSS","M","M","M","M","M"],"build_version":"2019-07-17","purchased_purges":1,"victory":false,"max_hp_per_floor":[75,75,75,75,75,75,75,75,75,75,75,75,75,75,75,75,75,75,75,75,75,75],"card_choices":[{"not_picked":["Fusion","Hello World"],"picked":"Self Repair","floor":1},{"not_picked":["Coolheaded","Tempest","White Noise"],"picked":"SKIP","floor":2},{"not_picked":["Steam","Compile Driver"],"picked":"Cold Snap","floor":5},{"not_picked":["Scrape","Conserve Battery"],"picked":"Chill","floor":8},{"not_picked":["Cold Snap","Ball Lightning"],"picked":"Gash","floor":11},{"not_picked":["Hologram","Rebound"],"picked":"BootSequence","floor":12},{"not_picked":["Sunder","Storm"],"picked":"Cold Snap","floor":13},{"not_picked":["Coolheaded","Ball Lightning","Redo"],"picked":"SKIP","floor":14},{"not_picked":["Biased Cognition","Meteor Strike"],"picked":"Echo Form","floor":16},{"not_picked":["Go for the Eyes","Streamline+1","Rebound"],"picked":"SKIP","floor":18},{"not_picked":["Cold Snap","Conserve Battery"],"picked":"Reinforced Body","floor":19},{"not_picked":["Darkness","Sunder","Melter"],"picked":"SKIP","floor":20},{"not_picked":["Steam","Rebound"],"picked":"Gash","floor":21}],"player_experience":2677222,"relics_obtained":[{"floor":9,"key":"Shuriken"}],"event_choices":[{"damage_healed":0,"gold_gain":0,"player_choice":"Success","damage_taken":7,"relics_obtained":["Du-Vu Doll"],"max_hp_gain":0,"max_hp_loss":0,"event_name":"Scrap Ooze","floor":3,"gold_loss":0},{"cards_removed":["Dualcast"],"damage_healed":0,"gold_gain":0,"player_choice":"Purged","damage_taken":0,"max_hp_gain":0,"max_hp_loss":0,"event_name":"Purifier","floor":4,"gold_loss":0}],"is_beta":false,"boss_relics":[{"not_picked":["Orrery","Snecko Eye"],"picked":"Lizard Tail"}],"items_purged_floors":[7],"is_endless":false,"potions_floor_spawned":[1,5,8,12,13,21],"killed_by":"Snecko","ascension_level":11}