{"gold_per_floor":[110,123,143,143,143,179,192,192,192,1,1,1,1,25,25,146,146,165,188,188,214,214,214,214,214],"floor_reached":25,"playtime":1009,"items_purged":[],"score":230,"play_id":"ffc85990-b455-406b-9bf6-6eaeeb8e0899","local_time":"20190818222150","is_ascension_mode":true,"campfire_choices":[{"data":"Armaments","floor":8,"key":"SMITH"},{"floor":11,"key":"REST"},{"floor":15,"key":"REST"},{"floor":24,"key":"REST"}],"neow_cost":"CURSE","seed_source_timestamp":297161537552799,"circlet_count":0,"master_deck":["Strike_R","Strike_R","Strike_R","Strike_R","Strike_R","Defend_R+1","Defend_R","Defend_R","Defend_R","Bash","Normality","Sever Soul","Intimidate","Armaments+1","Injury","Fiend Fire","Seeing Red","Spot Weakness+1","Demon Form","Necronomicurse"],"relics":["Burning Blood","Charon\u0027s Ashes","Golden Idol","Ancient Tea Set","Juzu Bracelet","Orichalcum","Darkstone Periapt","Mark of Pain","Necronomicon","War Paint"],"potions_floor_usage":[7,16,23,23],"damage_taken":[{"damage":0,"enemies":"2 Louse","floor":1,"turns":4},{"damage":8,"enemies":"Jaw Worm","floor":2,"turns":4},{"damage":0,"enemies":"Cultist","floor":3,"turns":3},{"damage":52,"enemies":"Lagavulin","floor":6,"turns":10},{"damage":8,"enemies":"Large Slime","floor":7,"turns":4},{"damage":5,"enemies":"Lots of Slimes","floor":14,"turns":2},{"damage":36,"enemies":"The Guardian","floor":16,"turns":12},{"damage":20,"enemies":"2 Thieves","floor":18,"turns":4},{"damage":28,"enemies":"Shell Parasite","floor":19,"turns":5},{"damage":31,"enemies":"Slavers","floor":23,"turns":3},{"damage":34,"enemies":"Book of Stabbing","floor":25,"turns":4}],"seed_played":"-7548088174630300149","potions_obtained":[{"floor":1,"key":"SmokeBomb"},{"floor":2,"key":"Swift Potion"},{"floor":7,"key":"Poison Potion"},{"floor":19,"key":"Block Potion"}],"is_trial":false,"path_per_floor":["M","M","M","?","?","E","M","R","T","$","R","$","?","M","R","B",null,"M","M","?","T","?","E","R","E"],"character_chosen":"IRONCLAD","items_purchased":["Seeing Red","Orichalcum"],"campfire_rested":3,"item_purchase_floors":[10,10],"current_hp_per_floor":[80,78,80,80,80,34,32,32,32,32,56,56,56,57,80,50,80,66,44,34,34,34,9,34,0],"gold":214,"neow_bonus":"ONE_RARE_RELIC","is_prod":false,"is_daily":false,"chose_seed":false,"campfire_upgraded":1,"win_rate":0,"timestamp":1566181310,"path_taken":["M","M","M","?","?","E","M","R","T","$","R","?","?","M","R","BOSS","M","M","?","?","?","E","R","E"],"build_version":"2019-07-17","purchased_purges":0,"victory":false,"max_hp_per_floor":[80,80,80,80,80,80,80,80,80,80,80,80,80,80,80,80,80,80,80,86,86,86,86,86,86],"card_choices":[{"not_picked":["Pommel Strike","Disarm"],"picked":"Sever Soul","floor":1},{"not_picked":["Body Slam","Warcry"],"picked":"Intimidate","floor":2},{"not_picked":["Dropkick","Clash"],"picked":"Armaments","floor":3},{"not_picked":["Body Slam","Fire Breathing","Armaments"],"picked":"SKIP","floor":6},{"not_picked":["Armaments","Clash"],"picked":"Fiend Fire","floor":7},{"not_picked":["Sword Boomerang","Armaments"],"picked":"Spot Weakness","floor":14},{"not_picked":["Brutality","Offering"],"picked":"Demon Form","floor":16},{"not_picked":["Clothesline","Blood for Blood","Iron Wave"],"picked":"SKIP","floor":18},{"not_picked":["Cleave+1","Corruption","Combust"],"picked":"SKIP","floor":19}],"player_experience":129706,"relics_obtained":[{"floor":6,"key":"Ancient Tea Set"},{"floor":9,"key":"Juzu Bracelet"},{"floor":20,"key":"Necronomicon"},{"floor":21,"key":"War Paint"}],"event_choices":[{"damage_healed":0,"gold_gain":0,"player_choice":"Ignored","damage_taken":0,"max_hp_gain":0,"max_hp_loss":0,"event_name":"Shining Light","floor":4,"gold_loss":0},{"damage_healed":0,"gold_gain":0,"player_choice":"Take Wound","damage_taken":0,"relics_obtained":["Golden Idol"],"max_hp_gain":0,"max_hp_loss":0,"event_name":"Golden Idol","floor":5,"gold_loss":0,"cards_obtained":["Injury"]},{"damage_healed":0,"gold_gain":0,"player_choice":"Searched \u00271\u0027 times","damage_taken":0,"relics_obtained":["Darkstone Periapt"],"max_hp_gain":0,"max_hp_loss":0,"event_name":"Dead Adventurer","floor":13,"gold_loss":0},{"damage_healed":0,"gold_gain":0,"player_choice":"Obtained Book","damage_taken":16,"max_hp_gain":0,"max_hp_loss":0,"event_name":"Cursed Tome","floor":20,"gold_loss":0},{"damage_healed":0,"gold_gain":0,"player_choice":"Ignored","damage_taken":0,"max_hp_gain":0,"max_hp_loss":0,"event_name":"Ghosts","floor":22,"gold_loss":0}],"is_beta":false,"boss_relics":[{"not_picked":["Black Star","Philosopher\u0027s Stone"],"picked":"Mark of Pain"}],"items_purged_floors":[],"is_endless":false,"potions_floor_spawned":[1,2,7,19],"killed_by":"Book of Stabbing","ascension_level":1}