{"gold_per_floor":[118,118,118,138,138,138,170,170,170,18,28,28,28,47,47,151,151,167,167,181,198,215,215,235,235,235,235,235,235,38,56,56,56],"floor_reached":33,"playtime":4886,"items_purged":["Strike_B"],"score":405,"play_id":"158a3b01-0c4f-4eb0-82cc-1f6459d885b9","local_time":"20190728133430","is_ascension_mode":true,"campfire_choices":[{"floor":6,"key":"REST"},{"data":"Defend_B","floor":8,"key":"SMITH"},{"data":"Defragment","floor":12,"key":"SMITH"},{"data":"FTL","floor":15,"key":"SMITH"},{"floor":23,"key":"REST"},{"floor":25,"key":"REST"},{"floor":29,"key":"REST"},{"floor":32,"key":"RECALL"}],"neow_cost":"NONE","seed_source_timestamp":1425552887603039,"circlet_count":0,"master_deck":["AscendersBane","Strike_B","Strike_B","Defend_B","Defend_B","Defend_B","Defend_B+1","Zap+1","Undo+1","Defragment+1","FTL+1","Loop","Cold Snap+1","Necronomicurse","BootSequence"],"relics":["Cracked Core","NeowsBlessing","Bronze Scales","Pantograph","Fusion Hammer","Necronomicon","Membership Card"],"potions_floor_usage":[16,33,33,33],"damage_taken":[{"damage":0,"enemies":"Jaw Worm","floor":1,"turns":1},{"damage":0,"enemies":"Small Slimes","floor":4,"turns":1},{"damage":0,"enemies":"3 Sentries","floor":7,"turns":1},{"damage":0,"enemies":"Cultist","floor":11,"turns":4},{"damage":3,"enemies":"Large Slime","floor":14,"turns":5},{"damage":18,"enemies":"Hexaghost","floor":16,"turns":9},{"damage":12,"enemies":"2 Thieves","floor":18,"turns":5},{"damage":4,"enemies":"Shell Parasite","floor":20,"turns":5},{"damage":5,"enemies":"3 Cultists","floor":21,"turns":5},{"damage":11,"enemies":"Snake Plant","floor":22,"turns":4},{"damage":19,"enemies":"Sentry and Sphere","floor":24,"turns":6},{"damage":0,"enemies":"Cultist and Chosen","floor":31,"turns":6},{"damage":92,"enemies":"Collector","floor":33,"turns":15}],"seed_played":"-7566097820239742938","potions_obtained":[{"floor":7,"key":"Fire Potion"},{"floor":14,"key":"Swift Potion"},{"floor":18,"key":"GamblersBrew"},{"floor":20,"key":"Dexterity Potion"},{"floor":24,"key":"Ancient Potion"}],"is_trial":false,"path_per_floor":["M","?","?","M","?","R","E","R","T","$","M","R","$","M","R","B",null,"M","?","M","M","M","R","M","R","T","?","?","R","$","M","R","B"],"character_chosen":"DEFECT","items_purchased":["Defragment","Membership Card"],"campfire_rested":4,"item_purchase_floors":[10,30],"current_hp_per_floor":[68,61,46,46,46,68,68,68,68,68,68,68,68,65,65,57,71,59,59,55,50,39,61,42,64,64,64,48,70,70,70,70,0],"gold":56,"neow_bonus":"THREE_ENEMY_KILL","is_prod":false,"is_daily":false,"chose_seed":false,"campfire_upgraded":3,"win_rate":0,"timestamp":1564338870,"path_taken":["M","?","?","M","?","R","E","R","T","$","?","R","$","M","R","BOSS","M","?","M","M","M","R","M","R","T","?","?","R","$","M","R","BOSS"],"build_version":"2019-07-17","purchased_purges":1,"victory":false,"max_hp_per_floor":[75,75,75,75,75,75,75,75,75,75,75,75,75,75,75,75,75,75,75,75,75,75,75,75,75,75,75,75,75,75,75,75,75],"card_choices":[{"not_picked":["Go for the Eyes","Stack"],"picked":"Undo","floor":1},{"not_picked":["Turbo","Chaos","Steam"],"picked":"SKIP","floor":4},{"not_picked":["Stack","Compile Driver","Creative AI"],"picked":"SKIP","floor":7},{"not_picked":["Conserve Battery","Compile Driver"],"picked":"FTL","floor":11},{"not_picked":["Turbo","Scrape","Streamline"],"picked":"SKIP","floor":14},{"not_picked":["Steam","Hologram","Streamline+1"],"picked":"SKIP","floor":18},{"not_picked":["Chill","Cold Snap"],"picked":"Loop","floor":20},{"not_picked":["Streamline+1","Rebound","Steam Power+1"],"picked":"SKIP","floor":21},{"not_picked":["Rainbow","Barrage","Compile Driver"],"picked":"SKIP","floor":22},{"not_picked":["Rebound+1","Steam"],"picked":"Cold Snap+1","floor":24},{"not_picked":["Compile Driver","Coolheaded"],"picked":"BootSequence","floor":31}],"player_experience":2551679,"relics_obtained":[{"floor":7,"key":"Bronze Scales"},{"floor":9,"key":"Pantograph"},{"floor":28,"key":"Necronomicon"}],"event_choices":[{"cards_removed":["Dualcast"],"damage_healed":0,"gold_gain":0,"player_choice":"Card Removal","damage_taken":7,"max_hp_gain":0,"max_hp_loss":0,"event_name":"Golden Wing","floor":2,"gold_loss":0},{"damage_healed":0,"gold_gain":0,"player_choice":"Entered Light","damage_taken":15,"max_hp_gain":0,"max_hp_loss":0,"event_name":"Shining Light","floor":3,"gold_loss":0,"cards_upgraded":["Zap","Undo"]},{"cards_removed":["Strike_B"],"damage_healed":0,"gold_gain":0,"player_choice":"Purged","damage_taken":0,"max_hp_gain":0,"max_hp_loss":0,"event_name":"Purifier","floor":5,"gold_loss":0},{"damage_healed":0,"gold_gain":0,"player_choice":"Ignored","damage_taken":0,"max_hp_gain":0,"max_hp_loss":0,"event_name":"Vampires","floor":19,"gold_loss":0},{"damage_healed":0,"gold_gain":0,"player_choice":"Ignored","damage_taken":0,"max_hp_gain":0,"max_hp_loss":0,"event_name":"Ghosts","floor":27,"gold_loss":0},{"damage_healed":0,"gold_gain":0,"player_choice":"Obtained Book","damage_taken":16,"max_hp_gain":0,"max_hp_loss":0,"event_name":"Cursed Tome","floor":28,"gold_loss":0}],"is_beta":false,"boss_relics":[{"not_picked":["Nuclear Battery","White Beast Statue"],"picked":"Fusion Hammer"}],"items_purged_floors":[10],"is_endless":false,"potions_floor_spawned":[7,14,18,20,22,24],"killed_by":"Collector","ascension_level":10}