{"gold_per_floor":[119,119,134,134,151,151,170,184,184,211,228,228,228,78,78,179,179,166,166,265,265,278,278,292,309,309,326,346,30,45,45,45,143,143,163,163,178,178,198,198],"floor_reached":40,"playtime":4409,"items_purged":["Strike_R","Bash"],"score":518,"play_id":"66626a1f-c787-4acd-a0c8-cb9be4306a36","local_time":"20190120175813","is_ascension_mode":true,"campfire_choices":[{"floor":6,"key":"REST"},{"floor":13,"key":"REST"},{"floor":15,"key":"REST"},{"data":"Juggernaut","floor":23,"key":"SMITH"},{"floor":32,"key":"REST"}],"neow_cost":"NONE","seed_source_timestamp":908844609429087,"circlet_count":0,"master_deck":["Strike_R+1","Defend_R+1","Defend_R","Defend_R","Defend_R","Iron Wave","Disarm","Juggernaut+1","Shrug It Off","Metallicize","Metallicize","Rage","Shrug It Off","Iron Wave","Juggernaut+1"],"relics":["Runic Dome","Shuriken","Odd Mushroom","Busted Crown","Lantern","DollysMirror","Meat on the Bone","Runic Cube"],"potions_floor_usage":[16,16,33,33],"damage_taken":[{"damage":1,"enemies":"2 Louse","floor":1,"turns":3},{"damage":5,"enemies":"Small Slimes","floor":3,"turns":4},{"damage":4,"enemies":"Cultist","floor":5,"turns":5},{"damage":8,"enemies":"Large Slime","floor":7,"turns":8},{"damage":6,"enemies":"Looter","floor":8,"turns":4},{"damage":24,"enemies":"The Mushroom Lair","floor":10,"turns":5},{"damage":4,"enemies":"Exordium Wildlife","floor":11,"turns":5},{"damage":0,"enemies":"The Guardian","floor":16,"turns":12},{"damage":7,"enemies":"2 Thieves","floor":18,"turns":4},{"damage":13,"enemies":"Colosseum Slavers","floor":21,"turns":4},{"damage":1,"enemies":"Spheric Guardian","floor":22,"turns":4},{"damage":14,"enemies":"Shelled Parasite and Fungi","floor":24,"turns":4},{"damage":8,"enemies":"Snake Plant","floor":25,"turns":3},{"damage":1,"enemies":"Cultist and Chosen","floor":27,"turns":6},{"damage":0,"enemies":"Chosen and Byrds","floor":28,"turns":4},{"damage":6,"enemies":"Snake Plant","floor":30,"turns":3},{"damage":13,"enemies":"Champ","floor":33,"turns":7},{"damage":0,"enemies":"Orb Walker","floor":35,"turns":3},{"damage":7,"enemies":"3 Darklings","floor":37,"turns":5},{"damage":16,"enemies":"Jaw Worm Horde","floor":39,"turns":4},{"damage":63,"enemies":"Reptomancer","floor":40,"turns":2}],"seed_played":"6146560830438595707","potions_obtained":[{"floor":5,"key":"SteroidPotion"},{"floor":7,"key":"Weak Potion"},{"floor":10,"key":"Poison Potion"},{"floor":24,"key":"SkillPotion"},{"floor":27,"key":"SteroidPotion"},{"floor":28,"key":"SkillPotion"},{"floor":30,"key":"GamblersBrew"},{"floor":35,"key":"AttackPotion"}],"is_trial":false,"path_per_floor":["M","?","M","?","M","R","M","M","T","?","M","?","R","$","R","B",null,"M","?","?","?","M","R","M","M","T","M","M","$","M","?","R","B",null,"M","?","M","?","M","E"],"character_chosen":"IRONCLAD","items_purchased":["Metallicize","Iron Wave","DollysMirror"],"campfire_rested":4,"item_purchase_floors":[14,29,29],"current_hp_per_floor":[79,63,58,58,54,78,70,64,64,40,36,29,53,53,77,77,80,73,73,73,60,59,59,45,37,37,36,36,36,30,30,54,41,80,80,80,73,73,57,0],"gold":198,"neow_bonus":"BOSS_RELIC","is_prod":false,"is_daily":false,"chose_seed":false,"campfire_upgraded":1,"win_rate":0,"timestamp":1548028693,"path_taken":["M","?","M","?","M","R","?","M","T","?","M","?","R","$","R","BOSS","M","?","?","?","M","R","M","M","T","M","M","$","M","?","R","BOSS","M","?","M","?","M","E"],"build_version":"2019-01-17v2","purchased_purges":2,"victory":false,"max_hp_per_floor":[80,80,80,80,80,80,80,80,80,80,80,80,80,80,80,80,80,80,80,80,80,80,80,80,80,80,80,80,80,80,80,80,80,80,80,80,80,76,76,76],"card_choices":[{"not_picked":["Thunderclap","Sever Soul","Perfected Strike"],"picked":"SKIP","floor":1},{"not_picked":["Perfected Strike","Thunderclap"],"picked":"Iron Wave","floor":3},{"not_picked":["Corruption","Bloodletting"],"picked":"Disarm","floor":5},{"not_picked":["Sever Soul","Spot Weakness","Cleave"],"picked":"SKIP","floor":7},{"not_picked":["Dropkick","Thunderclap"],"picked":"Juggernaut","floor":8},{"not_picked":["Flex","Twin Strike"],"picked":"Shrug It Off","floor":10},{"not_picked":["Disarm","Anger"],"picked":"Metallicize","floor":11},{"not_picked":[],"picked":"Rage","floor":18},{"not_picked":["Wild Strike"],"picked":"SKIP","floor":22},{"not_picked":["Sword Boomerang+1"],"picked":"SKIP","floor":24},{"not_picked":["Sword Boomerang"],"picked":"SKIP","floor":25},{"not_picked":[],"picked":"Shrug It Off","floor":27},{"not_picked":["Thunderclap"],"picked":"SKIP","floor":28},{"not_picked":["Carnage+1"],"picked":"SKIP","floor":30},{"not_picked":["Heavy Blade+1"],"picked":"SKIP","floor":35},{"not_picked":["Thunderclap+1"],"picked":"SKIP","floor":37},{"not_picked":["Entrench+1"],"picked":"SKIP","floor":39}],"player_experience":1083408,"relics_obtained":[{"floor":9,"key":"Shuriken"},{"floor":10,"key":"Odd Mushroom"},{"floor":26,"key":"Lantern"}],"event_choices":[{"damage_healed":0,"gold_gain":0,"player_choice":"Entered Light","damage_taken":16,"max_hp_gain":0,"max_hp_loss":0,"event_name":"Shining Light","floor":2,"gold_loss":0,"cards_upgraded":["Defend_R","Strike_R"]},{"cards_removed":["Strike_R"],"damage_healed":0,"gold_gain":0,"player_choice":"Purged","damage_taken":0,"max_hp_gain":0,"max_hp_loss":0,"event_name":"Purifier","floor":4,"gold_loss":0},{"damage_healed":0,"gold_gain":0,"player_choice":"Fought Mushrooms","damage_taken":0,"max_hp_gain":0,"max_hp_loss":0,"event_name":"Mushrooms","floor":10,"gold_loss":0},{"cards_removed":["Strike_R"],"damage_healed":0,"gold_gain":0,"player_choice":"Card Removal","damage_taken":7,"max_hp_gain":0,"max_hp_loss":0,"event_name":"Golden Wing","floor":12,"gold_loss":0},{"damage_healed":0,"gold_gain":0,"player_choice":"Ignored","damage_taken":0,"max_hp_gain":0,"max_hp_loss":0,"event_name":"Ghosts","floor":19,"gold_loss":0},{"damage_healed":0,"gold_gain":99,"player_choice":"Stole From Cult","damage_taken":0,"max_hp_gain":0,"max_hp_loss":0,"event_name":"Nest","floor":20,"gold_loss":0},{"damage_healed":0,"gold_gain":0,"player_choice":"Fight","damage_taken":0,"max_hp_gain":0,"max_hp_loss":0,"event_name":"Colosseum","floor":21,"gold_loss":0},{"damage_healed":0,"gold_gain":0,"player_choice":"Fled From Nobs","damage_taken":0,"max_hp_gain":0,"max_hp_loss":0,"event_name":"Colosseum","floor":21,"gold_loss":0},{"damage_healed":0,"gold_gain":0,"player_choice":"Opened","damage_taken":0,"relics_obtained":["Meat on the Bone"],"max_hp_gain":0,"max_hp_loss":0,"event_name":"The Mausoleum","floor":31,"gold_loss":0},{"cards_removed":["Strike_R"],"damage_healed":0,"gold_gain":0,"player_choice":"Removed Attack","damage_taken":0,"max_hp_gain":0,"max_hp_loss":0,"event_name":"Falling","floor":36,"gold_loss":0},{"damage_healed":0,"gold_gain":0,"player_choice":"Max HP","damage_taken":0,"max_hp_gain":0,"max_hp_loss":4,"event_name":"Winding Halls","floor":38,"gold_loss":0}],"is_beta":false,"boss_relics":[{"not_picked":["Coffee Dripper","Mark of Pain"],"picked":"Busted Crown"},{"not_picked":["Fusion Hammer","Astrolabe"],"picked":"Runic Cube"}],"items_purged_floors":[14,29],"is_endless":false,"potions_floor_spawned":[5,7,10,21,24,27,28,30,35],"killed_by":"Reptomancer","ascension_level":4}