{"gold_per_floor":[118,118,131,131,18,46,46,57,57,68,78,93,113,113,113,212,212,229,229,229,239,62,62],"floor_reached":23,"playtime":1176,"items_purged":["Doubt","Strike_B+1"],"score":305,"play_id":"31a8cfdc-847c-41a4-ba44-b2dc7f9dec96","local_time":"20190426201453","is_ascension_mode":true,"campfire_choices":[{"floor":7,"key":"REST"},{"data":"Zap","floor":15,"key":"SMITH"}],"neow_cost":"NONE","seed_source_timestamp":1442472969392969,"circlet_count":0,"master_deck":["Strike_B+1","Strike_B+1","Strike_B+1","Defend_B+1","Defend_B+1","Defend_B+1","Defend_B+1","Zap+1","Conserve Battery","Buffer","Conserve Battery","Capacitor","Cold Snap","Cold Snap","Buffer","Loop"],"relics":["Cracked Core","NeowsBlessing","Gambling Chip","Sundial","Velvet Choker","Nilry\u0027s Codex"],"potions_floor_usage":[16,16,16],"damage_taken":[{"damage":0,"enemies":"Small Slimes","floor":1,"turns":1},{"damage":0,"enemies":"2 Louse","floor":3,"turns":1},{"damage":0,"enemies":"Lagavulin","floor":6,"turns":1},{"damage":0,"enemies":"Cultist","floor":8,"turns":5},{"damage":2,"enemies":"2 Fungi Beasts","floor":10,"turns":6},{"damage":2,"enemies":"Large Slime","floor":11,"turns":7},{"damage":10,"enemies":"3 Louse","floor":12,"turns":6},{"damage":0,"enemies":"Looter","floor":13,"turns":4},{"damage":9,"enemies":"Hexaghost","floor":16,"turns":8},{"damage":0,"enemies":"Shell Parasite","floor":18,"turns":8},{"damage":0,"enemies":"Spheric Guardian","floor":21,"turns":5},{"damage":55,"enemies":"Slavers","floor":23,"turns":3}],"seed_played":"-1770765559939499414","potions_obtained":[{"floor":3,"key":"Poison Potion"},{"floor":6,"key":"LiquidBronze"},{"floor":8,"key":"FearPotion"},{"floor":13,"key":"Poison Potion"}],"is_trial":false,"path_per_floor":["M","?","M","?","$","E","R","M","T","M","M","M","M","?","R","B",null,"M","?","?","M","$","E"],"character_chosen":"DEFECT","items_purchased":["Capacitor","Loop"],"campfire_rested":1,"item_purchase_floors":[5,22],"current_hp_per_floor":[68,53,53,53,53,53,75,75,75,73,71,61,61,54,54,45,68,68,68,52,52,52,0],"gold":62,"neow_bonus":"THREE_ENEMY_KILL","is_prod":false,"is_daily":false,"chose_seed":false,"campfire_upgraded":1,"win_rate":0,"timestamp":1556327693,"path_taken":["M","?","M","?","$","E","R","M","T","?","M","M","M","?","R","BOSS","M","?","?","M","$","E"],"build_version":"2019-01-23","purchased_purges":2,"victory":false,"max_hp_per_floor":[75,75,75,75,75,75,75,75,75,75,75,75,75,75,75,75,75,75,75,75,75,75,75],"card_choices":[{"not_picked":["Coolheaded","Double Energy"],"picked":"Conserve Battery","floor":1},{"not_picked":["Redo","Stack","Gash"],"picked":"SKIP","floor":3},{"not_picked":["Stack","White Noise","Beam Cell"],"picked":"SKIP","floor":6},{"not_picked":["Double Energy","Redo","Stack"],"picked":"SKIP","floor":8},{"not_picked":["Sweeping Beam","Meteor Strike","Turbo"],"picked":"SKIP","floor":10},{"not_picked":["White Noise","Sunder"],"picked":"Cold Snap","floor":11},{"not_picked":["Steam","Coolheaded","Auto Shields"],"picked":"SKIP","floor":12},{"not_picked":["Blizzard","Rebound"],"picked":"Cold Snap","floor":13},{"not_picked":["Hyperbeam","Machine Learning"],"picked":"Buffer","floor":16},{"not_picked":["Streamline","Aggregate","Fusion"],"picked":"SKIP","floor":18},{"not_picked":["Lockon+1","Compile Driver","Ball Lightning"],"picked":"SKIP","floor":21}],"player_experience":1882513,"relics_obtained":[{"floor":6,"key":"Gambling Chip"},{"floor":9,"key":"Sundial"},{"floor":20,"key":"Nilry\u0027s Codex"}],"event_choices":[{"damage_healed":0,"gold_gain":0,"player_choice":"Entered Light","damage_taken":15,"max_hp_gain":0,"max_hp_loss":0,"event_name":"Shining Light","floor":2,"gold_loss":0,"cards_upgraded":["Strike_B","Strike_B"]},{"damage_healed":0,"gold_gain":0,"player_choice":"3 cards matched","damage_taken":0,"max_hp_gain":0,"max_hp_loss":0,"event_name":"Match and Keep!","floor":4,"gold_loss":0,"cards_obtained":["Buffer","Conserve Battery","Doubt"]},{"cards_removed":["Dualcast"],"damage_healed":0,"gold_gain":0,"player_choice":"Card Removal","damage_taken":7,"max_hp_gain":0,"max_hp_loss":0,"event_name":"Golden Wing","floor":14,"gold_loss":0},{"damage_healed":0,"gold_gain":0,"player_choice":"Simplicity","damage_taken":0,"max_hp_gain":0,"max_hp_loss":0,"event_name":"Back to Basics","floor":19,"gold_loss":0,"cards_upgraded":["Strike_B","Strike_B","Defend_B","Defend_B","Defend_B","Defend_B"]},{"damage_healed":0,"gold_gain":0,"player_choice":"Obtained Book","damage_taken":16,"max_hp_gain":0,"max_hp_loss":0,"event_name":"Cursed Tome","floor":20,"gold_loss":0}],"is_beta":false,"boss_relics":[{"not_picked":["Astrolabe","Pandora\u0027s Box"],"picked":"Velvet Choker"}],"items_purged_floors":[5,22],"is_endless":false,"potions_floor_spawned":[3,6,8,11,13],"killed_by":"Slavers","ascension_level":8}