{"gold_per_floor":[117,129,79,96,171,190,190,190,242,256,256,256,283,302,302,402,402,422,439,439],"floor_reached":20,"playtime":11696,"items_purged":[],"score":216,"play_id":"dd028b16-691d-44e9-a741-54cee4e493c8","local_time":"20190215201226","is_ascension_mode":true,"campfire_choices":[{"floor":7,"key":"REST"},{"data":"Disarm","floor":12,"key":"SMITH"},{"data":"Inflame","floor":15,"key":"SMITH"}],"neow_cost":"NONE","seed_source_timestamp":240436195835511,"circlet_count":0,"master_deck":["Strike_R","Defend_R","Defend_R","Defend_R","Defend_R","Bash","Disarm+1","Shrug It Off","Inflame+1","Carnage","Impervious","Infernal Blade+1","Shrug It Off+1","Berserk+1","Shockwave","Body Slam"],"relics":["Burning Blood","Vajra","Regal Pillow","Happy Flower","Astrolabe"],"potions_floor_usage":[],"damage_taken":[{"damage":24,"enemies":"Small Slimes","floor":1,"turns":5},{"damage":2,"enemies":"2 Louse","floor":2,"turns":3},{"damage":12,"enemies":"Jaw Worm","floor":4,"turns":7},{"damage":22,"enemies":"Large Slime","floor":6,"turns":14},{"damage":2,"enemies":"Red Slaver","floor":10,"turns":7},{"damage":0,"enemies":"2 Fungi Beasts","floor":14,"turns":4},{"damage":18,"enemies":"The Guardian","floor":16,"turns":14},{"damage":21,"enemies":"3 Byrds","floor":18,"turns":9},{"damage":33,"enemies":"Chosen","floor":19,"turns":7},{"damage":50,"enemies":"Masked Bandits","floor":20,"turns":5}],"seed_played":"3430936171291254385","potions_obtained":[{"floor":1,"key":"Poison Potion"},{"floor":6,"key":"LiquidBronze"},{"floor":18,"key":"Explosive Potion"}],"is_trial":false,"path_per_floor":["M","M","?","M","?","M","R","?","T","M","?","R","T","M","R","B",null,"M","M","?"],"character_chosen":"IRONCLAD","items_purchased":[],"campfire_rested":1,"item_purchase_floors":[],"current_hp_per_floor":[62,66,66,60,49,33,59,64,64,68,65,65,65,71,71,59,85,70,43,0],"gold":439,"neow_bonus":"TEN_PERCENT_HP_BONUS","is_prod":false,"is_daily":false,"chose_seed":false,"campfire_upgraded":2,"win_rate":0,"timestamp":1550283146,"path_taken":["M","M","?","M","?","M","R","?","T","M","?","R","?","M","R","BOSS","M","M","?"],"build_version":"2019-01-23","purchased_purges":0,"victory":false,"max_hp_per_floor":[88,88,88,88,88,88,88,93,93,93,93,93,93,93,93,93,93,93,93,93],"card_choices":[{"not_picked":["Infernal Blade","Havoc"],"picked":"Disarm","floor":1},{"not_picked":["Corruption","Anger","Pommel Strike"],"picked":"SKIP","floor":2},{"not_picked":["Ghostly Armor","Pommel Strike"],"picked":"Shrug It Off","floor":4},{"not_picked":["Dropkick","Clash"],"picked":"Inflame","floor":6},{"not_picked":["Reckless Charge","Thunderclap"],"picked":"Carnage","floor":10},{"not_picked":["Wild Strike","Warcry","Clothesline"],"picked":"SKIP","floor":14},{"not_picked":["Brutality","Reaper"],"picked":"Impervious","floor":16},{"not_picked":["Havoc","Armaments"],"picked":"Shockwave","floor":18},{"not_picked":["Thunderclap","Sentinel"],"picked":"Body Slam","floor":19}],"player_experience":1367158,"relics_obtained":[{"floor":9,"key":"Vajra"},{"floor":13,"key":"Happy Flower"}],"event_choices":[{"cards_removed":["Strike_R"],"damage_healed":0,"gold_gain":0,"player_choice":"Card Removal","damage_taken":0,"max_hp_gain":0,"max_hp_loss":0,"event_name":"The Cleric","floor":3,"gold_loss":50},{"damage_healed":0,"gold_gain":75,"player_choice":"Gather Gold","damage_taken":11,"max_hp_gain":0,"max_hp_loss":0,"event_name":"World of Goop","floor":5,"gold_loss":0},{"damage_healed":0,"gold_gain":0,"player_choice":"Donut","damage_taken":0,"max_hp_gain":5,"max_hp_loss":0,"event_name":"Big Fish","floor":8,"gold_loss":0},{"damage_healed":0,"gold_gain":0,"player_choice":"Success","damage_taken":3,"relics_obtained":["Regal Pillow"],"max_hp_gain":0,"max_hp_loss":0,"event_name":"Scrap Ooze","floor":11,"gold_loss":0},{"damage_healed":0,"gold_gain":0,"player_choice":"Fought Bandits","damage_taken":0,"max_hp_gain":0,"max_hp_loss":0,"event_name":"Masked Bandits","floor":20,"gold_loss":0}],"is_beta":false,"boss_relics":[{"not_picked":["Snecko Eye","Runic Dome"],"picked":"Astrolabe"}],"items_purged_floors":[],"is_endless":false,"potions_floor_spawned":[1,6,18],"killed_by":"Masked Bandits","ascension_level":6}