{"gold_per_floor":[117,42,42,7,7,7,24,44,44,44,61,81,81,97,97,97],"floor_reached":16,"playtime":875,"items_purged":["Impatience"],"score":147,"play_id":"f057a928-8103-4ce3-b1dd-40d2decbb27a","local_time":"20190810221820","is_ascension_mode":true,"campfire_choices":[{"data":"Neutralize","floor":6,"key":"SMITH"},{"data":"Crippling Poison","floor":10,"key":"SMITH"},{"floor":13,"key":"REST"},{"data":"Leg Sweep","floor":15,"key":"SMITH"}],"neow_cost":"NONE","seed_source_timestamp":0,"circlet_count":0,"master_deck":["AscendersBane","Strike_G","Strike_G","Strike_G","Strike_G","Strike_G","Defend_G","Defend_G","Defend_G+1","Defend_G","Defend_G","Survivor+1","Neutralize+1","Crippling Poison+1","Leg Sweep+1"],"special_seed":0,"relics":["Ring of the Snake","Kunai"],"potions_floor_usage":[16,16],"damage_taken":[{"damage":9,"enemies":"Small Slimes","floor":1,"turns":8},{"damage":0,"enemies":"Jaw Worm","floor":7,"turns":6},{"damage":0,"enemies":"2 Louse","floor":8,"turns":3},{"damage":8,"enemies":"Exordium Wildlife","floor":11,"turns":4},{"damage":13,"enemies":"Blue Slaver","floor":12,"turns":7},{"damage":0,"enemies":"Red Slaver","floor":14,"turns":5},{"damage":64,"enemies":"Slime Boss","floor":16,"turns":13}],"seed_played":"4874695152639929318","potions_obtained":[{"floor":7,"key":"GamblersBrew"},{"floor":11,"key":"Block Potion"},{"floor":12,"key":"Fire Potion"}],"is_trial":false,"path_per_floor":["M","$","?","?","?","R","M","M","T","R","M","M","R","M","R","B"],"character_chosen":"THE_SILENT","items_purchased":[],"campfire_rested":1,"item_purchase_floors":[],"current_hp_per_floor":[54,54,40,57,57,57,57,57,57,57,49,36,57,57,57,0],"gold":97,"neow_bonus":"RANDOM_COLORLESS","is_prod":false,"is_daily":false,"chose_seed":false,"campfire_upgraded":3,"win_rate":0,"timestamp":1565493500,"path_taken":["M","$","?","?","?","R","M","M","T","R","M","M","R","M","R","BOSS"],"build_version":"2019-07-17","purchased_purges":1,"victory":false,"max_hp_per_floor":[70,70,70,70,70,70,70,70,70,70,70,70,70,70,70,70],"card_choices":[{"not_picked":["Quick Slash","Dagger Throw","Predator"],"picked":"SKIP","floor":1},{"not_picked":["Distraction","Sucker Punch","Cloak And Dagger"],"picked":"SKIP","floor":7},{"not_picked":["Phantasmal Killer","Bane"],"picked":"Crippling Poison","floor":8},{"not_picked":["Dagger Throw","Quick Slash"],"picked":"Leg Sweep","floor":11},{"not_picked":["Slice","PiercingWail","Bouncing Flask"],"picked":"SKIP","floor":12},{"not_picked":["Underhanded Strike","Predator","PiercingWail"],"picked":"SKIP","floor":14}],"player_experience":2807776,"relics_obtained":[{"floor":9,"key":"Kunai"}],"event_choices":[{"damage_healed":0,"gold_gain":0,"player_choice":"Entered Light","damage_taken":14,"max_hp_gain":0,"max_hp_loss":0,"event_name":"Shining Light","floor":3,"gold_loss":0,"cards_upgraded":["Survivor","Defend_G"]},{"damage_healed":17,"gold_gain":0,"player_choice":"Healed","damage_taken":0,"max_hp_gain":0,"max_hp_loss":0,"event_name":"The Cleric","floor":4,"gold_loss":35},{"damage_healed":0,"gold_gain":0,"player_choice":"Ignored","damage_taken":0,"max_hp_gain":0,"max_hp_loss":0,"event_name":"Liars Game","floor":5,"gold_loss":0}],"is_beta":false,"boss_relics":[],"items_purged_floors":[2],"is_endless":false,"potions_floor_spawned":[7,11,12],"killed_by":"Slime Boss","ascension_level":12}