{"gold_per_floor":[117,127,127,146,166,199,199,222,294,310,335,360,360],"floor_reached":13,"playtime":859,"items_purged":[],"score":162,"play_id":"76e1d3a2-fcc6-47dd-970c-4cab865c4d59","local_time":"20190716144605","is_ascension_mode":true,"campfire_choices":[{"floor":7,"key":"REST"}],"neow_cost":"CURSE","seed_source_timestamp":397053037374743,"circlet_count":0,"master_deck":["AscendersBane","Strike_R","Strike_R","Strike_R","Strike_R","Strike_R","Defend_R","Defend_R","Defend_R","Defend_R","Bash","Master of Strategy","Good Instincts","Injury","Whirlwind","Rampage","Feed","Battle Trance"],"relics":["Burning Blood","Golden Idol","Boot","Pear"],"potions_floor_usage":[6,6,12,13],"damage_taken":[{"damage":9,"enemies":"Cultist","floor":1,"turns":5},{"damage":8,"enemies":"Jaw Worm","floor":2,"turns":6},{"damage":4,"enemies":"Small Slimes","floor":4,"turns":4},{"damage":6,"enemies":"Looter","floor":5,"turns":4},{"damage":43,"enemies":"Lagavulin","floor":6,"turns":11},{"damage":8,"enemies":"Gremlin Gang","floor":8,"turns":5},{"damage":20,"enemies":"3 Louse","floor":10,"turns":3},{"damage":15,"enemies":"Exordium Wildlife","floor":11,"turns":4},{"damage":30,"enemies":"Gremlin Gang","floor":12,"turns":4},{"damage":10,"enemies":"Large Slime","floor":13,"turns":4}],"seed_played":"3530711934101276486","potions_obtained":[{"floor":1,"key":"EssenceOfSteel"},{"floor":5,"key":"EssenceOfSteel"},{"floor":8,"key":"Swift Potion"},{"floor":12,"key":"SteroidPotion"}],"is_trial":false,"path_per_floor":["M","M","?","M","M","E","R","M","T","M","M","M","M"],"character_chosen":"IRONCLAD","items_purchased":[],"campfire_rested":1,"item_purchase_floors":[],"current_hp_per_floor":[69,67,47,49,49,12,36,37,47,36,30,9,0],"gold":360,"neow_bonus":"RANDOM_COLORLESS_2","is_prod":false,"is_daily":false,"chose_seed":false,"campfire_upgraded":0,"win_rate":0,"timestamp":1563306365,"path_taken":["M","?","?","M","M","E","R","M","T","M","M","M","M"],"build_version":"2019-07-05","purchased_purges":0,"victory":false,"max_hp_per_floor":[80,80,80,80,80,80,80,83,93,96,99,102,102],"card_choices":[{"not_picked":["Armaments","Reckless Charge"],"picked":"Whirlwind","floor":1},{"not_picked":["Iron Wave","Inflame","Wild Strike"],"picked":"SKIP","floor":2},{"not_picked":["Rupture","Reckless Charge"],"picked":"Rampage","floor":4},{"not_picked":["Twin Strike","Blood for Blood","Second Wind"],"picked":"SKIP","floor":5},{"not_picked":["Cleave","Iron Wave"],"picked":"Feed","floor":6},{"not_picked":["Thunderclap","Pummel","Havoc"],"picked":"SKIP","floor":8},{"not_picked":["Sever Soul","Blood for Blood"],"picked":"Battle Trance","floor":10},{"not_picked":["Rampage","Anger","Bloodletting"],"picked":"SKIP","floor":11},{"not_picked":["Fire Breathing","Rupture","Hemokinesis"],"picked":"SKIP","floor":12}],"player_experience":2353570,"relics_obtained":[{"floor":6,"key":"Boot"},{"floor":9,"key":"Pear"}],"event_choices":[{"damage_healed":0,"gold_gain":0,"player_choice":"Take Damage","damage_taken":20,"relics_obtained":["Golden Idol"],"max_hp_gain":0,"max_hp_loss":0,"event_name":"Golden Idol","floor":3,"gold_loss":0}],"is_beta":false,"boss_relics":[],"items_purged_floors":[],"is_endless":false,"potions_floor_spawned":[1,5,8,12],"killed_by":"Large Slime","ascension_level":10}