{"gold_per_floor":[113,113,128,78,93,93,18,18,18,18,34,52,64,74,74,179,179,192,192,291,303,218,218,238,238],"floor_reached":25,"playtime":1346,"items_purged":["Strike_G"],"score":286,"play_id":"e6a67386-9d40-4445-8192-f11d2804486b","local_time":"20190217224433","is_ascension_mode":true,"campfire_choices":[{"floor":6,"key":"REST"},{"data":"Catalyst","floor":8,"key":"SMITH"},{"data":"Catalyst","floor":10,"key":"SMITH"},{"data":"After Image","floor":15,"key":"SMITH"},{"data":"After Image","floor":23,"key":"SMITH"}],"neow_cost":"NONE","seed_source_timestamp":432738802360719,"circlet_count":0,"master_deck":["Defend_G","Defend_G","Defend_G","Defend_G","Defend_G","Strike_G","Strike_G","Survivor","Neutralize","Deadly Poison","Catalyst+1","Catalyst+1","Well Laid Plans","Cloak And Dagger","Bouncing Flask","After Image+1","After Image+1","Leg Sweep"],"relics":["White Beast Statue","Kunai","Black Star","Bag of Marbles"],"potions_floor_usage":[11,12,13,16,18,21,24,25],"damage_taken":[{"damage":11,"enemies":"Small Slimes","floor":1,"turns":4},{"damage":3,"enemies":"2 Louse","floor":3,"turns":4},{"damage":0,"enemies":"Jaw Worm","floor":5,"turns":4},{"damage":13,"enemies":"Gremlin Gang","floor":11,"turns":5},{"damage":0,"enemies":"Blue Slaver","floor":12,"turns":4},{"damage":0,"enemies":"3 Louse","floor":13,"turns":4},{"damage":4,"enemies":"2 Fungi Beasts","floor":14,"turns":4},{"damage":9,"enemies":"Hexaghost","floor":16,"turns":5},{"damage":0,"enemies":"Shell Parasite","floor":18,"turns":7},{"damage":2,"enemies":"Chosen","floor":21,"turns":5},{"damage":14,"enemies":"Snake Plant","floor":24,"turns":5},{"damage":59,"enemies":"Book of Stabbing","floor":25,"turns":11}],"seed_played":"5510171079708637237","potions_obtained":[{"floor":1,"key":"LiquidBronze"},{"floor":3,"key":"AttackPotion"},{"floor":5,"key":"FairyPotion"},{"floor":11,"key":"Weak Potion"},{"floor":12,"key":"Swift Potion"},{"floor":13,"key":"FearPotion"},{"floor":14,"key":"Energy Potion"},{"floor":16,"key":"GhostInAJar"},{"floor":18,"key":"PowerPotion"},{"floor":21,"key":"AttackPotion"},{"floor":24,"key":"Strength Potion"}],"is_trial":false,"path_per_floor":["M","?","M","?","M","R","$","R","T","R","M","M","M","M","R","B",null,"M","?","?","M","?","R","M","E"],"character_chosen":"THE_SILENT","items_purchased":[],"campfire_rested":1,"item_purchase_floors":[],"current_hp_per_floor":[52,52,49,49,49,70,70,70,70,70,57,57,57,53,53,44,64,64,64,64,62,62,62,48,0],"gold":238,"neow_bonus":"BOSS_RELIC","is_prod":false,"is_daily":false,"chose_seed":false,"campfire_upgraded":4,"win_rate":0,"timestamp":1550465073,"path_taken":["M","?","M","?","M","R","?","R","T","R","?","M","M","M","R","BOSS","M","?","?","M","?","R","M","E"],"build_version":"2019-01-23","purchased_purges":1,"victory":false,"max_hp_per_floor":[70,70,70,70,70,70,70,70,70,70,70,70,70,70,70,70,70,70,70,70,70,70,70,70,70],"card_choices":[{"not_picked":["Masterful Stab","Flying Knee"],"picked":"Deadly Poison","floor":1},{"not_picked":["Acrobatics","Dagger Spray"],"picked":"Catalyst","floor":3},{"not_picked":["Flying Knee","Poisoned Stab"],"picked":"Catalyst","floor":5},{"not_picked":["Dodge and Roll","Deadly Poison"],"picked":"Well Laid Plans","floor":11},{"not_picked":["Quick Slash","Flying Knee"],"picked":"Cloak And Dagger","floor":12},{"not_picked":["Sucker Punch","Tactician"],"picked":"Bouncing Flask","floor":13},{"not_picked":["Acrobatics","Caltrops"],"picked":"After Image","floor":14},{"not_picked":["Unload","Corpse Explosion"],"picked":"After Image","floor":16},{"not_picked":["Prepared","Sucker Punch"],"picked":"Leg Sweep","floor":18},{"not_picked":["Bane","Sucker Punch","Poisoned Stab"],"picked":"SKIP","floor":21},{"not_picked":["Poisoned Stab","Quick Slash","Outmaneuver"],"picked":"SKIP","floor":24}],"player_experience":1441689,"relics_obtained":[{"floor":9,"key":"Kunai"}],"event_choices":[{"damage_healed":0,"gold_gain":0,"player_choice":"Ignored","damage_taken":0,"max_hp_gain":0,"max_hp_loss":0,"event_name":"Liars Game","floor":2,"gold_loss":0},{"cards_removed":["Strike_G"],"damage_healed":0,"gold_gain":0,"player_choice":"Card Removal","damage_taken":0,"max_hp_gain":0,"max_hp_loss":0,"event_name":"The Cleric","floor":4,"gold_loss":50},{"cards_removed":["Strike_G"],"damage_healed":0,"gold_gain":0,"player_choice":"Elegance","damage_taken":0,"max_hp_gain":0,"max_hp_loss":0,"event_name":"Back to Basics","floor":19,"gold_loss":0},{"damage_healed":0,"gold_gain":99,"player_choice":"Stole From Cult","damage_taken":0,"max_hp_gain":0,"max_hp_loss":0,"event_name":"Nest","floor":20,"gold_loss":0},{"damage_healed":0,"gold_gain":0,"player_choice":"Obtained Relic","damage_taken":0,"relics_obtained":["Bag of Marbles"],"max_hp_gain":0,"max_hp_loss":0,"event_name":"Addict","floor":22,"gold_loss":85}],"is_beta":false,"boss_relics":[{"not_picked":["Pandora\u0027s Box","Coffee Dripper"],"picked":"Black Star"}],"items_purged_floors":[7],"is_endless":false,"potions_floor_spawned":[1,3,5,11,12,13,14,16,18,21,24],"killed_by":"Book of Stabbing","ascension_level":6}