{"gold_per_floor":[110,185,185,196,196,196,84,107,132,142,190,190],"floor_reached":12,"playtime":479,"items_purged":["Strike_G"],"score":76,"play_id":"74e62048-ba15-4965-9eeb-aa553db776c6","local_time":"20181205215115","is_ascension_mode":true,"campfire_choices":[{"floor":6,"key":"RECALL"}],"neow_cost":"NONE","seed_source_timestamp":968619144033153,"circlet_count":0,"master_deck":["Defend_G","Defend_G","Defend_G","Defend_G","Strike_G","Strike_G","Strike_G","Strike_G","Survivor","Neutralize","Phantasmal Killer","Well Laid Plans","Blur","Backstab"],"relics":["Ring of the Snake","Odd Mushroom","Oddly Smooth Stone"],"potions_floor_usage":[12],"damage_taken":[{"damage":0,"enemies":"2 Louse","floor":1,"turns":2},{"damage":6,"enemies":"Cultist","floor":4,"turns":4},{"damage":17,"enemies":"The Mushroom Lair","floor":8,"turns":6},{"damage":9,"enemies":"Small Slimes","floor":10,"turns":8},{"damage":29,"enemies":"Lagavulin","floor":12,"turns":3}],"seed_played":"-7577033854820523006","potions_obtained":[{"floor":10,"key":"Strength Potion"}],"is_trial":false,"path_per_floor":["M","?","?","M","?","R","$","?","T","M","T","E"],"character_chosen":"THE_SILENT","items_purchased":["Well Laid Plans"],"campfire_rested":0,"item_purchase_floors":[7],"current_hp_per_floor":[70,59,59,53,53,53,53,36,36,27,27,0],"gold":190,"neow_bonus":"ONE_RANDOM_RARE_CARD","is_prod":false,"is_daily":false,"chose_seed":false,"campfire_upgraded":0,"win_rate":0,"timestamp":1544068275,"path_taken":["M","?","?","?","?","R","$","?","T","M","?","E"],"build_version":"2018-11-15","purchased_purges":1,"victory":false,"max_hp_per_floor":[70,70,70,70,70,70,70,70,70,70,70,70],"card_choices":[{"not_picked":["PiercingWail","Bane","Skewer"],"picked":"SKIP","floor":1},{"not_picked":["Dagger Spray","Acrobatics","Blade Dance"],"picked":"SKIP","floor":4},{"not_picked":["Flying Knee","Deadly Poison"],"picked":"Blur","floor":8},{"not_picked":["Reflex","Setup"],"picked":"Backstab","floor":10}],"player_experience":655828,"relics_obtained":[{"floor":8,"key":"Odd Mushroom"},{"floor":11,"key":"Oddly Smooth Stone"}],"event_choices":[{"damage_healed":0,"gold_gain":75,"player_choice":"Gather Gold","damage_taken":11,"max_hp_gain":0,"max_hp_loss":0,"event_name":"World of Goop","floor":2,"gold_loss":0},{"cards_removed":["Defend_G"],"damage_healed":0,"gold_gain":0,"player_choice":"Offered Basic","damage_taken":0,"max_hp_gain":0,"max_hp_loss":0,"event_name":"Bonfire Elementals","floor":3,"gold_loss":0},{"damage_healed":0,"gold_gain":0,"player_choice":"Ignored","damage_taken":0,"max_hp_gain":0,"max_hp_loss":0,"event_name":"Liars Game","floor":5,"gold_loss":0},{"damage_healed":0,"gold_gain":0,"player_choice":"Fought Mushrooms","damage_taken":0,"max_hp_gain":0,"max_hp_loss":0,"event_name":"Mushrooms","floor":8,"gold_loss":0}],"is_beta":false,"boss_relics":[],"items_purged_floors":[7],"is_endless":false,"potions_floor_spawned":[10],"killed_by":"Lagavulin","ascension_level":3}