{"gold_per_floor":[109,109,59,74,87,87,105,180,180,180,190,190,205,62,62,158,158,168,183,196,214,214],"floor_reached":22,"playtime":9841,"items_purged":["Strike_G"],"score":252,"play_id":"00dfa03f-86df-4492-a030-ef4203ff5ca8","local_time":"20190324172456","is_ascension_mode":true,"campfire_choices":[{"data":"Storm of Steel","floor":6,"key":"SMITH"},{"floor":10,"key":"REST"},{"floor":12,"key":"REST"},{"data":"After Image","floor":15,"key":"SMITH"}],"neow_cost":"NONE","seed_source_timestamp":679925930259273,"circlet_count":0,"master_deck":["Defend_G","Defend_G","Defend_G","Defend_G","Defend_G","Survivor","Neutralize","Storm of Steel+1","Deadly Poison","Cloak And Dagger","After Image+1","Burst","Bouncing Flask+1","Concentrate+1","Choke+1","Poisoned Stab+1","Well Laid Plans","Cloak And Dagger+1"],"relics":["Ring of the Snake","Astrolabe"],"potions_floor_usage":[16],"damage_taken":[{"damage":3,"enemies":"2 Louse","floor":1,"turns":3},{"damage":0,"enemies":"Small Slimes","floor":4,"turns":3},{"damage":0,"enemies":"Cultist","floor":5,"turns":3},{"damage":20,"enemies":"Lots of Slimes","floor":7,"turns":5},{"damage":3,"enemies":"3 Louse","floor":11,"turns":5},{"damage":4,"enemies":"Blue Slaver","floor":13,"turns":4},{"damage":8,"enemies":"The Guardian","floor":16,"turns":13},{"damage":18,"enemies":"Chosen","floor":18,"turns":7},{"damage":3,"enemies":"Shell Parasite","floor":19,"turns":7},{"damage":21,"enemies":"Snecko","floor":20,"turns":5},{"damage":6,"enemies":"Snake Plant","floor":21,"turns":5},{"damage":24,"enemies":"Sentry and Sphere","floor":22,"turns":5}],"seed_played":"8925956487880154965","potions_obtained":[{"floor":4,"key":"Poison Potion"},{"floor":11,"key":"GhostInAJar"},{"floor":20,"key":"LiquidBronze"},{"floor":21,"key":"Ancient Potion"}],"is_trial":false,"path_per_floor":["M","?","?","M","M","R","M","?","T","R","M","R","M","$","R","B",null,"M","M","M","M","M"],"character_chosen":"THE_SILENT","items_purchased":["After Image"],"campfire_rested":2,"item_purchase_floors":[14],"current_hp_per_floor":[60,65,65,65,65,65,45,38,38,60,57,75,71,71,71,63,72,54,51,30,24,0],"gold":214,"neow_bonus":"ONE_RANDOM_RARE_CARD","is_prod":false,"is_daily":false,"chose_seed":false,"campfire_upgraded":2,"win_rate":0,"timestamp":1553466296,"path_taken":["M","?","?","M","M","R","M","?","T","R","M","R","?","$","R","BOSS","M","?","M","M","M"],"build_version":"2019-01-23","purchased_purges":1,"victory":false,"max_hp_per_floor":[70,75,75,75,75,75,75,75,75,75,75,75,75,75,75,75,75,75,75,75,75,75],"card_choices":[{"not_picked":["Quick Slash","Outmaneuver","Dagger Spray"],"picked":"SKIP","floor":1},{"not_picked":["Outmaneuver","Deflect"],"picked":"Deadly Poison","floor":4},{"not_picked":["Prepared","Dagger Spray","Quick Slash"],"picked":"SKIP","floor":5},{"not_picked":["Bane","Outmaneuver","Quick Slash"],"picked":"SKIP","floor":7},{"not_picked":["Dagger Throw","Tactician","Concentrate"],"picked":"SKIP","floor":11},{"not_picked":["Escape Plan","Underhanded Strike"],"picked":"Cloak And Dagger","floor":13},{"not_picked":["Tools of the Trade","Envenom"],"picked":"Burst","floor":16},{"not_picked":["Skewer","Predator"],"picked":"Poisoned Stab+1","floor":18},{"not_picked":["Slice","Poisoned Stab"],"picked":"Well Laid Plans","floor":19},{"not_picked":["Dagger Throw","Outmaneuver","Quick Slash+1"],"picked":"SKIP","floor":20},{"not_picked":["Flechettes","Dagger Throw"],"picked":"Cloak And Dagger+1","floor":21}],"player_experience":1725994,"relics_obtained":[],"event_choices":[{"damage_healed":0,"gold_gain":0,"player_choice":"Donut","damage_taken":0,"max_hp_gain":5,"max_hp_loss":0,"event_name":"Big Fish","floor":2,"gold_loss":0},{"cards_removed":["Strike_G"],"damage_healed":0,"gold_gain":0,"player_choice":"Card Removal","damage_taken":0,"max_hp_gain":0,"max_hp_loss":0,"event_name":"The Cleric","floor":3,"gold_loss":50},{"damage_healed":0,"gold_gain":75,"player_choice":"Touch","damage_taken":7,"max_hp_gain":0,"max_hp_loss":0,"event_name":"FaceTrader","floor":8,"gold_loss":0}],"is_beta":false,"boss_relics":[{"not_picked":["Lizard Tail","Black Star"],"picked":"Astrolabe"}],"items_purged_floors":[14],"is_endless":false,"potions_floor_spawned":[4,11,20,21],"killed_by":"Sentry and Sphere","ascension_level":8}