{"gold_per_floor":[115,115,190,201,269,269,304,318,318,330,347,447,447],"floor_reached":13,"playtime":386,"items_purged":[],"score":165,"play_id":"6958849a-48cd-45c3-99f3-71bb869da1f1","local_time":"20190730100343","is_ascension_mode":true,"campfire_choices":[{"data":"Zap","floor":6,"key":"SMITH"}],"neow_cost":"NONE","seed_source_timestamp":0,"circlet_count":0,"master_deck":["AscendersBane","Strike_B","Strike_B","Strike_B","Strike_B","Defend_B","Defend_B","Defend_B","Defend_B","Zap+1","Dualcast","Defragment","Capacitor","FTL","Cold Snap","Melter"],"special_seed":0,"relics":["Cracked Core","NeowsBlessing","Blue Candle","Prayer Wheel","Ancient Tea Set"],"potions_floor_usage":[],"damage_taken":[{"damage":0,"enemies":"2 Louse","floor":1,"turns":1},{"damage":0,"enemies":"Cultist","floor":4,"turns":1},{"damage":0,"enemies":"3 Sentries","floor":7,"turns":1},{"damage":8,"enemies":"Small Slimes","floor":8,"turns":5},{"damage":39,"enemies":"Exordium Wildlife","floor":10,"turns":6},{"damage":4,"enemies":"Red Slaver","floor":11,"turns":4},{"damage":11,"enemies":"Lots of Slimes","floor":13,"turns":1}],"seed_played":"6883772608676359570","potions_obtained":[{"floor":1,"key":"Explosive Potion"},{"floor":10,"key":"SteroidPotion"}],"is_trial":false,"path_per_floor":["M","?","?","M","T","R","E","M","T","M","M","?","M"],"character_chosen":"DEFECT","items_purchased":[],"campfire_rested":0,"item_purchase_floors":[],"current_hp_per_floor":[68,68,61,61,61,61,61,53,53,14,10,10,0],"gold":447,"neow_bonus":"THREE_ENEMY_KILL","is_prod":false,"is_daily":false,"chose_seed":false,"campfire_upgraded":1,"win_rate":0,"timestamp":1564499023,"path_taken":["M","?","?","?","?","R","E","M","T","?","M","?","M"],"build_version":"2019-07-17","purchased_purges":0,"victory":false,"max_hp_per_floor":[75,75,75,75,75,75,75,75,75,75,75,75,75],"card_choices":[{"not_picked":["Gash","Hologram"],"picked":"Defragment","floor":1},{"not_picked":["Sweeping Beam","Hologram","Leap"],"picked":"SKIP","floor":4},{"not_picked":["Sweeping Beam","Leap"],"picked":"Capacitor","floor":7},{"not_picked":["Conserve Battery","Force Field"],"picked":"FTL","floor":8},{"not_picked":["Rebound","Compile Driver","Fission"],"picked":"SKIP","floor":8},{"not_picked":["Genetic Algorithm","Leap"],"picked":"Cold Snap","floor":10},{"not_picked":["Hologram","Conserve Battery"],"picked":"Melter","floor":10},{"not_picked":["Rebound","Static Discharge","Sweeping Beam"],"picked":"SKIP","floor":11},{"not_picked":["Turbo","Compile Driver","Rebound"],"picked":"SKIP","floor":11}],"player_experience":2571061,"relics_obtained":[{"floor":5,"key":"Blue Candle"},{"floor":7,"key":"Prayer Wheel"},{"floor":9,"key":"Ancient Tea Set"}],"event_choices":[{"damage_healed":0,"gold_gain":0,"player_choice":"Ignored","damage_taken":0,"max_hp_gain":0,"max_hp_loss":0,"event_name":"Liars Game","floor":2,"gold_loss":0},{"damage_healed":0,"gold_gain":75,"player_choice":"Touch","damage_taken":7,"max_hp_gain":0,"max_hp_loss":0,"event_name":"FaceTrader","floor":3,"gold_loss":0},{"damage_healed":0,"gold_gain":100,"player_choice":"Pray","damage_taken":0,"max_hp_gain":0,"max_hp_loss":0,"event_name":"Golden Shrine","floor":12,"gold_loss":0}],"is_beta":false,"boss_relics":[],"items_purged_floors":[],"is_endless":false,"potions_floor_spawned":[1,10],"killed_by":"Lots of Slimes","ascension_level":10}