{"gold_per_floor":[112,112,112,128,145,170,170,182,235,259,334,357,369,380,380,479,479,479,479,5,5,5,5,5,5,5,0,0,0,0,0,0,0,0,0,0,0,0,0,0,0,0,0,0,0,0,0,0],"floor_reached":48,"playtime":10744,"items_purged":["Writhe"],"score":693,"play_id":"90eacdd0-30c5-4236-b4d5-78be029f3ef1","local_time":"20190208161509","is_ascension_mode":true,"campfire_choices":[{"floor":7.0,"key":"REST"},{"floor":15,"key":"REST"},{"data":"After Image","floor":23,"key":"SMITH"},{"data":"Burst","floor":25,"key":"SMITH"},{"floor":32,"key":"REST"},{"floor":44,"key":"REST"}],"neow_cost":"NONE","seed_source_timestamp":0,"circlet_count":0,"master_deck":["Defend_G+1","Defend_G+1","Defend_G","Defend_G","Defend_G","Strike_G","Strike_G","Survivor","Neutralize","Deadly Poison","Tools of the Trade","Cloak And Dagger","Cloak And Dagger","Leg Sweep+1","Burst+1","After Image+1","Madness+1","Leg Sweep","Cloak And Dagger","Accuracy","Catalyst","Crippling Poison","Bullet Time","Cloak And Dagger+1","Dash+1","Deadly Poison","Bouncing Flask","Infinite Blades+1"],"special_seed":0,"relics":["Ring of the Snake","NeowsBlessing","Paper Crane","Lantern","Blood Vial","Odd Mushroom","Pen Nib","Ectoplasm","Regal Pillow","War Paint","Pantograph","Empty Cage","Pear","The Specimen","Art of War"],"potions_floor_usage":[16,16,16,33,33,33,45,45,48],"damage_taken":[{"damage":0.0,"enemies":"Jaw Worm","floor":1.0,"turns":1.0},{"damage":0.0,"enemies":"Cultist","floor":4.0,"turns":1.0},{"damage":0.0,"enemies":"2 Louse","floor":5.0,"turns":1.0},{"damage":24.0,"enemies":"Lagavulin","floor":6.0,"turns":9.0},{"damage":3.0,"enemies":"Blue Slaver","floor":8.0,"turns":4.0},{"damage":40,"enemies":"The Mushroom Lair","floor":10,"turns":9},{"damage":0,"enemies":"Red Slaver","floor":13,"turns":5},{"damage":0,"enemies":"2 Fungi Beasts","floor":14,"turns":4},{"damage":0,"enemies":"Hexaghost","floor":16,"turns":12},{"damage":8,"enemies":"Spheric Guardian","floor":18,"turns":8},{"damage":9,"enemies":"3 Byrds","floor":22,"turns":10},{"damage":11,"enemies":"Snake Plant","floor":24,"turns":9},{"damage":9,"enemies":"Snecko","floor":28,"turns":7},{"damage":0,"enemies":"Shelled Parasite and Fungi","floor":29,"turns":8},{"damage":26,"enemies":"Sentry and Sphere","floor":30,"turns":8},{"damage":16,"enemies":"Collector","floor":33,"turns":12},{"damage":0,"enemies":"3 Shapes","floor":35,"turns":9},{"damage":0,"enemies":"Orb Walker","floor":37,"turns":6},{"damage":3,"enemies":"3 Darklings","floor":38,"turns":10},{"damage":48,"enemies":"Nemesis","floor":40,"turns":21},{"damage":11,"enemies":"Transient","floor":41,"turns":5},{"damage":9,"enemies":"Spire Growth","floor":42,"turns":5},{"damage":59,"enemies":"2 Orb Walkers","floor":45,"turns":8},{"damage":8,"enemies":"3 Darklings","floor":48,"turns":1}],"seed_played":"4413930390385446920","potions_obtained":[{"floor":1.0,"key":"Explosive Potion"},{"floor":6.0,"key":"FearPotion"},{"floor":8.0,"key":"EssenceOfSteel"},{"floor":14,"key":"GhostInAJar"},{"floor":18,"key":"Explosive Potion"},{"floor":22,"key":"Block Potion"},{"floor":30,"key":"EssenceOfSteel"},{"floor":33,"key":"Energy Potion"},{"floor":35,"key":"Fire Potion"},{"floor":40,"key":"Explosive Potion"},{"floor":42,"key":"Regen Potion"}],"is_trial":false,"path_per_floor":["M","?","T","M","M","E","R","M","T","?","?","T","M","M","R","B",null,"M","?","$","?","M","R","M","R","T","?","M","M","M","?","R","B",null,"M","?","M","M","?","E","M","M","T","R","?","T","$","M"],"character_chosen":"THE_SILENT","items_purchased":["Madness","Leg Sweep","Cloak And Dagger","Accuracy","War Paint"],"campfire_rested":4,"item_purchase_floors":[20,20,20,20,20],"current_hp_per_floor":[70,56,56,56,56,32,53,50,50,12,1,1,3,5,26,28,60,54,54,54,54,47,47,38,38,38,38,31,33,9,9,45,54,66,68,68,70,67,67,31,22,15,15,54,6,6,6,0],"gold":0,"neow_bonus":"THREE_ENEMY_KILL","is_prod":false,"is_daily":false,"chose_seed":false,"campfire_upgraded":2,"win_rate":0,"timestamp":1549664109,"path_taken":["M","?","?","M","?","E","R","M","T","?","?","?","?","M","R","BOSS","M","?","$","?","M","R","M","R","T","?","M","M","M","?","R","BOSS","M","?","M","?","?","E","M","?","T","R","?","?","?","?"],"build_version":"2019-01-23","purchased_purges":1,"victory":false,"max_hp_per_floor":[70,70,70,70,70,70,70,70,70,70,70,70,70,70,70,70,70,70,70,70,70,70,70,70,70,70,70,70,70,70,70,70,70,70,70,70,70,70,70,80,80,80,80,80,80,80,80,80],"card_choices":[{"not_picked":["Deflect","PiercingWail"],"picked":"Deadly Poison","floor":1.0},{"not_picked":["Poisoned Stab","Calculated Gamble"],"picked":"Tools of the Trade","floor":4.0},{"not_picked":["Sucker Punch","Underhanded Strike","Acrobatics"],"picked":"SKIP","floor":5.0},{"not_picked":["Flying Knee","Choke","Terror"],"picked":"SKIP","floor":6.0},{"not_picked":["Endless Agony","Blade Dance"],"picked":"Cloak And Dagger","floor":8.0},{"not_picked":["Infinite Blades","Backflip"],"picked":"Cloak And Dagger","floor":10},{"not_picked":["Underhanded Strike","Endless Agony"],"picked":"Leg Sweep","floor":13},{"not_picked":["Infinite Blades","Dodge and Roll"],"picked":"Burst","floor":14},{"not_picked":["Malaise","Tools of the Trade"],"picked":"After Image","floor":16},{"not_picked":["PiercingWail","Prepared","Dodge and Roll"],"picked":"SKIP","floor":18},{"not_picked":["Setup","Heel Hook+1","Poisoned Stab"],"picked":"SKIP","floor":22},{"not_picked":["PiercingWail","Outmaneuver+1"],"picked":"Catalyst","floor":24},{"not_picked":["Die Die Die","Flying Knee","Acrobatics"],"picked":"SKIP","floor":28},{"not_picked":["Dagger Throw","Poisoned Stab","Escape Plan"],"picked":"SKIP","floor":29},{"not_picked":["Blade Dance","Backflip+1"],"picked":"Crippling Poison","floor":30},{"not_picked":["Tools of the Trade","Wraith Form v2"],"picked":"Bullet Time","floor":33},{"not_picked":["Prepared+1","Bane+1","Sucker Punch"],"picked":"SKIP","floor":35},{"not_picked":["Dodge and Roll+1","Masterful Stab"],"picked":"Cloak And Dagger+1","floor":37},{"not_picked":["Calculated Gamble+1","Dagger Throw+1"],"picked":"Dash+1","floor":38},{"not_picked":["Backflip+1","Burst"],"picked":"Deadly Poison","floor":40},{"not_picked":["Bane+1","Flechettes+1"],"picked":"Bouncing Flask","floor":41},{"not_picked":["Acrobatics","Poisoned Stab"],"picked":"Infinite Blades+1","floor":42}],"player_experience":1276287,"relics_obtained":[{"floor":3.0,"key":"Paper Crane"},{"floor":6.0,"key":"Lantern"},{"floor":9.0,"key":"Blood Vial"},{"floor":10,"key":"Odd Mushroom"},{"floor":12,"key":"Pen Nib"},{"floor":26,"key":"Pantograph"},{"floor":40,"key":"Pear"},{"floor":45,"key":"The Specimen"},{"floor":46,"key":"Art of War"}],"event_choices":[{"damage_healed":0.0,"max_hp_gain":0.0,"max_hp_loss":0.0,"gold_gain":0.0,"event_name":"Shining Light","player_choice":"Entered Light","floor":2.0,"gold_loss":0.0,"damage_taken":14.0,"cards_upgraded":["Defend_G","Defend_G"]},{"damage_healed":0,"gold_gain":0,"player_choice":"Fought Mushrooms","damage_taken":0,"max_hp_gain":0,"max_hp_loss":0,"event_name":"Mushrooms","floor":10,"gold_loss":0},{"damage_healed":0,"gold_gain":75,"player_choice":"Gather Gold","damage_taken":11,"max_hp_gain":0,"max_hp_loss":0,"event_name":"World of Goop","floor":11,"gold_loss":0},{"damage_healed":0,"gold_gain":0,"player_choice":"Opened","damage_taken":0,"relics_obtained":["Regal Pillow"],"max_hp_gain":0,"max_hp_loss":0,"event_name":"The Mausoleum","floor":19,"gold_loss":0,"cards_obtained":["Writhe"]},{"damage_healed":0,"gold_gain":0,"player_choice":"Ignored","damage_taken":0,"max_hp_gain":0,"max_hp_loss":0,"event_name":"Beggar","floor":21,"gold_loss":0},{"damage_healed":0,"gold_gain":0,"player_choice":"Paid Fearfully","damage_taken":0,"max_hp_gain":0,"max_hp_loss":0,"event_name":"Masked Bandits","floor":27,"gold_loss":5},{"damage_healed":0,"gold_gain":0,"player_choice":"Ignored","damage_taken":0,"max_hp_gain":0,"max_hp_loss":0,"event_name":"Ghosts","floor":31,"gold_loss":0},{"cards_removed":["Strike_G"],"damage_healed":0,"gold_gain":0,"player_choice":"Purged","damage_taken":0,"max_hp_gain":0,"max_hp_loss":0,"event_name":"Purifier","floor":36,"gold_loss":0},{"damage_healed":0,"gold_gain":100,"player_choice":"Pray","damage_taken":0,"max_hp_gain":0,"max_hp_loss":0,"event_name":"Golden Shrine","floor":39,"gold_loss":0},{"damage_healed":0,"gold_gain":0,"player_choice":"Fight","damage_taken":0,"max_hp_gain":0,"max_hp_loss":0,"event_name":"Mysterious Sphere","floor":45,"gold_loss":0}],"is_beta":false,"boss_relics":[{"not_picked":["Snecko Eye","HoveringKite"],"picked":"Ectoplasm"},{"not_picked":["Eternal Feather","White Beast Statue"],"picked":"Empty Cage"}],"items_purged_floors":[20],"is_endless":false,"potions_floor_spawned":[1,6,8,13,14,18,22,30,33,35,40,42],"killed_by":"3 Darklings","ascension_level":5}