{"gold_per_floor":[219,219,233,43,56,56,67,85,112,112,126,136,147,157,157,157],"floor_reached":16,"playtime":849,"items_purged":["Dualcast"],"score":132,"play_id":"29db5a4a-55e3-43c6-8a95-61b5b11ff03b","local_time":"20190225235101","is_ascension_mode":true,"campfire_choices":[{"data":"Zap","floor":6,"key":"SMITH"},{"floor":10,"key":"REST"},{"floor":15,"key":"REST"}],"neow_cost":"NONE","seed_source_timestamp":1128485500600043,"circlet_count":0,"master_deck":["Strike_B","Strike_B","Strike_B","Strike_B","Defend_B","Defend_B","Defend_B","Defend_B","Zap+1","Streamline","Capacitor","Tempest","Conserve Battery","Conserve Battery","Glacier","BootSequence"],"relics":["Cracked Core","Omamori","Ancient Tea Set"],"potions_floor_usage":[13,16,16,16],"damage_taken":[{"damage":10,"enemies":"Cultist","floor":1,"turns":5},{"damage":0,"enemies":"2 Louse","floor":3,"turns":3},{"damage":3,"enemies":"Small Slimes","floor":5,"turns":3},{"damage":18,"enemies":"Gremlin Gang","floor":7,"turns":7},{"damage":10,"enemies":"Large Slime","floor":8,"turns":6},{"damage":21,"enemies":"Exordium Thugs","floor":11,"turns":4},{"damage":3,"enemies":"2 Fungi Beasts","floor":12,"turns":4},{"damage":13,"enemies":"Gremlin Gang","floor":13,"turns":3},{"damage":0,"enemies":"3 Louse","floor":14,"turns":3},{"damage":43,"enemies":"Slime Boss","floor":16,"turns":8}],"seed_played":"387013140824799084","potions_obtained":[{"floor":7,"key":"Dexterity Potion"},{"floor":8,"key":"Explosive Potion"},{"floor":11,"key":"EssenceOfSteel"},{"floor":14,"key":"Poison Potion"}],"is_trial":false,"path_per_floor":["M","?","M","$","M","R","M","M","T","R","M","M","M","M","R","B"],"character_chosen":"DEFECT","items_purchased":["Capacitor","Tempest"],"campfire_rested":2,"item_purchase_floors":[4,4],"current_hp_per_floor":[58,58,58,58,55,55,37,27,27,49,28,25,12,12,34,0],"gold":157,"neow_bonus":"HUNDRED_GOLD","is_prod":false,"is_daily":false,"chose_seed":false,"campfire_upgraded":1,"win_rate":0,"timestamp":1551160261,"path_taken":["M","?","M","$","M","R","M","M","T","R","M","M","M","?","R","BOSS"],"build_version":"2019-01-23","purchased_purges":1,"victory":false,"max_hp_per_floor":[75,75,75,75,75,75,75,75,75,75,75,75,75,75,75,75],"card_choices":[{"not_picked":["Barrage","Go for the Eyes"],"picked":"Tempest","floor":1},{"not_picked":["Coolheaded","Leap"],"picked":"Streamline","floor":3},{"not_picked":["Cold Snap","Loop"],"picked":"Conserve Battery","floor":5},{"not_picked":["Compile Driver","Redo","Coolheaded"],"picked":"SKIP","floor":7},{"not_picked":["Barrage","Double Energy"],"picked":"Conserve Battery","floor":8},{"not_picked":["Streamline","Go for the Eyes"],"picked":"Glacier","floor":11},{"not_picked":["Undo","Biased Cognition","Steam"],"picked":"SKIP","floor":12},{"not_picked":["Steam","Stack"],"picked":"BootSequence","floor":13},{"not_picked":["Recycle","Beam Cell","Gash"],"picked":"SKIP","floor":14}],"player_experience":1518108,"relics_obtained":[{"floor":9,"key":"Ancient Tea Set"}],"event_choices":[{"cards_removed":["Tempest"],"damage_healed":0,"gold_gain":0,"player_choice":"Gave Card","damage_taken":0,"relics_obtained":["Omamori"],"max_hp_gain":0,"max_hp_loss":0,"event_name":"WeMeetAgain","floor":2,"gold_loss":0}],"is_beta":false,"boss_relics":[],"items_purged_floors":[4],"is_endless":false,"potions_floor_spawned":[7,8,11,12,14],"killed_by":"Slime Boss","ascension_level":7}