{"gold_per_floor":[113,113,113,113,129,155,175,175,175,175,190,224,224,234,234,333,333,343,48,60,60,73,73,73,73,73,73,93,93],"floor_reached":29,"playtime":1054,"items_purged":["Strike_B"],"score":348,"play_id":"a4ec4513-5550-4f29-8f7c-c957d80bd51a","local_time":"20190309221642","is_ascension_mode":true,"campfire_choices":[{"floor":10,"key":"REST"},{"data":"Zap","floor":13,"key":"SMITH"},{"data":"FTL","floor":15,"key":"SMITH"},{"floor":23,"key":"REST"},{"floor":27,"key":"REST"}],"neow_cost":"NONE","seed_source_timestamp":148449047301811,"circlet_count":0,"master_deck":["Strike_B","Strike_B","Strike_B","Defend_B","Defend_B","Defend_B","Defend_B","Zap+1","FTL+1","Defragment","BootSequence","Conserve Battery","Meteor Strike","Capacitor"],"relics":["Cracked Core","NeowsBlessing","Kunai","StoneCalendar","Anchor","PreservedInsect","Bottled Flame","Busted Crown","Dream Catcher","Art of War"],"potions_floor_usage":[14,16],"damage_taken":[{"damage":0,"enemies":"Cultist","floor":1,"turns":1},{"damage":0,"enemies":"2 Louse","floor":5,"turns":1},{"damage":0,"enemies":"Gremlin Nob","floor":6,"turns":1},{"damage":0,"enemies":"Jaw Worm","floor":7,"turns":3},{"damage":8,"enemies":"Large Slime","floor":11,"turns":7},{"damage":8,"enemies":"Lagavulin","floor":12,"turns":5},{"damage":0,"enemies":"Lots of Slimes","floor":14,"turns":1},{"damage":18,"enemies":"Hexaghost","floor":16,"turns":9},{"damage":6,"enemies":"Chosen","floor":18,"turns":6},{"damage":0,"enemies":"3 Byrds","floor":20,"turns":5},{"damage":40,"enemies":"Cultist and Chosen","floor":22,"turns":7},{"damage":58,"enemies":"3 Cultists","floor":28,"turns":7},{"damage":9,"enemies":"Chosen and Byrds","floor":29,"turns":5}],"seed_played":"2294701008082284610","potions_obtained":[{"floor":1,"key":"Swift Potion"},{"floor":7,"key":"Explosive Potion"},{"floor":8,"key":"Explosive Potion"},{"floor":14,"key":"Explosive Potion"},{"floor":20,"key":"FearPotion"},{"floor":22,"key":"Ancient Potion"}],"is_trial":false,"path_per_floor":["M","?","?","T","M","E","M","?","T","R","M","E","R","M","R","B",null,"M","$","M","?","M","R","?","$","T","R","M","M"],"character_chosen":"DEFECT","items_purchased":["Capacitor","Dream Catcher"],"campfire_rested":3,"item_purchase_floors":[19,19],"current_hp_per_floor":[68,61,54,54,54,54,54,54,54,75,67,59,59,59,59,41,67,61,61,61,61,21,43,43,43,43,65,7,0],"gold":93,"neow_bonus":"THREE_ENEMY_KILL","is_prod":false,"is_daily":false,"chose_seed":false,"campfire_upgraded":2,"win_rate":0,"timestamp":1552191402,"path_taken":["M","?","?","?","M","E","M","?","T","R","M","E","R","?","R","BOSS","M","$","M","?","M","R","?","$","T","R","M","M"],"build_version":"2019-01-23","purchased_purges":1,"victory":false,"max_hp_per_floor":[75,75,75,75,75,75,75,75,75,75,75,75,75,75,75,75,75,75,75,75,75,75,75,75,75,75,75,75,75],"card_choices":[{"not_picked":["Fusion","Stack"],"picked":"FTL","floor":1},{"not_picked":["Beam Cell","Tempest"],"picked":"Defragment","floor":5},{"not_picked":["Stack","Redo"],"picked":"BootSequence","floor":6},{"not_picked":["Hologram","Sweeping Beam","Undo"],"picked":"SKIP","floor":7},{"not_picked":["Heatsinks","Skim","Gash"],"picked":"SKIP","floor":11},{"not_picked":["Sweeping Beam","Creative AI","Gash"],"picked":"SKIP","floor":12},{"not_picked":["Undo","Hologram"],"picked":"Conserve Battery","floor":14},{"not_picked":["Hyperbeam","All For One"],"picked":"Meteor Strike","floor":16},{"not_picked":["Turbo+1"],"picked":"SKIP","floor":18},{"not_picked":["Scrape"],"picked":"SKIP","floor":20},{"not_picked":["Hologram"],"picked":"SKIP","floor":22},{"not_picked":["Aggregate"],"picked":"SKIP","floor":28}],"player_experience":1619924,"relics_obtained":[{"floor":4,"key":"StoneCalendar"},{"floor":6,"key":"Anchor"},{"floor":9,"key":"PreservedInsect"},{"floor":12,"key":"Bottled Flame"},{"floor":26,"key":"Art of War"}],"event_choices":[{"cards_removed":["Dualcast"],"damage_healed":0,"gold_gain":0,"player_choice":"Card Removal","damage_taken":7,"max_hp_gain":0,"max_hp_loss":0,"event_name":"Golden Wing","floor":2,"gold_loss":0},{"damage_healed":0,"gold_gain":0,"player_choice":"Success","damage_taken":7,"relics_obtained":["Kunai"],"max_hp_gain":0,"max_hp_loss":0,"event_name":"Scrap Ooze","floor":3,"gold_loss":0},{"damage_healed":0,"gold_gain":0,"player_choice":"Got Potions","damage_taken":0,"max_hp_gain":0,"max_hp_loss":0,"event_name":"Lab","floor":8,"gold_loss":0},{"damage_healed":0,"gold_gain":0,"player_choice":"Ignored","damage_taken":0,"max_hp_gain":0,"max_hp_loss":0,"event_name":"Ghosts","floor":21,"gold_loss":0},{"damage_healed":0,"gold_gain":0,"player_choice":"Ignored","damage_taken":0,"max_hp_gain":0,"max_hp_loss":0,"event_name":"Vampires","floor":24,"gold_loss":0}],"is_beta":false,"boss_relics":[{"not_picked":["Nuclear Battery","Cursed Key"],"picked":"Busted Crown"}],"items_purged_floors":[19],"is_endless":false,"potions_floor_spawned":[1,7,14,20,22],"killed_by":"Chosen and Byrds","ascension_level":7}