{"gold_per_floor":[112,112,128,145,145,145,175,191,244,244,244,262,282,292,292,390,390,364,98,98,117,136,165,165,165,212,230,35,54,71,85,85,187,187,204,222,222,222],"floor_reached":38,"playtime":10950,"items_purged":["Strike_G","Strike_G"],"score":528,"play_id":"2de23eea-c771-4312-9ae3-c0abf33386fa","local_time":"20190208193547","is_ascension_mode":true,"campfire_choices":[{"data":"Deadly Poison","floor":6,"key":"SMITH"},{"floor":11,"key":"REST"},{"floor":15,"key":"REST"},{"floor":24,"key":"REST"},{"floor":32,"key":"REST"}],"neow_cost":"NONE","seed_source_timestamp":2549871294761256,"circlet_count":0,"master_deck":["Defend_G","Defend_G","Defend_G","Defend_G","Defend_G","Survivor","Neutralize+1","Deadly Poison+1","Corpse Explosion","Blur","Dash","Caltrops","Venomology+1","Well Laid Plans","Noxious Fumes","Noxious Fumes","Footwork","Bouncing Flask","Noxious Fumes","Noxious Fumes","Footwork+1","Adrenaline"],"relics":["Ring of the Snake","The Courier","Art of War","Busted Crown","Snake Skull","Boot","Empty Cage"],"potions_floor_usage":[14,16,16,18,22,23,27,27,29,29,33,33,33,33,38,38],"damage_taken":[{"damage":0,"enemies":"Small Slimes","floor":1,"turns":5},{"damage":0,"enemies":"2 Louse","floor":3,"turns":4},{"damage":0,"enemies":"Jaw Worm","floor":4,"turns":4},{"damage":34,"enemies":"Lagavulin","floor":7,"turns":9},{"damage":5,"enemies":"Red Slaver","floor":8,"turns":6},{"damage":0,"enemies":"Looter","floor":12,"turns":3},{"damage":0,"enemies":"Lots of Slimes","floor":13,"turns":1},{"damage":0,"enemies":"3 Louse","floor":14,"turns":1},{"damage":4,"enemies":"The Guardian","floor":16,"turns":10},{"damage":10,"enemies":"2 Thieves","floor":18,"turns":5},{"damage":2,"enemies":"Shell Parasite","floor":21,"turns":6},{"damage":14,"enemies":"Snecko","floor":22,"turns":6},{"damage":4,"enemies":"Book of Stabbing","floor":23,"turns":7},{"damage":2,"enemies":"Chosen and Byrds","floor":27,"turns":6},{"damage":4,"enemies":"Centurion and Healer","floor":29,"turns":5},{"damage":31,"enemies":"Cultist and Chosen","floor":30,"turns":7},{"damage":23,"enemies":"Snecko","floor":31,"turns":5},{"damage":39,"enemies":"Automaton","floor":33,"turns":10},{"damage":11,"enemies":"3 Shapes","floor":35,"turns":4},{"damage":51,"enemies":"3 Darklings","floor":36,"turns":4},{"damage":92,"enemies":"2 Orb Walkers","floor":38,"turns":5}],"seed_played":"5859221461249381243","potions_obtained":[{"floor":3,"key":"SteroidPotion"},{"floor":8,"key":"SpeedPotion"},{"floor":12,"key":"Dexterity Potion"},{"floor":14,"key":"SpeedPotion"},{"floor":22,"key":"Strength Potion"},{"floor":23,"key":"Regen Potion"},{"floor":27,"key":"GhostInAJar"},{"floor":30,"key":"Regen Potion"}],"is_trial":false,"path_per_floor":["M","?","M","M","?","R","E","M","T","?","R","M","M","M","R","B",null,"M","$","?","M","M","E","R","?","T","M","$","M","M","M","R","B",null,"M","M","?","?"],"character_chosen":"THE_SILENT","items_purchased":["Well Laid Plans","Noxious Fumes","Noxious Fumes","Footwork","Noxious Fumes","Noxious Fumes"],"campfire_rested":4,"item_purchase_floors":[19,19,19,19,28,28],"current_hp_per_floor":[70,63,63,63,63,63,29,24,24,29,51,51,51,51,73,69,74,64,64,64,62,48,44,66,59,59,71,71,67,36,13,35,51,69,58,7,66,0],"gold":222,"neow_bonus":"UPGRADE_CARD","is_prod":false,"is_daily":false,"chose_seed":false,"campfire_upgraded":1,"win_rate":0,"timestamp":1549676147,"path_taken":["M","?","M","M","?","R","E","M","T","?","R","M","M","M","R","BOSS","M","$","?","?","M","E","R","?","T","M","$","M","M","M","R","BOSS","M","?","?","?"],"build_version":"2019-01-23","purchased_purges":2,"victory":false,"max_hp_per_floor":[70,70,70,70,70,70,70,70,70,75,75,75,75,75,75,75,75,75,75,75,75,75,75,75,75,75,75,75,75,75,75,75,75,75,75,75,66,66],"card_choices":[{"not_picked":["Deflect","Masterful Stab","Quick Slash"],"picked":"SKIP","floor":1},{"not_picked":["Skewer","Quick Slash"],"picked":"Deadly Poison","floor":3},{"not_picked":["Dagger Throw","Poisoned Stab","Flying Knee"],"picked":"SKIP","floor":4},{"not_picked":["Dagger Throw","Storm of Steel"],"picked":"Corpse Explosion","floor":7},{"not_picked":["Deflect","Blade Dance"],"picked":"Blur","floor":8},{"not_picked":["Dodge and Roll","Dagger Throw","Acrobatics"],"picked":"SKIP","floor":12},{"not_picked":["Blade Dance","Infinite Blades"],"picked":"Dash","floor":13},{"not_picked":["Calculated Gamble","Outmaneuver"],"picked":"Caltrops","floor":14},{"not_picked":["A Thousand Cuts","Doppelganger"],"picked":"Venomology","floor":16},{"not_picked":["Deflect"],"picked":"SKIP","floor":18},{"not_picked":["Prepared"],"picked":"SKIP","floor":21},{"not_picked":["PiercingWail+1"],"picked":"SKIP","floor":22},{"not_picked":["All Out Attack+1"],"picked":"SKIP","floor":23},{"not_picked":[],"picked":"Bouncing Flask","floor":27},{"not_picked":["Backflip"],"picked":"SKIP","floor":29},{"not_picked":[],"picked":"Footwork+1","floor":30},{"not_picked":["Acrobatics+1"],"picked":"SKIP","floor":31},{"not_picked":[],"picked":"Adrenaline","floor":33},{"not_picked":["Bane+1"],"picked":"SKIP","floor":35},{"not_picked":["Deflect+1"],"picked":"SKIP","floor":36}],"player_experience":1287031,"relics_obtained":[{"floor":7,"key":"The Courier"},{"floor":9,"key":"Art of War"},{"floor":23,"key":"Snake Skull"},{"floor":26,"key":"Boot"}],"event_choices":[{"cards_removed":["Strike_G"],"damage_healed":0,"gold_gain":0,"player_choice":"Card Removal","damage_taken":7,"max_hp_gain":0,"max_hp_loss":0,"event_name":"Golden Wing","floor":2,"gold_loss":0},{"damage_healed":0,"gold_gain":0,"player_choice":"Ignored","damage_taken":0,"max_hp_gain":0,"max_hp_loss":0,"event_name":"Liars Game","floor":5,"gold_loss":0},{"damage_healed":0,"gold_gain":0,"player_choice":"Donut","damage_taken":0,"max_hp_gain":5,"max_hp_loss":0,"event_name":"Big Fish","floor":10,"gold_loss":0},{"damage_healed":0,"gold_gain":0,"player_choice":"Upgraded","damage_taken":0,"max_hp_gain":0,"max_hp_loss":0,"event_name":"Upgrade Shrine","floor":20,"gold_loss":0,"cards_upgraded":["Venomology"]},{"damage_healed":0,"gold_gain":0,"player_choice":"","damage_taken":7,"max_hp_gain":0,"max_hp_loss":0,"event_name":"Knowing Skull","floor":25,"potions_obtained":[],"gold_loss":0,"cards_obtained":[]},{"damage_healed":66,"gold_gain":0,"player_choice":"Heal","damage_taken":0,"max_hp_gain":0,"max_hp_loss":9,"event_name":"The Moai Head","floor":37,"gold_loss":0},{"damage_healed":0,"gold_gain":0,"player_choice":"Fight","damage_taken":0,"max_hp_gain":0,"max_hp_loss":0,"event_name":"Mysterious Sphere","floor":38,"gold_loss":0}],"is_beta":false,"boss_relics":[{"not_picked":["Pandora\u0027s Box","Velvet Choker"],"picked":"Busted Crown"},{"not_picked":["Sozu","Lizard Tail"],"picked":"Empty Cage"}],"items_purged_floors":[19,28],"is_endless":false,"potions_floor_spawned":[3,8,12,14,22,23,27,30,31],"killed_by":"2 Orb Walkers","ascension_level":5}