{"gold_per_floor":[119,119,131,146,164,164,184,184,184,37,51,151,166,179,179,179],"floor_reached":16,"playtime":592,"items_purged":[],"score":96,"play_id":"e9b465f9-7abf-4d57-a9aa-9cdac9450254","local_time":"20190829001527","is_ascension_mode":false,"campfire_choices":[{"data":"Searing Blow","floor":6,"key":"SMITH"},{"data":"Searing Blow+1","floor":8,"key":"SMITH"},{"data":"Rampage","floor":15,"key":"SMITH"}],"neow_cost":"NONE","seed_source_timestamp":566332656828842,"circlet_count":0,"master_deck":["Strike_R","Strike_R","Strike_R","Strike_R","Strike_R","Defend_R","Defend_R","Defend_R","Defend_R","Bash","Carnage","Searing Blow+2","Rampage+1","Ghostly Armor","Headbutt"],"relics":["Burning Blood","Red Skull","Mummified Hand","Omamori"],"potions_floor_usage":[5,11,14,16],"damage_taken":[{"damage":1,"enemies":"Cultist","floor":1,"turns":3},{"damage":6,"enemies":"Jaw Worm","floor":3,"turns":3},{"damage":2,"enemies":"Small Slimes","floor":4,"turns":3},{"damage":5,"enemies":"Looter","floor":5,"turns":3},{"damage":13,"enemies":"Large Slime","floor":7,"turns":6},{"damage":19,"enemies":"Exordium Wildlife","floor":11,"turns":5},{"damage":4,"enemies":"2 Fungi Beasts","floor":13,"turns":3},{"damage":7,"enemies":"Exordium Thugs","floor":14,"turns":4},{"damage":74,"enemies":"Hexaghost","floor":16,"turns":11}],"seed_played":"-7969139967856679843","potions_obtained":[{"floor":3,"key":"Explosive Potion"},{"floor":5,"key":"Regen Potion"},{"floor":11,"key":"Energy Potion"},{"floor":14,"key":"SpeedPotion"}],"is_trial":false,"path_per_floor":["M","?","M","M","M","R","M","R","T","$","M","?","M","M","R","B"],"character_chosen":"IRONCLAD","items_purchased":["Omamori"],"campfire_rested":0,"item_purchase_floors":[10],"current_hp_per_floor":[80,80,80,80,80,80,73,73,73,73,72,72,74,73,73,0],"gold":179,"neow_bonus":"RANDOM_COMMON_RELIC","is_prod":false,"is_daily":false,"chose_seed":false,"campfire_upgraded":3,"win_rate":0,"timestamp":1567052127,"path_taken":["M","?","M","M","?","R","M","R","T","$","M","?","M","M","R","BOSS"],"build_version":"2019-07-17","purchased_purges":0,"victory":false,"max_hp_per_floor":[80,80,80,80,80,80,80,80,80,80,80,80,80,80,80,80],"card_choices":[{"not_picked":["Cleave","Wild Strike"],"picked":"Carnage","floor":1},{"not_picked":["Battle Trance","Whirlwind"],"picked":"Searing Blow","floor":3},{"not_picked":["Reckless Charge","Clothesline"],"picked":"Rampage","floor":4},{"not_picked":["True Grit","Flex"],"picked":"Ghostly Armor","floor":5},{"not_picked":["Wild Strike","Clothesline","Havoc"],"picked":"SKIP","floor":7},{"not_picked":["Carnage","Thunderclap","Perfected Strike"],"picked":"SKIP","floor":11},{"not_picked":["Havoc","Heavy Blade"],"picked":"Headbutt","floor":13},{"not_picked":["Bloodletting","Evolve","Iron Wave"],"picked":"SKIP","floor":14}],"player_experience":170506,"relics_obtained":[{"floor":9,"key":"Mummified Hand"}],"event_choices":[{"damage_healed":0,"gold_gain":0,"player_choice":"Ignored","damage_taken":0,"max_hp_gain":0,"max_hp_loss":0,"event_name":"NoteForYourself","floor":2,"gold_loss":0},{"damage_healed":0,"gold_gain":100,"player_choice":"Pray","damage_taken":0,"max_hp_gain":0,"max_hp_loss":0,"event_name":"Golden Shrine","floor":12,"gold_loss":0}],"is_beta":false,"boss_relics":[],"items_purged_floors":[],"is_endless":false,"potions_floor_spawned":[3,5,11,14],"killed_by":"Hexaghost","ascension_level":0}