{"path_per_floor":["M","?","?","M","M","R","?","R","T","$","M","M","M","M","R","B",null,"M","M","$","M","?","R","E","R","T","M","?","M","M","?","R"],"character_chosen":"IRONCLAD","items_purchased":["Flex","Impervious","Trip"],"gold_per_floor":[117,117,192,210,223,223,188,188,188,165,180,199,220,233,233,364,364,385,398,65,79,4,4,43,43,43,56,56,77,91,91,91],"floor_reached":33,"campfire_rested":3,"playtime":2345,"current_hp_per_floor":[78,58,47,47,53,53,73,73,73,73,78,75,80,80,80,41,80,59,45,45,36,36,60,17,41,55,39,70,65,31,31,59],"items_purged":["Strike_R"],"gold":91,"play_id":"5a8043a0-8adc-4612-b568-fd126fd8a1b0","is_prod":false,"is_daily":false,"is_ascension_mode":false,"campfire_upgraded":3,"path_taken":["M","?","?","?","M","R","?","R","T","$","M","?","M","M","R","BOSS","M","M","$","M","?","R","E","R","T","M","?","M","?","?","R","BOSS"],"build_version":"2018-01-25-PROD3","purchased_purges":1,"victory":false,"master_deck":["Strike_R","Strike_R","Strike_R","Defend_R","Defend_R","Defend_R","Bash","Armaments+1","Body Slam+1","Disarm","Flex","Pommel Strike","Heavy Blade","Body Slam+1","Barricade","Rampage","Impervious","Trip","Spot Weakness","Armaments+1"],"max_hp_per_floor":[80,80,80,80,80,80,80,80,80,80,80,80,80,80,80,80,80,80,80,80,80,80,80,80,80,94,94,94,94,94,94,94],"relics":["Burning Blood","Golden Idol","Magic Flower","Black Star","Mercury Hourglass","Smiling Mask","Mango"],"card_choices":[{"not_picked":["Feel No Pain","Clothesline"],"picked":"Armaments"},{"not_picked":["Anger","Perfected Strike"],"picked":"Body Slam"},{"not_picked":["Anger","Sword Boomerang"],"picked":"Disarm"},{"not_picked":["Anger","Shrug It Off"],"picked":"Pommel Strike"},{"not_picked":["Havoc","Shrug It Off"],"picked":"Heavy Blade"},{"not_picked":["Feel No Pain","Havoc"],"picked":"Body Slam"},{"not_picked":["Offering","Dark Embrace"],"picked":"Barricade"},{"not_picked":["Heavy Blade","Shrug It Off"],"picked":"Rampage"},{"not_picked":["Feel No Pain","Anger"],"picked":"Armaments"},{"not_picked":["Whirlwind","Flex"],"picked":"Spot Weakness"},{"not_picked":["Anger","Sword Boomerang"],"picked":"Armaments"}],"player_experience":77198,"potions_floor_usage":[12,12,16,16,24,24,27,33],"damage_taken":[{"damage":8,"enemies":"Cultist","floor":1,"turns":5},{"damage":6,"enemies":"Blue Slaver","floor":4,"turns":6},{"damage":0,"enemies":"Small Slimes","floor":5,"turns":5},{"damage":4,"enemies":"Red Slaver","floor":11,"turns":3},{"damage":12,"enemies":"Exordium Thugs","floor":12,"turns":4},{"damage":4,"enemies":"2 Fungi Beasts","floor":13,"turns":4},{"damage":8,"enemies":"Exordium Wildlife","floor":14,"turns":4},{"damage":48,"enemies":"Hexaghost","floor":16,"turns":10},{"damage":30,"enemies":"Shell Parasite","floor":18,"turns":10},{"damage":23,"enemies":"3 Byrds","floor":19,"turns":9},{"damage":18,"enemies":"Centurion and Healer","floor":21,"turns":6},{"damage":52,"enemies":"Book of Stabbing","floor":24,"turns":6},{"damage":25,"enemies":"Snake Plant","floor":27,"turns":4},{"damage":14,"enemies":"Snecko","floor":29,"turns":7},{"damage":43,"enemies":"Chosen and Byrds","floor":30,"turns":6},{"damage":69,"enemies":"Automaton","floor":33,"turns":12}],"event_choices":[{"event_name":"Golden Idol","player_choice":"Take Damage","floor":2,"damage_taken":0},{"event_name":"World of Goop","player_choice":"Gather Gold","floor":3,"damage_taken":0},{"event_name":"The Cleric","player_choice":"Healed","floor":7,"damage_taken":0},{"event_name":"Beggar","player_choice":"Gave Gold","floor":22,"damage_taken":0},{"event_name":"The Library","player_choice":"Heal","floor":28,"damage_taken":0},{"event_name":"Back to Basics","player_choice":"Elegance","floor":31,"damage_taken":0}],"boss_relics":[{"not_picked":["Snecko Eye","Runic Pyramid"],"picked":"Black Star"}],"potions_floor_spawned":[1,11,13,14,16,18,19,30],"seed_played":"2071822927714504474","killed_by":"Automaton","ascension_level":0,"is_trial":false}