{"gold_per_floor":[109,109,72,91,166,166,196,196,223,287,287,300,334,344,344,445,445,464,464,481,491,491,491,491,491,491,816,891,902,902,902],"floor_reached":31,"playtime":2256,"items_purged":[],"score":315,"play_id":"0bea52ec-3106-45b9-9593-52dc29a88193","local_time":"20181118160941","is_ascension_mode":true,"campfire_choices":[{"data":"Strike_G","floor":6,"key":"SMITH"},{"floor":8,"key":"REST"},{"floor":15,"key":"REST"},{"floor":23,"key":"REST"},{"floor":25,"key":"REST"},{"floor":30,"key":"REST"}],"neow_cost":"NONE","seed_source_timestamp":341023673607730,"circlet_count":0,"master_deck":["Defend_G","Defend_G","Defend_G","Strike_G+1","Strike_G","Strike_G","Strike_G","Survivor","Neutralize","Noxious Fumes","Infinite Blades","Infinite Blades","Infinite Blades","Noxious Fumes"],"relics":["Ring of the Snake","Pen Nib","Gremlin Horn","Orichalcum","Oddly Smooth Stone","Potion Belt","White Beast Statue","MutagenicStrength","Darkstone Periapt","Shuriken","Old Coin"],"potions_floor_usage":[13,27,27,27,29,29],"damage_taken":[{"damage":0,"enemies":"Small Slimes","floor":1,"turns":5},{"damage":0,"enemies":"2 Louse","floor":4,"turns":5},{"damage":25,"enemies":"Lagavulin","floor":7,"turns":7},{"damage":29,"enemies":"Lagavulin Event","floor":10,"turns":7},{"damage":0,"enemies":"Jaw Worm","floor":12,"turns":4},{"damage":0,"enemies":"Gremlin Nob","floor":13,"turns":4},{"damage":19,"enemies":"3 Louse","floor":14,"turns":4},{"damage":18,"enemies":"Slime Boss","floor":16,"turns":8},{"damage":9,"enemies":"3 Byrds","floor":18,"turns":5},{"damage":9,"enemies":"Shell Parasite","floor":20,"turns":7},{"damage":30,"enemies":"Chosen and Byrds","floor":21,"turns":7},{"damage":33,"enemies":"Gremlin Leader","floor":27,"turns":7},{"damage":21,"enemies":"Snecko","floor":29,"turns":5},{"damage":28,"enemies":"Sentry and Sphere","floor":31,"turns":3}],"seed_played":"-7542510280121321153","potions_obtained":[{"floor":4,"key":"FairyPotion"},{"floor":10,"key":"Fire Potion"},{"floor":12,"key":"SneckoOil"},{"floor":18,"key":"Weak Potion"},{"floor":20,"key":"SpeedPotion"},{"floor":21,"key":"Block Potion"},{"floor":27,"key":"GamblersBrew"},{"floor":29,"key":"LiquidBronze"}],"is_trial":false,"path_per_floor":["M","?","$","M","?","R","E","R","T","?","?","M","E","M","R","B",null,"M","?","M","M","?","R","T","R","T","E","?","M","R","M"],"character_chosen":"THE_SILENT","items_purchased":["Infinite Blades"],"campfire_rested":5,"item_purchase_floors":[3],"current_hp_per_floor":[70,70,70,70,59,59,34,55,55,26,19,19,19,7,28,10,70,61,61,52,22,22,43,43,64,64,31,24,3,24,0],"gold":902,"neow_bonus":"RANDOM_COMMON_RELIC","is_prod":false,"is_daily":false,"chose_seed":false,"campfire_upgraded":1,"win_rate":0,"timestamp":1542578981,"path_taken":["M","?","$","M","?","R","E","R","T","?","?","M","E","?","R","BOSS","M","?","M","?","?","R","?","R","T","E","?","M","R","?"],"build_version":"2018-11-15","purchased_purges":0,"victory":false,"max_hp_per_floor":[70,70,70,70,70,70,70,70,70,70,70,70,70,70,70,70,70,70,70,70,70,70,70,70,70,70,70,70,70,70,70],"card_choices":[{"not_picked":["Deflect","Escape Plan"],"picked":"Noxious Fumes","floor":1},{"not_picked":["Finisher","Acrobatics"],"picked":"Infinite Blades","floor":4},{"not_picked":["Flying Knee","Dagger Throw","Bane"],"picked":"SKIP","floor":7},{"not_picked":["Dagger Spray","Slice"],"picked":"Infinite Blades","floor":12},{"not_picked":["Slice","Underhanded Strike"],"picked":"Noxious Fumes","floor":13},{"not_picked":["Prepared","PiercingWail","Backflip"],"picked":"SKIP","floor":14},{"not_picked":["Distraction","Accuracy+1","Setup+1"],"picked":"SKIP","floor":18},{"not_picked":["Sucker Punch","Acrobatics","Poisoned Stab"],"picked":"SKIP","floor":20},{"not_picked":["Dodge and Roll","Underhanded Strike","Concentrate"],"picked":"SKIP","floor":21},{"not_picked":["Underhanded Strike","Grand Finale","Backflip"],"picked":"SKIP","floor":27},{"not_picked":["Sucker Punch","Crippling Poison","Terror+1"],"picked":"SKIP","floor":29}],"player_experience":359653,"relics_obtained":[{"floor":7,"key":"Gremlin Horn"},{"floor":9,"key":"Orichalcum"},{"floor":13,"key":"Potion Belt"},{"floor":24,"key":"Darkstone Periapt"},{"floor":26,"key":"Shuriken"},{"floor":27,"key":"Old Coin"}],"event_choices":[{"cards_removed":["Defend_G"],"damage_healed":0,"gold_gain":0,"player_choice":"Forget","damage_taken":0,"max_hp_gain":0,"max_hp_loss":0,"event_name":"Living Wall","floor":2,"gold_loss":0},{"damage_healed":0,"gold_gain":75,"player_choice":"Gather Gold","damage_taken":11,"max_hp_gain":0,"max_hp_loss":0,"event_name":"World of Goop","floor":5,"gold_loss":0},{"damage_healed":0,"gold_gain":30,"player_choice":"Searched \u00273\u0027 times","damage_taken":0,"relics_obtained":["Oddly Smooth Stone"],"max_hp_gain":0,"max_hp_loss":0,"event_name":"Dead Adventurer","floor":10,"gold_loss":0},{"cards_removed":["Strike_G"],"damage_healed":0,"gold_gain":0,"player_choice":"Card Removal","damage_taken":7,"max_hp_gain":0,"max_hp_loss":0,"event_name":"Golden Wing","floor":11,"gold_loss":0},{"cards_removed":["Defend_G"],"damage_healed":0,"gold_gain":0,"player_choice":"Offered Basic","damage_taken":0,"max_hp_gain":0,"max_hp_loss":0,"event_name":"Bonfire Elementals","floor":19,"gold_loss":0},{"damage_healed":0,"gold_gain":0,"player_choice":"Inject Mutagens","damage_taken":0,"relics_obtained":["MutagenicStrength"],"max_hp_gain":0,"max_hp_loss":0,"event_name":"Drug Dealer","floor":22,"gold_loss":0},{"damage_healed":0,"gold_gain":75,"player_choice":"Touch","damage_taken":7,"max_hp_gain":0,"max_hp_loss":0,"event_name":"FaceTrader","floor":28,"gold_loss":0}],"is_beta":false,"boss_relics":[{"not_picked":["Astrolabe","Eternal Feather"],"picked":"White Beast Statue"}],"items_purged_floors":[],"is_endless":false,"potions_floor_spawned":[4,10,12,18,20,21,27,29],"killed_by":"Sentry and Sphere","ascension_level":2}