{"gold_per_floor":[119,119,119,219,94,94,127,127,127,139,157,157,157,170,170,274,274,287,2,2,14,14,14,29,29,29,29,46,46,63,74,74,74],"floor_reached":33,"playtime":1994,"items_purged":["Normality","Strike_B"],"score":381,"play_id":"dde2467f-c900-4cf1-870b-a323d7acf92b","local_time":"20190304230503","is_ascension_mode":true,"campfire_choices":[{"floor":6,"key":"REST"},{"data":"Zap","floor":8,"key":"SMITH"},{"data":"Blizzard","floor":15,"key":"SMITH"},{"floor":23,"key":"REST"},{"floor":25,"key":"REST"},{"floor":32,"key":"REST"}],"neow_cost":"CURSE","seed_source_timestamp":117712297831533,"circlet_count":0,"master_deck":["Strike_B","Strike_B","Defend_B","Defend_B","Defend_B+1","Defend_B","Zap+1","Coolheaded+1","Cold Snap","Coolheaded","Cold Snap","Blizzard+1","Seek","Metamorphosis","Writhe","Reinforced Body","Cold Snap","Cold Snap"],"relics":["Cracked Core","Bag of Preparation","Singing Bowl","Velvet Choker","Enchiridion","Blue Candle","Nloth\u0027s Gift"],"potions_floor_usage":[16,16,33,33],"damage_taken":[{"damage":4,"enemies":"2 Louse","floor":1,"turns":3},{"damage":14,"enemies":"3 Sentries","floor":7,"turns":13},{"damage":2,"enemies":"Small Slimes","floor":10,"turns":3},{"damage":0,"enemies":"Cultist","floor":11,"turns":3},{"damage":0,"enemies":"Large Slime","floor":14,"turns":5},{"damage":26,"enemies":"The Guardian","floor":16,"turns":10},{"damage":17,"enemies":"Chosen","floor":18,"turns":6},{"damage":20,"enemies":"2 Thieves","floor":21,"turns":4},{"damage":25,"enemies":"Centurion and Healer","floor":24,"turns":6},{"damage":0,"enemies":"Cultist and Chosen","floor":28,"turns":3},{"damage":0,"enemies":"Chosen and Byrds","floor":30,"turns":6},{"damage":23,"enemies":"Centurion and Healer","floor":31,"turns":6},{"damage":138,"enemies":"Automaton","floor":33,"turns":14}],"seed_played":"-4664975675314905508","potions_obtained":[{"floor":1,"key":"FairyPotion"},{"floor":10,"key":"Regen Potion"},{"floor":14,"key":"Explosive Potion"},{"floor":16,"key":"FearPotion"},{"floor":24,"key":"Strength Potion"}],"is_trial":false,"path_per_floor":["M","?","?","?","$","R","E","R","T","M","M","?","?","M","R","B",null,"M","$","?","M","?","R","M","R","T","?","M","?","M","M","R","B"],"character_chosen":"DEFECT","items_purchased":["Cold Snap","Metamorphosis"],"campfire_rested":4,"item_purchase_floors":[5,19],"current_hp_per_floor":[78,60,60,60,60,86,72,72,72,72,72,72,65,65,65,54,82,67,67,67,51,35,63,42,71,71,71,73,73,75,52,81,0],"gold":74,"neow_bonus":"TWENTY_PERCENT_HP_BONUS","is_prod":false,"is_daily":false,"chose_seed":false,"campfire_upgraded":2,"win_rate":0,"timestamp":1551762303,"path_taken":["M","?","?","?","$","R","E","R","T","?","M","?","?","M","R","BOSS","M","$","?","M","?","R","M","R","T","?","M","?","M","M","R","BOSS"],"build_version":"2019-01-23","purchased_purges":2,"victory":false,"max_hp_per_floor":[89,89,89,89,89,89,89,89,89,91,91,91,91,91,91,91,91,93,93,93,95,95,95,97,97,97,97,97,97,99,99,99,99],"card_choices":[{"not_picked":["Gash","BootSequence"],"picked":"Coolheaded","floor":1},{"not_picked":["Aggregate","All For One"],"picked":"Coolheaded","floor":7},{"not_picked":["Go for the Eyes","Streamline","Stack"],"picked":"Singing Bowl","floor":10},{"not_picked":["Beam Cell","Compile Driver"],"picked":"Cold Snap","floor":11},{"not_picked":["Turbo","Leap"],"picked":"Blizzard","floor":14},{"not_picked":["Reboot","All For One"],"picked":"Seek","floor":16},{"not_picked":["BootSequence+1","Conserve Battery+1","Stack+1"],"picked":"Singing Bowl","floor":18},{"not_picked":["Conserve Battery","Turbo","Multi-Cast"],"picked":"Singing Bowl","floor":21},{"not_picked":["BootSequence","Streamline","Rebound"],"picked":"Singing Bowl","floor":24},{"not_picked":["Lockon","Streamline+1"],"picked":"Cold Snap","floor":28},{"not_picked":["Chaos+1","Hologram","Aggregate"],"picked":"Singing Bowl","floor":30},{"not_picked":["Reinforced Body","Beam Cell+1"],"picked":"Cold Snap","floor":31}],"player_experience":1587879,"relics_obtained":[{"floor":7,"key":"Bag of Preparation"},{"floor":9,"key":"Singing Bowl"},{"floor":22,"key":"Enchiridion"},{"floor":26,"key":"Blue Candle"}],"event_choices":[{"damage_healed":0,"gold_gain":0,"player_choice":"Entered Light","damage_taken":18,"max_hp_gain":0,"max_hp_loss":0,"event_name":"Shining Light","floor":2,"gold_loss":0,"cards_upgraded":["Defend_B","Coolheaded"]},{"damage_healed":0,"gold_gain":0,"player_choice":"Ignored","damage_taken":0,"max_hp_gain":0,"max_hp_loss":0,"event_name":"Liars Game","floor":3,"gold_loss":0},{"damage_healed":0,"gold_gain":100,"player_choice":"Gold","damage_taken":0,"max_hp_gain":0,"max_hp_loss":0,"event_name":"Wheel of Change","floor":4,"gold_loss":0},{"cards_removed":["Dualcast"],"damage_healed":0,"gold_gain":0,"player_choice":"Forget","damage_taken":0,"max_hp_gain":0,"max_hp_loss":0,"event_name":"Living Wall","floor":12,"gold_loss":0},{"cards_removed":["Strike_B"],"damage_healed":0,"gold_gain":0,"player_choice":"Card Removal","damage_taken":7,"max_hp_gain":0,"max_hp_loss":0,"event_name":"Golden Wing","floor":13,"gold_loss":0},{"damage_healed":0,"gold_gain":0,"player_choice":"Opened","damage_taken":0,"relics_obtained":["Blood Vial"],"max_hp_gain":0,"max_hp_loss":0,"event_name":"The Mausoleum","floor":20,"gold_loss":0,"cards_obtained":["Writhe"]},{"damage_healed":0,"gold_gain":0,"player_choice":"Obtained Book","damage_taken":16,"max_hp_gain":0,"max_hp_loss":0,"event_name":"Cursed Tome","floor":22,"gold_loss":0},{"damage_healed":0,"gold_gain":0,"player_choice":"Read","damage_taken":0,"max_hp_gain":0,"max_hp_loss":0,"event_name":"The Library","floor":27,"gold_loss":0,"cards_obtained":["Reinforced Body"]},{"damage_healed":0,"gold_gain":0,"player_choice":"Traded Relic","damage_taken":0,"relics_obtained":["Nloth\u0027s Gift"],"max_hp_gain":0,"max_hp_loss":0,"event_name":"N\u0027loth","floor":29,"relics_lost":["Blood Vial"],"gold_loss":0}],"is_beta":false,"boss_relics":[{"not_picked":["Nuclear Battery","Pandora\u0027s Box"],"picked":"Velvet Choker"}],"items_purged_floors":[5,19],"is_endless":false,"potions_floor_spawned":[1,10,14,16,24],"killed_by":"Automaton","ascension_level":7}