{"gold_per_floor":[217,0,0,12,30,30,46,59,86,86,12,22,32,51,51,156,156,171,171,171,171,81,81,112,130,203,203],"floor_reached":27,"playtime":2329,"items_purged":["Strike_G"],"score":315,"play_id":"c8ff7c59-0251-4ee4-b752-bee7189526c2","local_time":"20190319222606","is_ascension_mode":true,"campfire_choices":[{"data":"Footwork","floor":6.0,"key":"SMITH"},{"data":"Survivor","floor":10.0,"key":"SMITH"},{"data":"Footwork","floor":15.0,"key":"SMITH"},{"data":"After Image","floor":23,"key":"SMITH"}],"neow_cost":"NONE","seed_source_timestamp":0,"circlet_count":0,"master_deck":["Defend_G","Defend_G","Defend_G","Defend_G","Defend_G","Strike_G","Strike_G","Survivor+1","Neutralize","Catalyst","Leg Sweep","Well Laid Plans","Cloak And Dagger","Footwork+1","Infinite Blades","Accuracy","Well Laid Plans","Footwork+1","After Image+1","PiercingWail+1","Malaise","Catalyst","Pain"],"special_seed":0,"relics":["Ring of the Snake","PreservedInsect","Cursed Key","Smiling Mask","Bottled Tornado"],"potions_floor_usage":[24,27],"damage_taken":[{"damage":0.0,"enemies":"Jaw Worm","floor":1.0,"turns":5.0},{"damage":1.0,"enemies":"Small Slimes","floor":4.0,"turns":6.0},{"damage":0.0,"enemies":"2 Louse","floor":5.0,"turns":6.0},{"damage":0.0,"enemies":"Blue Slaver","floor":7.0,"turns":7.0},{"damage":0.0,"enemies":"Lots of Slimes","floor":8.0,"turns":2.0},{"damage":3.0,"enemies":"Looter","floor":12.0,"turns":5.0},{"damage":1.0,"enemies":"Blue Slaver","floor":13.0,"turns":5.0},{"damage":0.0,"enemies":"3 Louse","floor":14.0,"turns":6.0},{"damage":55.0,"enemies":"Hexaghost","floor":16.0,"turns":17.0},{"damage":0,"enemies":"Shell Parasite","floor":18,"turns":9},{"damage":1,"enemies":"2 Thieves","floor":22,"turns":5},{"damage":31,"enemies":"Slavers","floor":24,"turns":14},{"damage":14,"enemies":"Shelled Parasite and Fungi","floor":25,"turns":13},{"damage":7,"enemies":"Centurion and Healer","floor":27,"turns":3}],"seed_played":"8670808508323476500","potions_obtained":[{"floor":1.0,"key":"AttackPotion"},{"floor":4.0,"key":"Fire Potion"},{"floor":5.0,"key":"SteroidPotion"},{"floor":12.0,"key":"GamblersBrew"},{"floor":18,"key":"GamblersBrew"},{"floor":24,"key":"GhostInAJar"}],"is_trial":false,"path_per_floor":["M","$","?","M","M","R","M","M","T","R","$","M","M","M","R","B",null,"M","?","?","?","M","R","E","M","T","M"],"character_chosen":"THE_SILENT","items_purchased":["Leg Sweep","Well Laid Plans","Accuracy"],"campfire_rested":0,"item_purchase_floors":[2,2,11],"current_hp_per_floor":[63,63,63,62,62,62,62,62,62,62,62,59,58,58,58,3,53,53,53,53,53,52,52,21,7,7,0],"gold":203,"neow_bonus":"HUNDRED_GOLD","is_prod":false,"is_daily":false,"chose_seed":false,"campfire_upgraded":4,"win_rate":0,"timestamp":1553052366,"path_taken":["M","$","?","M","M","R","M","M","T","R","$","M","M","M","R","BOSS","M","?","?","?","?","R","E","M","T","M"],"build_version":"2019-01-23","purchased_purges":1,"victory":false,"max_hp_per_floor":[70,70,70,70,70,70,70,70,70,70,70,70,70,70,70,70,70,70,70,70,70,70,70,70,70,70,70],"card_choices":[{"not_picked":["Bane","Poisoned Stab"],"picked":"Catalyst","floor":1.0},{"not_picked":["Flechettes","Dagger Throw"],"picked":"Cloak And Dagger","floor":4.0},{"not_picked":["Underhanded Strike","All Out Attack"],"picked":"Footwork","floor":5.0},{"not_picked":["Choke","Expertise","Underhanded Strike"],"picked":"SKIP","floor":7.0},{"not_picked":["PiercingWail","Eviscerate"],"picked":"Infinite Blades","floor":8.0},{"not_picked":["Distraction","Finisher"],"picked":"Well Laid Plans","floor":12.0},{"not_picked":["Sucker Punch","Backflip","Masterful Stab"],"picked":"SKIP","floor":13.0},{"not_picked":["Blade Dance","Acrobatics"],"picked":"Footwork","floor":14.0},{"not_picked":["Glass Knife","Malaise"],"picked":"After Image","floor":16.0},{"not_picked":["Dodge and Roll","Dagger Spray"],"picked":"PiercingWail+1","floor":18},{"not_picked":["Backflip","Expertise+1","Escape Plan"],"picked":"SKIP","floor":22},{"not_picked":["Prepared+1","Outmaneuver","All Out Attack"],"picked":"SKIP","floor":24},{"not_picked":["Sucker Punch","Expertise+1"],"picked":"Catalyst","floor":25}],"player_experience":1691458,"relics_obtained":[{"floor":9.0,"key":"PreservedInsect"},{"floor":24,"key":"Smiling Mask"},{"floor":26,"key":"Bottled Tornado"}],"event_choices":[{"damage_healed":0.0,"max_hp_gain":0.0,"max_hp_loss":0.0,"gold_gain":0.0,"event_name":"Liars Game","player_choice":"Ignored","floor":3.0,"gold_loss":0.0,"damage_taken":0.0},{"damage_healed":0,"gold_gain":0,"player_choice":"Ignored","damage_taken":0,"max_hp_gain":0,"max_hp_loss":0,"event_name":"Vampires","floor":19,"gold_loss":0},{"damage_healed":0,"gold_gain":0,"cards_transformed":["Strike_G","Strike_G"],"player_choice":"Became Test Subject","damage_taken":0,"max_hp_gain":0,"max_hp_loss":0,"event_name":"Drug Dealer","floor":20,"gold_loss":0,"cards_obtained":["Malaise","Underhanded Strike"]},{"cards_removed":["Underhanded Strike"],"damage_healed":0,"gold_gain":0,"player_choice":"Purged","damage_taken":0,"max_hp_gain":0,"max_hp_loss":0,"event_name":"Purifier","floor":21,"gold_loss":0}],"is_beta":false,"boss_relics":[{"not_picked":["Ring of the Serpent","Tiny House"],"picked":"Cursed Key"}],"items_purged_floors":[2],"is_endless":false,"potions_floor_spawned":[1,4,5,12,18,24],"killed_by":"Centurion and Healer","ascension_level":8}