{"gold_per_floor":[117,117,137,137,160,160,181,181,181,196,43,59,84,84,84,205,205,229,229,328,328],"floor_reached":21,"playtime":3011,"items_purged":[],"score":274,"play_id":"b5fc9c8f-613a-42a9-b7ec-a0cb46fdb0c7","local_time":"20190814194107","is_ascension_mode":true,"campfire_choices":[{"floor":6,"key":"REST"},{"floor":8,"key":"REST"},{"floor":15,"key":"REST"}],"neow_cost":"NONE","seed_source_timestamp":62164803425800,"circlet_count":0,"master_deck":["AscendersBane","Defend_B","Defend_B","Defend_B","Defend_B","Zap","Scrape","Streamline","Reinforced Body","Gash","Loop","Capacitor","Conserve Battery"],"relics":["Cracked Core","Golden Idol","The Courier","Medical Kit","Empty Cage"],"potions_floor_usage":[16,16,18],"damage_taken":[{"damage":7,"enemies":"Small Slimes","floor":1,"turns":3},{"damage":1,"enemies":"2 Louse","floor":3,"turns":2},{"damage":0,"enemies":"Cultist","floor":5,"turns":3},{"damage":16,"enemies":"Blue Slaver","floor":7,"turns":4},{"damage":10,"enemies":"Gremlin Gang","floor":10,"turns":5},{"damage":29,"enemies":"Lots of Slimes","floor":12,"turns":6},{"damage":8,"enemies":"Blue Slaver","floor":13,"turns":4},{"damage":16,"enemies":"The Guardian","floor":16,"turns":12},{"damage":56,"enemies":"3 Byrds","floor":18,"turns":9},{"damage":6,"enemies":"Chosen","floor":21,"turns":4}],"seed_played":"-9035543827318223045","potions_obtained":[{"floor":1,"key":"Fire Potion"},{"floor":10,"key":"EssenceOfSteel"},{"floor":13,"key":"Poison Potion"},{"floor":16,"key":"FearPotion"}],"is_trial":false,"path_per_floor":["M","?","M","?","M","R","M","R","T","M","$","M","M","?","R","B",null,"M","$","?","M"],"character_chosen":"DEFECT","items_purchased":["Medical Kit"],"campfire_rested":3,"item_purchase_floors":[11],"current_hp_per_floor":[61,43,42,35,35,57,41,63,63,53,53,24,16,16,38,22,62,6,6,6,0],"gold":328,"neow_bonus":"TRANSFORM_CARD","is_prod":false,"is_daily":false,"chose_seed":false,"campfire_upgraded":0,"win_rate":0,"timestamp":1565829667,"path_taken":["M","?","M","?","M","R","M","R","T","M","$","M","M","?","R","BOSS","M","$","?","M"],"build_version":"2019-07-17","purchased_purges":0,"victory":false,"max_hp_per_floor":[75,75,75,75,75,75,75,75,75,75,75,75,75,75,75,75,75,75,75,75,75],"card_choices":[{"not_picked":["Undo","Beam Cell"],"picked":"Streamline","floor":1},{"not_picked":["Redo","Go for the Eyes","Coolheaded"],"picked":"SKIP","floor":3},{"not_picked":["Barrage","Beam Cell"],"picked":"Reinforced Body","floor":5},{"not_picked":["Ball Lightning","Fission"],"picked":"Gash","floor":7},{"not_picked":["Hologram","Fusion","Blizzard"],"picked":"SKIP","floor":10},{"not_picked":["Barrage","Hologram","Ball Lightning"],"picked":"SKIP","floor":12},{"not_picked":["Sweeping Beam","Hologram"],"picked":"Loop","floor":13},{"not_picked":["Streamline","Coolheaded"],"picked":"Conserve Battery","floor":18}],"player_experience":2824514,"relics_obtained":[{"floor":9,"key":"The Courier"}],"event_choices":[{"damage_healed":0,"gold_gain":0,"player_choice":"Take Damage","damage_taken":18,"relics_obtained":["Golden Idol"],"max_hp_gain":0,"max_hp_loss":0,"event_name":"Golden Idol","floor":2,"gold_loss":0},{"cards_removed":["Strike_B"],"damage_healed":0,"gold_gain":0,"player_choice":"Card Removal","damage_taken":7,"max_hp_gain":0,"max_hp_loss":0,"event_name":"Golden Wing","floor":4,"gold_loss":0},{"damage_healed":0,"gold_gain":0,"cards_transformed":["Strike_B"],"player_choice":"Transformed","damage_taken":0,"max_hp_gain":0,"max_hp_loss":0,"event_name":"Transmorgrifier","floor":14,"gold_loss":0,"cards_obtained":["Capacitor"]},{"damage_healed":0,"gold_gain":99,"player_choice":"Stole From Cult","damage_taken":0,"max_hp_gain":0,"max_hp_loss":0,"event_name":"Nest","floor":20,"gold_loss":0}],"is_beta":false,"boss_relics":[{"not_picked":["Eternal Feather","Astrolabe"],"picked":"Empty Cage"}],"items_purged_floors":[],"is_endless":false,"potions_floor_spawned":[1,10,13,16],"killed_by":"Chosen","ascension_level":12}