{"gold_per_floor":[112,112,122,122,142,142,177,177,177,177,177,224,224,224,224,224],"floor_reached":16,"playtime":524,"items_purged":[],"score":96,"play_id":"b1141229-9bd0-4cf2-bd4b-14f701df43f3","local_time":"20190817192216","is_ascension_mode":false,"campfire_choices":[{"data":"Defragment","floor":6,"key":"SMITH"},{"floor":11,"key":"REST"},{"floor":13,"key":"DIG"},{"floor":15,"key":"REST"}],"neow_cost":"CURSE","seed_source_timestamp":200466817145008,"circlet_count":0,"master_deck":["Strike_B","Strike_B","Strike_B","Strike_B","Defend_B","Defend_B","Defend_B","Defend_B","Zap","Dualcast","Self Repair+1","Conserve Battery+1","Defragment+1","Tempest"],"relics":["Cracked Core","Girya","Shovel","Prayer Wheel","Dream Catcher","Gremlin Horn"],"potions_floor_usage":[16],"damage_taken":[{"damage":9,"enemies":"2 Louse","floor":1,"turns":3},{"damage":10,"enemies":"Jaw Worm","floor":3,"turns":3},{"damage":2,"enemies":"Cultist","floor":5,"turns":4},{"damage":62,"enemies":"Gremlin Nob","floor":7,"turns":5},{"damage":66,"enemies":"Slime Boss","floor":16,"turns":7}],"seed_played":"6469142242256492407","potions_obtained":[{"floor":3,"key":"Dexterity Potion"}],"is_trial":false,"path_per_floor":["M","?","M","?","M","R","E","?","T","?","R","T","R","?","R","B"],"character_chosen":"DEFECT","items_purchased":[],"campfire_rested":2,"item_purchase_floors":[],"current_hp_per_floor":[66,71,68,68,76,76,24,17,17,17,41,41,41,41,65,0],"gold":224,"neow_bonus":"ONE_RARE_RELIC","is_prod":false,"is_daily":false,"chose_seed":false,"campfire_upgraded":1,"win_rate":0.0,"timestamp":1566084136,"path_taken":["M","?","M","?","?","R","E","?","T","?","R","?","R","?","R","BOSS"],"build_version":"2019-07-17","purchased_purges":0,"victory":false,"max_hp_per_floor":[75,80,80,80,80,80,80,80,80,80,80,80,80,80,80,80],"card_choices":[{"not_picked":["Stack","Barrage"],"picked":"Self Repair","floor":1},{"not_picked":["White Noise","Static Discharge"],"picked":"Conserve Battery","floor":3},{"not_picked":["Chill","Go for the Eyes"],"picked":"Defragment","floor":5},{"not_picked":["Hologram","Coolheaded","Rainbow"],"picked":"SKIP","floor":7},{"not_picked":["Darkness","Beam Cell"],"picked":"Tempest","floor":15}],"player_experience":111750,"relics_obtained":[{"floor":7,"key":"Shovel"},{"floor":9,"key":"Prayer Wheel"},{"floor":12,"key":"Dream Catcher"},{"floor":13,"key":"Gremlin Horn"}],"event_choices":[{"damage_healed":0,"gold_gain":0,"player_choice":"Donut","damage_taken":0,"max_hp_gain":5,"max_hp_loss":0,"event_name":"Big Fish","floor":2,"gold_loss":0},{"damage_healed":0,"gold_gain":0,"player_choice":"Upgraded","damage_taken":0,"max_hp_gain":0,"max_hp_loss":0,"event_name":"Upgrade Shrine","floor":4,"gold_loss":0,"cards_upgraded":["Self Repair"]},{"cards_removed":["Regret"],"damage_healed":0,"gold_gain":0,"player_choice":"Card Removal","damage_taken":7,"max_hp_gain":0,"max_hp_loss":0,"event_name":"Golden Wing","floor":8,"gold_loss":0},{"damage_healed":0,"gold_gain":0,"player_choice":"Fled","damage_taken":0,"max_hp_gain":0,"max_hp_loss":0,"event_name":"Scrap Ooze","floor":10,"gold_loss":0},{"damage_healed":0,"gold_gain":0,"player_choice":"Forge","damage_taken":0,"max_hp_gain":0,"max_hp_loss":0,"event_name":"Accursed Blacksmith","floor":14,"gold_loss":0,"cards_upgraded":["Conserve Battery"]}],"is_beta":false,"boss_relics":[],"items_purged_floors":[],"is_endless":false,"potions_floor_spawned":[3],"killed_by":"Slime Boss","ascension_level":0}