{"gold_per_floor":[114,114,39,49,49,49,14,40,40,50,50,50,50,125,125,221,221,234,247,247,279,179,179,196,196,196,133,164,176,188,215,227,239],"floor_reached":33,"playtime":1635,"items_purged":["Dualcast","Writhe"],"score":426,"play_id":"720cfc5d-79ba-427d-aa40-e050863c5a4a","local_time":"20190813221908","is_ascension_mode":true,"campfire_choices":[{"data":"Zap","floor":6,"key":"SMITH"},{"data":"Chill","floor":11,"key":"SMITH"},{"data":"FTL","floor":13,"key":"SMITH"},{"data":"Conserve Battery","floor":15,"key":"SMITH"},{"floor":23,"key":"REST"},{"floor":25,"key":"REST"},{"floor":29,"key":"REST"},{"floor":32,"key":"REST"}],"neow_cost":"NONE","seed_source_timestamp":941309908416400,"circlet_count":0,"master_deck":["AscendersBane","Strike_B","Strike_B","Strike_B+1","Defend_B+1","Defend_B","Defend_B","Defend_B","Zap+1","Cold Snap","Conserve Battery+1","Chill+1","FTL+1","Core Surge","Capacitor","Glacier+1","Self Repair+1","Auto Shields"],"relics":["Cracked Core","NeowsBlessing","Mercury Hourglass","Ornamental Fan","Juzu Bracelet","Lizard Tail","Bag of Marbles","Red Mask","MawBank","Letter Opener"],"potions_floor_usage":[33,33],"damage_taken":[{"damage":0,"enemies":"Jaw Worm","floor":1,"turns":1},{"damage":0,"enemies":"2 Louse","floor":4,"turns":1},{"damage":0,"enemies":"Gremlin Nob","floor":8,"turns":1},{"damage":0,"enemies":"Small Slimes","floor":10,"turns":3},{"damage":22,"enemies":"The Guardian","floor":16,"turns":16},{"damage":3,"enemies":"Spheric Guardian","floor":18,"turns":3},{"damage":15,"enemies":"2 Thieves","floor":19,"turns":5},{"damage":51,"enemies":"Masked Bandits","floor":21,"turns":7},{"damage":19,"enemies":"Cultist and Chosen","floor":24,"turns":8},{"damage":20,"enemies":"3 Cultists","floor":28,"turns":9},{"damage":4,"enemies":"Snecko","floor":31,"turns":7},{"damage":141,"enemies":"Automaton","floor":33,"turns":16}],"seed_played":"8519627820194071098","potions_obtained":[{"floor":1,"key":"Swift Potion"},{"floor":4,"key":"GamblersBrew"},{"floor":10,"key":"Swift Potion"},{"floor":16,"key":"Dexterity Potion"},{"floor":28,"key":"SkillPotion"},{"floor":31,"key":"LiquidBronze"}],"is_trial":false,"path_per_floor":["M","?","$","M","?","R","?","E","T","M","R","?","R","?","R","B",null,"M","M","?","?","$","R","M","R","T","?","M","R","T","M","R","B"],"character_chosen":"DEFECT","items_purchased":[],"campfire_rested":4,"item_purchase_floors":[],"current_hp_per_floor":[68,73,73,73,57,57,77,77,77,77,77,77,77,66,66,44,71,68,53,53,2,2,26,7,31,31,31,21,45,45,51,75,0],"gold":239,"neow_bonus":"THREE_ENEMY_KILL","is_prod":false,"is_daily":false,"chose_seed":false,"campfire_upgraded":4,"win_rate":0,"timestamp":1565752748,"path_taken":["M","?","$","M","?","R","?","E","T","M","R","?","R","?","R","BOSS","M","M","?","?","$","R","M","R","T","?","M","R","?","M","R","BOSS"],"build_version":"2019-07-17","purchased_purges":2,"victory":false,"max_hp_per_floor":[75,80,80,80,80,80,80,80,80,80,80,80,80,80,80,80,80,80,80,80,80,80,80,80,80,80,80,80,80,80,80,80,80],"card_choices":[{"not_picked":["Blizzard","Skim"],"picked":"Cold Snap","floor":1},{"not_picked":["Consume","Redo"],"picked":"Conserve Battery","floor":4},{"not_picked":["Turbo","Fission"],"picked":"Chill","floor":8},{"not_picked":["Rebound","Sweeping Beam"],"picked":"FTL","floor":10},{"not_picked":["Creative AI","Fission"],"picked":"Core Surge","floor":16},{"not_picked":["Glacier","Stack"],"picked":"Capacitor","floor":18},{"not_picked":["White Noise","Redo"],"picked":"Glacier+1","floor":19},{"not_picked":["Auto Shields+1","Fusion"],"picked":"Self Repair+1","floor":24},{"not_picked":["Leap","Hologram"],"picked":"Auto Shields","floor":28},{"not_picked":["Genetic Algorithm","Leap","Hologram"],"picked":"SKIP","floor":31}],"player_experience":2822879,"relics_obtained":[{"floor":8,"key":"Mercury Hourglass"},{"floor":9,"key":"Ornamental Fan"},{"floor":21,"key":"Red Mask"},{"floor":26,"key":"MawBank"},{"floor":30,"key":"Letter Opener"}],"event_choices":[{"damage_healed":0,"gold_gain":0,"player_choice":"Donut","damage_taken":0,"max_hp_gain":5,"max_hp_loss":0,"event_name":"Big Fish","floor":2,"gold_loss":0},{"damage_healed":0,"gold_gain":0,"player_choice":"Entered Light","damage_taken":16,"max_hp_gain":0,"max_hp_loss":0,"event_name":"Shining Light","floor":5,"gold_loss":0,"cards_upgraded":["Defend_B","Strike_B"]},{"damage_healed":20,"gold_gain":0,"player_choice":"Healed","damage_taken":0,"max_hp_gain":0,"max_hp_loss":0,"event_name":"The Cleric","floor":7,"gold_loss":35},{"damage_healed":0,"gold_gain":0,"player_choice":"Gave Potion","damage_taken":0,"relics_obtained":["Juzu Bracelet"],"max_hp_gain":0,"max_hp_loss":0,"event_name":"WeMeetAgain","floor":12,"gold_loss":0},{"damage_healed":0,"gold_gain":75,"player_choice":"Gather Gold","damage_taken":11,"max_hp_gain":0,"max_hp_loss":0,"event_name":"World of Goop","floor":14,"gold_loss":0},{"damage_healed":0,"gold_gain":0,"player_choice":"Opened","damage_taken":0,"relics_obtained":["Bag of Marbles"],"max_hp_gain":0,"max_hp_loss":0,"event_name":"The Mausoleum","floor":20,"gold_loss":0,"cards_obtained":["Writhe"]},{"damage_healed":0,"gold_gain":0,"player_choice":"Fought Bandits","damage_taken":0,"max_hp_gain":0,"max_hp_loss":0,"event_name":"Masked Bandits","floor":21,"gold_loss":0},{"cards_removed":["Strike_B"],"damage_healed":0,"gold_gain":0,"player_choice":"Gave Gold","damage_taken":0,"max_hp_gain":0,"max_hp_loss":0,"event_name":"Beggar","floor":27,"gold_loss":75}],"is_beta":false,"boss_relics":[{"not_picked":["Philosopher\u0027s Stone","Tiny House"],"picked":"Lizard Tail"}],"items_purged_floors":[3,22],"is_endless":false,"potions_floor_spawned":[1,4,10,16,18,28,31],"killed_by":"Automaton","ascension_level":12}