{"gold_per_floor":[116,116,116,137,162,162,10,10,35,35,110,144,159,159],"floor_reached":14,"playtime":421,"items_purged":["Dualcast"],"score":117,"play_id":"8a224a36-e3c4-433c-91d2-64254a855ee6","local_time":"20190728101001","is_ascension_mode":true,"campfire_choices":[{"floor":6,"key":"REST"},{"data":"Blizzard","floor":10,"key":"SMITH"}],"neow_cost":"NONE","seed_source_timestamp":1417757234572365,"circlet_count":0,"master_deck":["AscendersBane","Strike_B","Strike_B","Strike_B","Strike_B","Defend_B","Defend_B","Defend_B","Defend_B","Zap","Blizzard+1","Loop","Cold Snap","Coolheaded","Reinforced Body"],"relics":["Cracked Core","Juzu Bracelet","Golden Idol","Bronze Scales","Odd Mushroom"],"potions_floor_usage":[],"damage_taken":[{"damage":5,"enemies":"Cultist","floor":1,"turns":4},{"damage":7,"enemies":"2 Louse","floor":4,"turns":3},{"damage":9,"enemies":"Jaw Worm","floor":5,"turns":5},{"damage":34,"enemies":"The Mushroom Lair","floor":12,"turns":5},{"damage":13,"enemies":"3 Louse","floor":13,"turns":4},{"damage":5,"enemies":"Lots of Slimes","floor":14,"turns":1}],"seed_played":"2063694921597550363","potions_obtained":[{"floor":5,"key":"SpeedPotion"},{"floor":13,"key":"Poison Potion"}],"is_trial":false,"path_per_floor":["M","?","?","M","M","R","$","?","T","R","?","?","M","M"],"character_chosen":"DEFECT","items_purchased":["Cold Snap","Coolheaded"],"campfire_rested":1,"item_purchase_floors":[7,7],"current_hp_per_floor":[63,45,50,43,34,58,58,58,58,58,50,16,3,0],"gold":159,"neow_bonus":"RANDOM_COMMON_RELIC","is_prod":false,"is_daily":false,"chose_seed":false,"campfire_upgraded":1,"win_rate":0,"timestamp":1564326601,"path_taken":["M","?","?","M","M","R","$","?","T","R","?","?","M","M"],"build_version":"2019-07-17","purchased_purges":1,"victory":false,"max_hp_per_floor":[75,75,80,80,80,80,80,80,80,80,80,80,80,80],"card_choices":[{"not_picked":["Ball Lightning","Double Energy","Reprogram"],"picked":"SKIP","floor":1},{"not_picked":["Self Repair","Coolheaded"],"picked":"Blizzard","floor":4},{"not_picked":["Turbo","Hologram"],"picked":"Loop","floor":5},{"not_picked":["Chaos","Multi-Cast"],"picked":"Reinforced Body","floor":13}],"player_experience":2550777,"relics_obtained":[{"floor":9,"key":"Bronze Scales"},{"floor":12,"key":"Odd Mushroom"}],"event_choices":[{"damage_healed":0,"gold_gain":0,"player_choice":"Take Damage","damage_taken":18,"relics_obtained":["Golden Idol"],"max_hp_gain":0,"max_hp_loss":0,"event_name":"Golden Idol","floor":2,"gold_loss":0},{"damage_healed":0,"gold_gain":0,"player_choice":"Donut","damage_taken":0,"max_hp_gain":5,"max_hp_loss":0,"event_name":"Big Fish","floor":3,"gold_loss":0},{"damage_healed":0,"gold_gain":0,"player_choice":"Ignored","damage_taken":0,"max_hp_gain":0,"max_hp_loss":0,"event_name":"Liars Game","floor":8,"gold_loss":0},{"damage_healed":0,"gold_gain":75,"player_choice":"Touch","damage_taken":8,"max_hp_gain":0,"max_hp_loss":0,"event_name":"FaceTrader","floor":11,"gold_loss":0},{"damage_healed":0,"gold_gain":0,"player_choice":"Fought Mushrooms","damage_taken":0,"max_hp_gain":0,"max_hp_loss":0,"event_name":"Mushrooms","floor":12,"gold_loss":0}],"is_beta":false,"boss_relics":[],"items_purged_floors":[7],"is_endless":false,"potions_floor_spawned":[5,13],"killed_by":"Lots of Slimes","ascension_level":10}