{"gold_per_floor":[112,124,124,137,154,154,167,197,197,197,197,122,136,36,36,36],"floor_reached":16,"playtime":918,"items_purged":["Defend_G","Injury"],"score":102,"play_id":"f0ee93cf-5103-4bdf-8aec-ce2afe235d01","local_time":"20181111183354","is_ascension_mode":false,"campfire_choices":[{"data":"Cloak And Dagger","floor":6,"key":"SMITH"},{"floor":10,"key":"REST"},{"floor":15,"key":"REST"}],"neow_cost":"NONE","seed_source_timestamp":2833466833072414,"circlet_count":0,"master_deck":["Defend_G","Defend_G","Defend_G","Defend_G","Strike_G","Strike_G","Strike_G","Strike_G","Strike_G","Survivor","Neutralize","Cloak And Dagger+1","Adrenaline"],"relics":["Cursed Key","Molten Egg 2","Potion Belt","Ancient Tea Set","Golden Idol"],"potions_floor_usage":[8,16],"damage_taken":[{"damage":3,"enemies":"Small Slimes","floor":1,"turns":5},{"damage":1,"enemies":"Cultist","floor":2,"turns":4},{"damage":0,"enemies":"2 Louse","floor":4,"turns":2},{"damage":4,"enemies":"Large Slime","floor":5,"turns":10},{"damage":13,"enemies":"3 Louse","floor":7,"turns":3},{"damage":4,"enemies":"3 Sentries","floor":8,"turns":10},{"damage":0,"enemies":"Red Slaver","floor":13,"turns":4},{"damage":72,"enemies":"The Guardian","floor":16,"turns":14}],"seed_played":"-6857257875455665574","potions_obtained":[{"floor":2,"key":"Regen Potion"},{"floor":7,"key":"Dexterity Potion"},{"floor":13,"key":"Explosive Potion"}],"is_trial":false,"path_per_floor":["M","M","?","M","M","R","M","E","T","R","?","$","M","$","R","B"],"character_chosen":"THE_SILENT","items_purchased":[],"campfire_rested":2,"item_purchase_floors":[],"current_hp_per_floor":[67,66,66,66,62,62,49,45,45,66,49,49,49,49,70,0],"gold":36,"neow_bonus":"BOSS_RELIC","is_prod":false,"is_daily":false,"chose_seed":false,"campfire_upgraded":1,"win_rate":0.0,"timestamp":1541982834,"path_taken":["M","M","?","?","M","R","M","E","T","R","?","$","M","$","R","BOSS"],"build_version":"2018-11-08","purchased_purges":2,"victory":false,"max_hp_per_floor":[70,70,70,70,70,70,70,70,70,70,70,70,70,70,70,70],"card_choices":[{"not_picked":["Acrobatics","Deflect","Outmaneuver"],"picked":"SKIP","floor":1},{"not_picked":["Quick Slash","Crippling Poison"],"picked":"Cloak And Dagger","floor":2},{"not_picked":["Backflip","Bane+1","Underhanded Strike+1"],"picked":"SKIP","floor":4},{"not_picked":["Deadly Poison","Sucker Punch+1","Outmaneuver"],"picked":"SKIP","floor":5},{"not_picked":["Dodge and Roll","Dagger Throw+1","Outmaneuver"],"picked":"SKIP","floor":7},{"not_picked":["Finisher+1","Tools of the Trade"],"picked":"Adrenaline","floor":8},{"not_picked":["Prepared","Underhanded Strike+1","Quick Slash+1"],"picked":"SKIP","floor":13},{"not_picked":["Prepared","Underhanded Strike+1","Quick Slash+1"],"picked":"SKIP","floor":13}],"player_experience":143962,"relics_obtained":[{"floor":8,"key":"Potion Belt"},{"floor":9,"key":"Ancient Tea Set"}],"event_choices":[{"damage_healed":0,"gold_gain":0,"player_choice":"Gave Potion","damage_taken":0,"relics_obtained":["Molten Egg 2"],"max_hp_gain":0,"max_hp_loss":0,"event_name":"WeMeetAgain","floor":3,"gold_loss":0},{"damage_healed":0,"gold_gain":0,"player_choice":"Take Damage","damage_taken":17,"relics_obtained":["Golden Idol"],"max_hp_gain":0,"max_hp_loss":0,"event_name":"Golden Idol","floor":11,"gold_loss":0}],"is_beta":false,"boss_relics":[],"items_purged_floors":[12,14],"is_endless":false,"potions_floor_spawned":[2,7,13],"killed_by":"The Guardian","ascension_level":0}