{"gold_per_floor":[118,133,133,133,145,175,175,192,218,218,230,230,305,315,315,416,416,434,447,447],"floor_reached":20,"playtime":2088,"items_purged":[],"score":246,"play_id":"864aff94-f3fa-4a1a-8c2c-660116b144cb","local_time":"20190507193336","is_ascension_mode":true,"campfire_choices":[{"data":"Zap","floor":10,"key":"SMITH"},{"data":"Tempest","floor":12,"key":"SMITH"},{"data":"Glacier","floor":15,"key":"SMITH"}],"neow_cost":"NONE","seed_source_timestamp":309026868710989,"circlet_count":0,"master_deck":["Strike_B","Strike_B+1","Strike_B","Strike_B","Defend_B+1","Defend_B","Defend_B","Defend_B","Zap+1","Tempest+1","Glacier+1","Self Repair","Capacitor","Pain","BootSequence","Echo Form","Capacitor"],"relics":["Cracked Core","Strawberry","Boot","WarpedTongs","Regal Pillow","Cursed Key"],"potions_floor_usage":[6,16,16],"damage_taken":[{"damage":0,"enemies":"Cultist","floor":1,"turns":4},{"damage":0,"enemies":"2 Louse","floor":2,"turns":4},{"damage":1,"enemies":"Small Slimes","floor":5,"turns":4},{"damage":11,"enemies":"Lagavulin","floor":6,"turns":9},{"damage":3,"enemies":"Red Slaver","floor":8,"turns":4},{"damage":3,"enemies":"2 Fungi Beasts","floor":11,"turns":5},{"damage":4,"enemies":"Looter","floor":14,"turns":4},{"damage":45,"enemies":"Hexaghost","floor":16,"turns":12},{"damage":8,"enemies":"Chosen","floor":18,"turns":4},{"damage":6,"enemies":"3 Byrds","floor":19,"turns":6},{"damage":77,"enemies":"Masked Bandits","floor":20,"turns":4}],"seed_played":"5565226004581223867","potions_obtained":[{"floor":1,"key":"FairyPotion"},{"floor":2,"key":"SpeedPotion"},{"floor":5,"key":"SteroidPotion"},{"floor":6,"key":"Dexterity Potion"},{"floor":14,"key":"Poison Potion"}],"is_trial":false,"path_per_floor":["M","M","?","?","M","E","?","M","T","R","M","R","?","M","R","B",null,"M","M","?"],"character_chosen":"DEFECT","items_purchased":[],"campfire_rested":0,"item_purchase_floors":[],"current_hp_per_floor":[68,68,53,53,52,48,48,52,52,52,56,56,45,48,48,10,64,56,64,0],"gold":447,"neow_bonus":"TRANSFORM_CARD","is_prod":false,"is_daily":false,"chose_seed":false,"campfire_upgraded":3,"win_rate":0,"timestamp":1557275616,"path_taken":["M","?","?","?","M","E","?","?","T","R","M","R","?","M","R","BOSS","M","M","?"],"build_version":"2019-01-23","purchased_purges":0,"victory":false,"max_hp_per_floor":[75,75,75,82,82,82,82,82,82,82,82,82,82,82,82,82,82,82,82,82],"card_choices":[{"not_picked":["Auto Shields","Go for the Eyes"],"picked":"Glacier","floor":1},{"not_picked":["Turbo","Streamline","Darkness"],"picked":"SKIP","floor":2},{"not_picked":["Melter","Turbo"],"picked":"Self Repair","floor":5},{"not_picked":["Turbo","Skim"],"picked":"Capacitor","floor":6},{"not_picked":["Reprogram","Rip and Tear","Static Discharge"],"picked":"SKIP","floor":8},{"not_picked":["Stack","Aggregate"],"picked":"BootSequence","floor":11},{"not_picked":["Barrage","Turbo","Scrape"],"picked":"SKIP","floor":14},{"not_picked":["Amplify","All For One"],"picked":"Echo Form","floor":16},{"not_picked":["Turbo","Cold Snap"],"picked":"Capacitor","floor":18},{"not_picked":["Coolheaded","Rebound+1","Ball Lightning"],"picked":"SKIP","floor":19}],"player_experience":1906491,"relics_obtained":[{"floor":6,"key":"Boot"},{"floor":9,"key":"Regal Pillow"}],"event_choices":[{"damage_healed":0,"gold_gain":0,"player_choice":"Entered Light","damage_taken":15,"max_hp_gain":0,"max_hp_loss":0,"event_name":"Shining Light","floor":3,"gold_loss":0,"cards_upgraded":["Strike_B","Defend_B"]},{"damage_healed":0,"gold_gain":0,"player_choice":"Success","damage_taken":7,"relics_obtained":["Strawberry"],"max_hp_gain":0,"max_hp_loss":0,"event_name":"Scrap Ooze","floor":4,"gold_loss":0},{"damage_healed":0,"gold_gain":0,"player_choice":"Rummage","damage_taken":0,"relics_obtained":["WarpedTongs"],"max_hp_gain":0,"max_hp_loss":0,"event_name":"Accursed Blacksmith","floor":7,"gold_loss":0,"cards_obtained":["Pain"]},{"damage_healed":0,"gold_gain":75,"player_choice":"Gather Gold","damage_taken":11,"max_hp_gain":0,"max_hp_loss":0,"event_name":"World of Goop","floor":13,"gold_loss":0},{"damage_healed":0,"gold_gain":0,"player_choice":"Fought Bandits","damage_taken":0,"max_hp_gain":0,"max_hp_loss":0,"event_name":"Masked Bandits","floor":20,"gold_loss":0}],"is_beta":false,"boss_relics":[{"not_picked":["Ectoplasm","Runic Pyramid"],"picked":"Cursed Key"}],"items_purged_floors":[],"is_endless":false,"potions_floor_spawned":[1,2,5,6,14],"killed_by":"Masked Bandits","ascension_level":8}