{"gold_per_floor":[110,110,127,138,138,138,138,178,246,261,261,4,18,33,33,33],"floor_reached":16,"playtime":735,"items_purged":[],"score":163,"play_id":"a3a44e2a-9389-497a-91b4-196c327290a1","local_time":"20190830084453","is_ascension_mode":true,"campfire_choices":[{"data":"Searing Blow+1","floor":6,"key":"SMITH"},{"data":"Searing Blow+2","floor":11,"key":"SMITH"},{"data":"Searing Blow+3","floor":15,"key":"SMITH"}],"neow_cost":"NONE","seed_source_timestamp":64833660678400,"circlet_count":0,"master_deck":["AscendersBane","Strike_R","Strike_R","Strike_R","Strike_R","Defend_R","Defend_R","Defend_R","Defend_R","Bash","Searing Blow+4","Immolate","Fiend Fire"],"relics":["Burning Blood","Golden Idol","Potion Belt","Matryoshka","Sundial"],"potions_floor_usage":[8,8,16],"damage_taken":[{"damage":0,"enemies":"2 Louse","floor":1,"turns":3},{"damage":2,"enemies":"Jaw Worm","floor":3,"turns":3},{"damage":15,"enemies":"Small Slimes","floor":4,"turns":3},{"damage":21,"enemies":"3 Sentries","floor":8,"turns":7},{"damage":9,"enemies":"Red Slaver","floor":10,"turns":3},{"damage":0,"enemies":"3 Louse","floor":13,"turns":1},{"damage":26,"enemies":"Gremlin Gang","floor":14,"turns":5},{"damage":63,"enemies":"Slime Boss","floor":16,"turns":7}],"seed_played":"8087344803254256376","potions_obtained":[{"floor":1,"key":"Dexterity Potion"},{"floor":4,"key":"EssenceOfSteel"},{"floor":10,"key":"BloodPotion"}],"is_trial":false,"path_per_floor":["M","?","M","M","?","R","?","E","T","M","R","$","M","M","R","B"],"character_chosen":"IRONCLAD","items_purchased":["Sundial"],"campfire_rested":0,"item_purchase_floors":[12],"current_hp_per_floor":[86,86,88,79,57,57,57,42,42,39,39,39,45,25,25,0],"gold":33,"neow_bonus":"TEN_PERCENT_HP_BONUS","is_prod":false,"is_daily":false,"chose_seed":false,"campfire_upgraded":3,"win_rate":0,"timestamp":1567122293,"path_taken":["M","?","M","M","?","R","?","E","T","M","R","$","M","?","R","BOSS"],"build_version":"2019-07-17","purchased_purges":0,"victory":false,"max_hp_per_floor":[88,88,88,88,88,88,88,88,88,88,88,88,88,88,88,88],"card_choices":[{"not_picked":["Clothesline","Warcry"],"picked":"Searing Blow","floor":1},{"not_picked":["Rupture","Thunderclap","Fire Breathing"],"picked":"SKIP","floor":3},{"not_picked":["Body Slam","Uppercut","Perfected Strike"],"picked":"SKIP","floor":4},{"not_picked":["Clash","Bloodletting","Iron Wave"],"picked":"SKIP","floor":8},{"not_picked":["Cleave","Havoc"],"picked":"Fiend Fire","floor":10},{"not_picked":["Flame Barrier","Armaments","Sentinel"],"picked":"SKIP","floor":13},{"not_picked":["Body Slam","Fire Breathing","Twin Strike"],"picked":"SKIP","floor":14}],"player_experience":490990,"relics_obtained":[{"floor":8,"key":"Potion Belt"},{"floor":9,"key":"Matryoshka"}],"event_choices":[{"damage_healed":0,"gold_gain":0,"player_choice":"Grow","damage_taken":0,"max_hp_gain":0,"max_hp_loss":0,"event_name":"Living Wall","floor":2,"gold_loss":0,"cards_upgraded":["Searing Blow"]},{"damage_healed":0,"gold_gain":0,"player_choice":"Take Damage","damage_taken":22,"relics_obtained":["Golden Idol"],"max_hp_gain":0,"max_hp_loss":0,"event_name":"Golden Idol","floor":5,"gold_loss":0},{"damage_healed":0,"gold_gain":0,"cards_transformed":["Strike_R"],"player_choice":"Transformed","damage_taken":0,"max_hp_gain":0,"max_hp_loss":0,"event_name":"Transmorgrifier","floor":7,"gold_loss":0,"cards_obtained":["Immolate"]}],"is_beta":false,"boss_relics":[],"items_purged_floors":[],"is_endless":false,"potions_floor_spawned":[1,4,10],"killed_by":"Slime Boss","ascension_level":12}