{"gold_per_floor":[114,114,114,133,19,50,50,23,71,71,95,119,119,137,137,261,261,229,229,26,51,51,51,66,66,66,82,106,56,56,56],"floor_reached":31,"playtime":1342,"items_purged":["Defend_B"],"score":273,"play_id":"a81bf50a-b42d-480c-b108-8382d1f42762","local_time":"20190821191414","is_ascension_mode":true,"campfire_choices":[{"data":"Consume","floor":7,"key":"SMITH"},{"floor":15,"key":"REST"},{"floor":23,"key":"REST"},{"data":"Fusion","floor":25,"key":"SMITH"}],"neow_cost":"NONE","seed_source_timestamp":544793499567662,"circlet_count":0,"master_deck":["Strike_B+1","Strike_B+1","Strike_B+1","Defend_B+1","Defend_B+1","Defend_B+1","Zap","Dualcast","Beam Cell","Steam","Consume+1","Hello World+1","Compile Driver","Redo","Fusion+1","Echo Form","Leap","Cold Snap","Streamline","White Noise+1"],"relics":["FrozenCore","NeowsBlessing","Golden Idol","Du-Vu Doll","Dream Catcher","ClockworkSouvenir","Thread and Needle"],"potions_floor_usage":[16,16,24],"damage_taken":[{"damage":0,"enemies":"Jaw Worm","floor":1,"turns":1},{"damage":0,"enemies":"Cultist","floor":4,"turns":1},{"damage":0,"enemies":"3 Sentries","floor":6,"turns":1},{"damage":11,"enemies":"Small Slimes","floor":11,"turns":3},{"damage":17,"enemies":"Exordium Wildlife","floor":12,"turns":4},{"damage":0,"enemies":"Blue Slaver","floor":14,"turns":3},{"damage":24,"enemies":"Slime Boss","floor":16,"turns":8},{"damage":37,"enemies":"2 Thieves","floor":18,"turns":5},{"damage":0,"enemies":"Chosen","floor":21,"turns":5},{"damage":2,"enemies":"Sentry and Sphere","floor":24,"turns":10},{"damage":0,"enemies":"Snake Plant","floor":27,"turns":7},{"damage":37,"enemies":"3 Cultists","floor":28,"turns":7},{"damage":0,"enemies":"Centurion and Healer","floor":31,"turns":1}],"seed_played":"3979771440038075730","potions_obtained":[{"floor":1,"key":"FearPotion"},{"floor":11,"key":"FocusPotion"},{"floor":12,"key":"PowerPotion"},{"floor":16,"key":"Fire Potion"},{"floor":18,"key":"Swift Potion"},{"floor":22,"key":"Explosive Potion"},{"floor":22,"key":"Regen Potion"},{"floor":27,"key":"PowerPotion"}],"is_trial":false,"path_per_floor":["M","?","?","M","$","E","R","$","T","?","M","M","?","M","R","B",null,"M","?","$","M","?","R","M","R","T","M","M","?","$","M"],"character_chosen":"DEFECT","items_purchased":["Hello World","Redo","ClockworkSouvenir"],"campfire_rested":2,"item_purchase_floors":[5,8,20],"current_hp_per_floor":[75,57,57,57,57,57,57,57,57,57,46,29,29,29,51,27,75,38,38,38,38,38,60,72,72,72,72,35,35,35,35],"gold":56,"neow_bonus":"THREE_ENEMY_KILL","is_prod":false,"is_daily":false,"chose_seed":false,"campfire_upgraded":2,"win_rate":0,"timestamp":1566429254,"path_taken":["M","?","?","?","$","E","R","$","T","?","M","M","?","M","R","BOSS","M","?","$","M","?","R","M","R","T","M","?","?","$","?"],"build_version":"2019-07-17","purchased_purges":1,"victory":false,"max_hp_per_floor":[75,75,75,75,75,75,75,75,75,75,75,75,75,75,75,75,75,75,75,75,75,75,75,75,75,75,75,75,75,75,75],"card_choices":[{"not_picked":["Tempest","Auto Shields"],"picked":"Beam Cell","floor":1},{"not_picked":["Leap","Redo"],"picked":"Consume","floor":4},{"not_picked":["Rainbow","Go for the Eyes"],"picked":"Compile Driver","floor":6},{"not_picked":["FTL","Tempest","Barrage"],"picked":"SKIP","floor":11},{"not_picked":["Steam","Rebound","Steam Power"],"picked":"SKIP","floor":12},{"not_picked":["Turbo","Streamline"],"picked":"Fusion","floor":14},{"not_picked":["Amplify","All For One"],"picked":"Echo Form","floor":16},{"not_picked":["Beam Cell","Hologram"],"picked":"Leap","floor":18},{"not_picked":["Compile Driver","Coolheaded"],"picked":"Cold Snap","floor":21},{"not_picked":["Ball Lightning","Compile Driver+1"],"picked":"Streamline","floor":24},{"not_picked":["Hologram+1","Skim"],"picked":"White Noise+1","floor":27},{"not_picked":["Turbo","Biased Cognition","Streamline"],"picked":"SKIP","floor":28}],"player_experience":154240,"relics_obtained":[{"floor":6,"key":"Du-Vu Doll"},{"floor":9,"key":"Dream Catcher"},{"floor":26,"key":"Thread and Needle"}],"event_choices":[{"damage_healed":0,"gold_gain":0,"player_choice":"Take Damage","damage_taken":18,"relics_obtained":["Golden Idol"],"max_hp_gain":0,"max_hp_loss":0,"event_name":"Golden Idol","floor":2,"gold_loss":0},{"damage_healed":0,"gold_gain":0,"cards_transformed":["Strike_B"],"player_choice":"Transformed","damage_taken":0,"max_hp_gain":0,"max_hp_loss":0,"event_name":"Transmorgrifier","floor":3,"gold_loss":0,"cards_obtained":["Steam"]},{"damage_healed":0,"gold_gain":0,"player_choice":"Grow","damage_taken":0,"max_hp_gain":0,"max_hp_loss":0,"event_name":"Living Wall","floor":10,"gold_loss":0,"cards_upgraded":["Hello World"]},{"damage_healed":0,"gold_gain":0,"player_choice":"Ignored","damage_taken":0,"max_hp_gain":0,"max_hp_loss":0,"event_name":"Golden Wing","floor":13,"gold_loss":0},{"damage_healed":0,"gold_gain":0,"player_choice":"Simplicity","damage_taken":0,"max_hp_gain":0,"max_hp_loss":0,"event_name":"Back to Basics","floor":19,"gold_loss":0,"cards_upgraded":["Strike_B","Strike_B","Strike_B","Defend_B","Defend_B","Defend_B"]},{"damage_healed":0,"gold_gain":0,"player_choice":"Got Potions","damage_taken":0,"max_hp_gain":0,"max_hp_loss":0,"event_name":"Lab","floor":22,"gold_loss":0},{"damage_healed":0,"gold_gain":0,"player_choice":"Bet on Murderer","damage_taken":0,"max_hp_gain":0,"max_hp_loss":0,"event_name":"The Joust","floor":29,"gold_loss":50}],"is_beta":false,"boss_relics":[{"not_picked":["Orrery","Philosopher\u0027s Stone"],"picked":"FrozenCore"}],"items_purged_floors":[5],"is_endless":false,"potions_floor_spawned":[1,11,12,14,16,18,21,27],"killed_by":"Centurion and Healer","ascension_level":1}