{"gold_per_floor":[119,138,138,149,162,162,179,179,179,191,225,243,255,30,30,129,129,149,162,62,72,85,85,104,104,104,104,121,131,131,150,150,247,247,265,265,265,22,32,32,50,50,50,50],"floor_reached":44,"playtime":2798,"items_purged":["Clumsy","Strike_B","Strike_B"],"score":709,"play_id":"7a7278d8-c5aa-4741-81b1-fcbe2b4cb5c2","local_time":"20190823204649","is_ascension_mode":true,"campfire_choices":[{"data":"Zap","floor":6.0,"key":"SMITH"},{"data":"Echo Form","floor":8.0,"key":"SMITH"},{"floor":15.0,"key":"REST"},{"floor":23.0,"key":"REST"},{"floor":32.0,"key":"REST"},{"floor":40,"key":"REST"}],"neow_cost":"CURSE","seed_source_timestamp":0,"circlet_count":0,"master_deck":["AscendersBane","Defend_B","Defend_B","Defend_B","Defend_B","Zap+1","Glacier","Cold Snap","FTL","Echo Form+1","Gash","Loop","Gash","Echo Form","Reinforced Body","Electrodynamics","Defragment","Conserve Battery","Loop","Capacitor","All For One","The Bomb","Madness","Madness","Self Repair","Gash","Conserve Battery"],"special_seed":0,"relics":["Cracked Core","Cables","Pantograph","DataDisk","Orrery","Nilry\u0027s Codex","Omamori","Cursed Key","Bottled Tornado"],"potions_floor_usage":[39],"damage_taken":[{"damage":0.0,"enemies":"Cultist","floor":1.0,"turns":5.0},{"damage":2.0,"enemies":"2 Louse","floor":2.0,"turns":4.0},{"damage":5.0,"enemies":"Jaw Worm","floor":4.0,"turns":4.0},{"damage":0.0,"enemies":"Looter","floor":5.0,"turns":4.0},{"damage":7.0,"enemies":"Blue Slaver","floor":7.0,"turns":4.0},{"damage":0.0,"enemies":"2 Fungi Beasts","floor":10.0,"turns":4.0},{"damage":0.0,"enemies":"3 Sentries","floor":11.0,"turns":6.0},{"damage":0.0,"enemies":"Large Slime","floor":12.0,"turns":6.0},{"damage":7.0,"enemies":"3 Louse","floor":13.0,"turns":3.0},{"damage":27.0,"enemies":"Slime Boss","floor":16.0,"turns":9.0},{"damage":24.0,"enemies":"Chosen","floor":18.0,"turns":5.0},{"damage":20.0,"enemies":"2 Thieves","floor":19.0,"turns":3.0},{"damage":2.0,"enemies":"Snecko","floor":21.0,"turns":6.0},{"damage":1.0,"enemies":"Centurion and Healer","floor":22.0,"turns":5.0},{"damage":0.0,"enemies":"Sentry and Sphere","floor":24.0,"turns":4.0},{"damage":0.0,"enemies":"Cultist and Chosen","floor":28.0,"turns":6.0},{"damage":0.0,"enemies":"3 Cultists","floor":29.0,"turns":5.0},{"damage":23.0,"enemies":"Sentry and Sphere","floor":31.0,"turns":6.0},{"damage":59.0,"enemies":"Automaton","floor":33.0,"turns":9.0},{"damage":22.0,"enemies":"3 Shapes","floor":35.0,"turns":5.0},{"damage":20,"enemies":"Orb Walker","floor":39,"turns":4},{"damage":31,"enemies":"3 Darklings","floor":41,"turns":5},{"damage":31,"enemies":"Spire Growth","floor":44,"turns":3}],"seed_played":"2505684230792221517","potions_obtained":[{"floor":4.0,"key":"Explosive Potion"},{"floor":5.0,"key":"Swift Potion"},{"floor":12.0,"key":"Fruit Juice"},{"floor":21.0,"key":"AttackPotion"},{"floor":29.0,"key":"Dexterity Potion"},{"floor":31.0,"key":"Regen Potion"},{"floor":33.0,"key":"LiquidBronze"},{"floor":39,"key":"FairyPotion"}],"is_trial":false,"path_per_floor":["M","M","?","M","M","R","M","R","T","M","E","M","M","$","R","B",null,"M","M","$","M","M","R","M","?","T","?","M","M","?","M","R","B",null,"M","?","?","$","M","R","M","?","T","M"],"character_chosen":"DEFECT","items_purchased":["DataDisk","Self Repair","Gash"],"campfire_rested":4,"item_purchase_floors":[14,38,38],"current_hp_per_floor":[68,66,66,61,61,61,54,54,54,54,54,59,52,52,76,53,73,49,29,29,27,26,50,50,34,34,34,34,34,60,37,61,33,68,46,46,36,36,23,47,16,16,16,0],"gold":50,"neow_bonus":"TRANSFORM_TWO_CARDS","is_prod":false,"is_daily":false,"chose_seed":false,"campfire_upgraded":2,"win_rate":0,"timestamp":1566611209,"path_taken":["M","?","?","M","M","R","M","R","T","?","E","?","M","$","R","BOSS","M","?","$","M","M","R","M","?","T","?","M","M","?","M","R","BOSS","M","?","?","$","M","R","M","?","T","M"],"build_version":"2019-07-17","purchased_purges":3,"victory":false,"max_hp_per_floor":[75,75,75,75,75,75,75,75,75,75,75,80,80,80,80,80,80,80,80,80,80,80,80,80,80,80,80,80,80,80,80,80,80,80,80,80,80,80,80,80,80,80,80,80],"card_choices":[{"not_picked":["Blizzard","Stack"],"picked":"Cold Snap","floor":1.0},{"not_picked":["Rebound","Steam Power"],"picked":"FTL","floor":2.0},{"not_picked":["Compile Driver","Recycle","Streamline"],"picked":"SKIP","floor":4.0},{"not_picked":["Sunder","Coolheaded","Redo"],"picked":"SKIP","floor":5.0},{"not_picked":["Stack","Steam","Barrage"],"picked":"SKIP","floor":7.0},{"not_picked":["Compile Driver","Stack"],"picked":"Gash","floor":10.0},{"not_picked":["Sunder","Thunder Strike","Fusion"],"picked":"SKIP","floor":11.0},{"not_picked":["Consume","Compile Driver"],"picked":"Loop","floor":12.0},{"not_picked":["Conserve Battery","Redo"],"picked":"Gash","floor":13.0},{"not_picked":["Meteor Strike","Buffer"],"picked":"Echo Form","floor":16.0},{"not_picked":["Streamline","Sweeping Beam"],"picked":"Reinforced Body","floor":17.0},{"not_picked":["Rip and Tear","Barrage"],"picked":"Electrodynamics","floor":17.0},{"not_picked":["Steam Power","Streamline","Undo"],"picked":"SKIP","floor":18.0},{"not_picked":["Undo","Sweeping Beam+1","Biased Cognition"],"picked":"SKIP","floor":19.0},{"not_picked":["Barrage","Gash"],"picked":"Defragment","floor":21.0},{"not_picked":["White Noise","Go for the Eyes","Steam"],"picked":"SKIP","floor":22.0},{"not_picked":["Redo","Heatsinks","Coolheaded"],"picked":"SKIP","floor":24.0},{"not_picked":["Streamline","Blizzard"],"picked":"Conserve Battery","floor":28.0},{"not_picked":["FTL","White Noise+1"],"picked":"Loop","floor":29.0},{"not_picked":["Tempest","Machine Learning"],"picked":"Capacitor","floor":31.0},{"not_picked":["Thunder Strike","Creative AI"],"picked":"All For One","floor":33.0},{"not_picked":["Compile Driver","Coolheaded+1","Blizzard"],"picked":"SKIP","floor":35.0},{"not_picked":["Metamorphosis","Trip"],"picked":"The Bomb","floor":36.0},{"not_picked":["Leap+1","Rebound","Force Field"],"picked":"SKIP","floor":39},{"not_picked":["Turbo+1","Coolheaded+1"],"picked":"Conserve Battery","floor":41}],"player_experience":2891840,"relics_obtained":[{"floor":9.0,"key":"Cables"},{"floor":11.0,"key":"Pantograph"},{"floor":25.0,"key":"Nilry\u0027s Codex"},{"floor":26.0,"key":"Omamori"},{"floor":43,"key":"Bottled Tornado"}],"event_choices":[{"damage_healed":0.0,"max_hp_gain":0.0,"max_hp_loss":0.0,"gold_gain":0.0,"cards_transformed":["Chaos"],"event_name":"Transmorgrifier","player_choice":"Transformed","floor":3.0,"gold_loss":0.0,"damage_taken":0.0,"cards_obtained":["Echo Form"]},{"damage_healed":0.0,"max_hp_gain":0.0,"max_hp_loss":0.0,"gold_gain":0.0,"event_name":"Cursed Tome","player_choice":"Obtained Book","floor":25.0,"gold_loss":0.0,"damage_taken":16.0},{"cards_removed":["Strike_B"],"damage_healed":0.0,"max_hp_gain":0.0,"max_hp_loss":0.0,"gold_gain":0.0,"event_name":"Back to Basics","player_choice":"Elegance","floor":27.0,"gold_loss":0.0,"damage_taken":0.0},{"damage_healed":26.0,"max_hp_gain":0.0,"max_hp_loss":0.0,"gold_gain":0.0,"event_name":"The Library","player_choice":"Heal","floor":30.0,"gold_loss":0.0,"damage_taken":0.0},{"damage_healed":0.0,"max_hp_gain":0.0,"max_hp_loss":0.0,"gold_gain":0.0,"event_name":"SensoryStone","player_choice":"Memory 1","floor":36.0,"gold_loss":0.0,"damage_taken":0.0},{"damage_healed":0.0,"max_hp_gain":0.0,"max_hp_loss":0.0,"gold_gain":0.0,"event_name":"Winding Halls","player_choice":"Embrace Madness","floor":37.0,"gold_loss":0.0,"damage_taken":10.0,"cards_obtained":["Madness","Madness"]},{"damage_healed":0,"gold_gain":0,"player_choice":"Ignored","damage_taken":0,"max_hp_gain":0,"max_hp_loss":0,"event_name":"Tomb of Lord Red Mask","floor":42,"gold_loss":0}],"is_beta":false,"boss_relics":[{"not_picked":["Tiny House","Eternal Feather"],"picked":"Orrery"},{"not_picked":["Lizard Tail","Pandora\u0027s Box"],"picked":"Cursed Key"}],"items_purged_floors":[14,20,38],"is_endless":false,"potions_floor_spawned":[4,5,7,10,12,21,29,31,33,39],"killed_by":"Spire Growth","ascension_level":12}