{"gold_per_floor":[113,130,130,148,168,168,185,185,212,212,212],"floor_reached":11,"playtime":430,"items_purged":[],"score":94,"play_id":"21179ac9-4beb-4a8d-a01e-3940c7cc3c2b","local_time":"20190701111146","is_ascension_mode":true,"campfire_choices":[],"neow_cost":"NONE","seed_source_timestamp":462033061437737,"circlet_count":0,"master_deck":["Strike_R","Strike_R","Strike_R","Strike_R","Strike_R","Defend_R","Defend_R","Defend_R","Defend_R","Bash","Juggernaut"],"relics":["Burning Blood","PreservedInsect"],"potions_floor_usage":[5,5],"damage_taken":[{"damage":13,"enemies":"Jaw Worm","floor":1,"turns":4},{"damage":1,"enemies":"2 Louse","floor":2,"turns":5},{"damage":4,"enemies":"Small Slimes","floor":4,"turns":5},{"damage":55,"enemies":"Gremlin Gang","floor":5,"turns":10},{"damage":11,"enemies":"Red Slaver","floor":7,"turns":7},{"damage":19,"enemies":"3 Louse","floor":11,"turns":2}],"seed_played":"140529344726453859","potions_obtained":[{"floor":1,"key":"BloodPotion"},{"floor":4,"key":"FearPotion"},{"floor":5,"key":"Strength Potion"}],"is_trial":false,"path_per_floor":["M","M","?","M","M","?","M","?","T","?","M"],"character_chosen":"IRONCLAD","items_purchased":[],"campfire_rested":0,"item_purchase_floors":[],"current_hp_per_floor":[65,70,63,65,24,24,19,19,19,19,0],"gold":212,"neow_bonus":"ONE_RANDOM_RARE_CARD","is_prod":false,"is_daily":false,"chose_seed":false,"campfire_upgraded":0,"win_rate":0,"timestamp":1561997506,"path_taken":["M","M","?","M","M","?","?","?","T","?","M"],"build_version":"2019-01-23","purchased_purges":0,"victory":false,"max_hp_per_floor":[80,80,80,80,80,80,80,80,80,80,80],"card_choices":[{"not_picked":["Spot Weakness","Clash","Clothesline"],"picked":"SKIP","floor":1},{"not_picked":["Warcry","Sever Soul","Burning Pact"],"picked":"SKIP","floor":2},{"not_picked":["Power Through","Cleave","Sentinel"],"picked":"SKIP","floor":4},{"not_picked":["Reckless Charge","Warcry","Perfected Strike"],"picked":"SKIP","floor":5},{"not_picked":["Shockwave","Dropkick"],"picked":"Juggernaut","floor":7}],"player_experience":2071325,"relics_obtained":[],"event_choices":[{"cards_removed":["Brutality"],"damage_healed":0,"gold_gain":0,"player_choice":"Card Removal","damage_taken":7,"max_hp_gain":0,"max_hp_loss":0,"event_name":"Golden Wing","floor":3,"gold_loss":0},{"damage_healed":0,"gold_gain":0,"player_choice":"Ignored","damage_taken":0,"max_hp_gain":0,"max_hp_loss":0,"event_name":"Liars Game","floor":6,"gold_loss":0},{"damage_healed":0,"gold_gain":0,"player_choice":"Searched \u00272\u0027 times","damage_taken":0,"relics_obtained":["PreservedInsect"],"max_hp_gain":0,"max_hp_loss":0,"event_name":"Dead Adventurer","floor":8,"gold_loss":0},{"damage_healed":0,"gold_gain":0,"player_choice":"0 cards matched","damage_taken":0,"max_hp_gain":0,"max_hp_loss":0,"event_name":"Match and Keep!","floor":10,"gold_loss":0,"cards_obtained":[]}],"is_beta":false,"boss_relics":[],"items_purged_floors":[],"is_endless":false,"potions_floor_spawned":[1,4,5],"killed_by":"3 Louse","ascension_level":9}