{"gold_per_floor":[14,26,41,41,66,66,84,84,159,178,22,63,86,121,121,244,244,260,283,283,294,294,294,294,309,309,324,341,195,195,208,208,307,307,320,420,16,16,16,16,48,48,48,77,77,94,113,132,132,132],"floor_reached":51,"playtime":4029,"items_purged":["Writhe"],"score":1069,"play_id":"dff62911-f2cd-4abb-b4cc-29b347f2a000","local_time":"20190828015243","is_ascension_mode":true,"campfire_choices":[{"data":"Armaments","floor":6,"key":"SMITH"},{"data":"Bash","floor":8,"key":"SMITH"},{"data":"Shockwave","floor":15,"key":"SMITH"},{"data":"True Grit","floor":23,"key":"SMITH"},{"data":"Demon Form","floor":32,"key":"SMITH"},{"data":"Double Tap","floor":40,"key":"SMITH"},{"data":"Strike_R","floor":42,"key":"PURGE"},{"floor":49,"key":"REST"}],"neow_cost":"NO_GOLD","seed_source_timestamp":703030997087700,"circlet_count":0,"master_deck":["Strike_R","Strike_R","Strike_R","Strike_R","Defend_R","Defend_R","Defend_R","Bash+1","Shrug It Off","Rampage","Armaments+1","Spot Weakness","Shockwave+1","Disarm","Second Wind","Demon Form+1","Inflame","Headbutt+1","True Grit+1","J.A.X.","Shrug It Off","Battle Trance","Double Tap+1","Flame Barrier+1","Trip","Carnage","Normality","Headbutt+1"],"relics":["Burning Blood","Bloody Idol","Mummified Hand","Lantern","Thread and Needle","Vajra","Cursed Key","Art of War","Busted Crown","Peace Pipe","Bottled Tornado","Pen Nib","Strawberry","Meat on the Bone","Darkstone Periapt"],"potions_floor_usage":[14,14,16,16,16,33,33,44,50,50],"damage_taken":[{"damage":12,"enemies":"2 Louse","floor":1,"turns":3},{"damage":13,"enemies":"Small Slimes","floor":2,"turns":5},{"damage":4,"enemies":"Jaw Worm","floor":3,"turns":3},{"damage":3,"enemies":"Blue Slaver","floor":5,"turns":4},{"damage":1,"enemies":"Large Slime","floor":7,"turns":6},{"damage":16,"enemies":"Lots of Slimes","floor":10,"turns":6},{"damage":22,"enemies":"Lagavulin","floor":12,"turns":7},{"damage":0,"enemies":"Red Slaver","floor":13,"turns":3},{"damage":11,"enemies":"3 Sentries","floor":14,"turns":9},{"damage":0,"enemies":"The Guardian","floor":16,"turns":12},{"damage":3,"enemies":"Chosen","floor":18,"turns":5},{"damage":3,"enemies":"Shell Parasite","floor":19,"turns":4},{"damage":3,"enemies":"Chosen and Byrds","floor":21,"turns":6},{"damage":28,"enemies":"Snake Plant","floor":25,"turns":4},{"damage":18,"enemies":"Shelled Parasite and Fungi","floor":27,"turns":7},{"damage":18,"enemies":"Centurion and Healer","floor":28,"turns":6},{"damage":13,"enemies":"Cultist and Chosen","floor":31,"turns":6},{"damage":57,"enemies":"Automaton","floor":33,"turns":12},{"damage":0,"enemies":"3 Shapes","floor":35,"turns":5},{"damage":0,"enemies":"Mind Bloom Boss Battle","floor":36,"turns":3},{"damage":37,"enemies":"Reptomancer","floor":41,"turns":7},{"damage":23,"enemies":"Nemesis","floor":44,"turns":5},{"damage":30,"enemies":"3 Darklings","floor":46,"turns":7},{"damage":11,"enemies":"Jaw Worm Horde","floor":47,"turns":3},{"damage":21,"enemies":"Writhing Mass","floor":48,"turns":4},{"damage":47,"enemies":"Donu and Deca","floor":50,"turns":7}],"seed_played":"7036375861054371079","potions_obtained":[{"floor":2,"key":"SpeedPotion"},{"floor":7,"key":"Explosive Potion"},{"floor":10,"key":"EntropicBrew"},{"floor":14,"key":"Block Potion"},{"floor":19,"key":"Swift Potion"},{"floor":31,"key":"SteroidPotion"},{"floor":33,"key":"SteroidPotion"},{"floor":35,"key":"Block Potion"},{"floor":41,"key":"Weak Potion"},{"floor":47,"key":"EssenceOfSteel"}],"is_trial":false,"path_per_floor":["M","M","M","?","M","R","M","R","T","M","$","E","M","E","R","B",null,"M","M","?","M","?","R","?","M","T","M","M","$","?","M","R","B",null,"M","?","$","?","?","R","E","R","T","E","$","M","M","M","R","B",null],"character_chosen":"IRONCLAD","items_purchased":["Lantern","Battle Trance","Bottled Tornado","Pen Nib"],"campfire_rested":1,"item_purchase_floors":[11,29,37,37],"current_hp_per_floor":[82,75,77,53,56,56,61,61,61,51,51,35,41,36,36,42,83,86,89,89,96,96,96,96,79,79,72,65,65,65,63,63,17,76,87,96,96,91,91,91,72,72,72,72,72,65,65,67,97,68],"gold":132,"neow_bonus":"TWENTY_PERCENT_HP_BONUS","is_prod":false,"is_daily":false,"chose_seed":false,"campfire_upgraded":6,"win_rate":0,"timestamp":1566924763,"path_taken":["M","M","M","?","M","R","M","R","T","M","$","E","M","E","R","BOSS","M","M","?","M","?","R","?","M","T","M","M","$","?","M","R","BOSS","M","?","$","?","?","R","E","R","T","E","$","M","M","M","R","BOSS"],"build_version":"2019-07-17","purchased_purges":1,"victory":true,"max_hp_per_floor":[96,96,96,96,96,96,96,96,96,96,96,96,96,96,96,96,96,96,96,96,96,96,96,96,96,96,96,96,96,96,96,96,96,96,96,96,96,96,96,96,103,103,103,103,103,103,103,103,103,103],"card_choices":[{"not_picked":["Body Slam","Perfected Strike"],"picked":"Shrug It Off","floor":1},{"not_picked":["Warcry","Havoc"],"picked":"Rampage","floor":2},{"not_picked":["Anger","Sword Boomerang"],"picked":"Armaments","floor":3},{"not_picked":["Blood for Blood","Flex"],"picked":"Spot Weakness","floor":5},{"not_picked":["Reaper","Perfected Strike","Twin Strike"],"picked":"SKIP","floor":7},{"not_picked":["Headbutt","Cleave"],"picked":"Shockwave","floor":10},{"not_picked":["Intimidate","Infernal Blade"],"picked":"Disarm","floor":12},{"not_picked":["True Grit","Shockwave","Sword Boomerang"],"picked":"SKIP","floor":13},{"not_picked":["Thunderclap","Twin Strike"],"picked":"Second Wind","floor":14},{"not_picked":["Juggernaut","Reaper"],"picked":"Demon Form","floor":16},{"not_picked":["Feel No Pain","Intimidate"],"picked":"Inflame","floor":18},{"not_picked":["Carnage","Reckless Charge+1"],"picked":"Headbutt+1","floor":19},{"not_picked":["Havoc","Armaments"],"picked":"True Grit","floor":21},{"not_picked":["Uppercut+1","Iron Wave+1","Metallicize+1"],"picked":"SKIP","floor":25},{"not_picked":["Heavy Blade","Intimidate+1"],"picked":"Shrug It Off","floor":27},{"not_picked":["True Grit","Wild Strike","Headbutt"],"picked":"SKIP","floor":28},{"not_picked":["Spot Weakness","Perfected Strike","Iron Wave"],"picked":"SKIP","floor":31},{"not_picked":["Impervious","Offering"],"picked":"Double Tap","floor":33},{"not_picked":["Hemokinesis"],"picked":"SKIP","floor":35},{"not_picked":[],"picked":"Flame Barrier+1","floor":36},{"not_picked":[],"picked":"Trip","floor":38},{"not_picked":[],"picked":"Carnage","floor":41},{"not_picked":["Iron Wave"],"picked":"SKIP","floor":44},{"not_picked":["Perfected Strike+1"],"picked":"SKIP","floor":46},{"not_picked":["Clash"],"picked":"SKIP","floor":47},{"not_picked":[],"picked":"Headbutt+1","floor":48}],"player_experience":447167,"relics_obtained":[{"floor":9,"key":"Mummified Hand"},{"floor":12,"key":"Thread and Needle"},{"floor":14,"key":"Vajra"},{"floor":36,"key":"Peace Pipe"},{"floor":41,"key":"Strawberry"},{"floor":43,"key":"Meat on the Bone"},{"floor":44,"key":"Darkstone Periapt"}],"event_choices":[{"damage_healed":0,"gold_gain":0,"player_choice":"Take Damage","damage_taken":24,"relics_obtained":["Golden Idol"],"max_hp_gain":0,"max_hp_loss":0,"event_name":"Golden Idol","floor":4,"gold_loss":0},{"damage_healed":0,"gold_gain":0,"player_choice":"Gave Idol","damage_taken":0,"relics_obtained":["Bloody Idol"],"max_hp_gain":0,"max_hp_loss":0,"event_name":"Forgotten Altar","floor":20,"relics_lost":["Golden Idol"],"gold_loss":0},{"damage_healed":0,"gold_gain":0,"player_choice":"Obtain J.A.X.","damage_taken":0,"max_hp_gain":0,"max_hp_loss":0,"event_name":"Drug Dealer","floor":22,"gold_loss":0,"cards_obtained":["J.A.X."]},{"damage_healed":0,"gold_gain":0,"player_choice":"Opened","damage_taken":0,"relics_obtained":["Art of War"],"max_hp_gain":0,"max_hp_loss":0,"event_name":"The Mausoleum","floor":24,"gold_loss":0,"cards_obtained":["Writhe"]},{"damage_healed":0,"gold_gain":0,"player_choice":"Ignored","damage_taken":0,"max_hp_gain":0,"max_hp_loss":0,"event_name":"Vampires","floor":30,"gold_loss":0},{"damage_healed":0,"gold_gain":0,"player_choice":"Fight","damage_taken":0,"max_hp_gain":0,"max_hp_loss":0,"event_name":"MindBloom","floor":36,"gold_loss":0},{"damage_healed":0,"gold_gain":0,"player_choice":"Memory 2","damage_taken":5,"max_hp_gain":0,"max_hp_loss":0,"event_name":"SensoryStone","floor":38,"gold_loss":0},{"cards_removed":["Defend_R"],"damage_healed":0,"gold_gain":0,"player_choice":"Removed Skill","damage_taken":0,"max_hp_gain":0,"max_hp_loss":0,"event_name":"Falling","floor":39,"gold_loss":0}],"is_beta":false,"boss_relics":[{"not_picked":["White Beast Statue","Black Star"],"picked":"Cursed Key"},{"not_picked":["Fusion Hammer","Empty Cage"],"picked":"Busted Crown"}],"items_purged_floors":[29],"is_endless":false,"potions_floor_spawned":[2,7,10,14,19,21,25,31,33,35,41,47],"ascension_level":8}