{"gold_per_floor":[113,130,130,130,153,153,177,177,253,274,274,274,290,365,365,495,495,518,538,97,97],"floor_reached":21,"playtime":1378,"items_purged":["Decay"],"score":205,"play_id":"8aa0ddb5-8942-44ef-8219-577b5782593c","local_time":"20190125234051","is_ascension_mode":true,"campfire_choices":[{"floor":6,"key":"REST"},{"floor":11,"key":"REST"},{"floor":15,"key":"REST"}],"neow_cost":"NONE","seed_source_timestamp":1364470685667718,"circlet_count":0,"master_deck":["Defend_G","Defend_G","Defend_G","Defend_G","Defend_G","Strike_G","Strike_G","Strike_G","Strike_G","Strike_G","Survivor","Neutralize","Bouncing Flask","Clumsy","Bane","Burst","Bane","Well Laid Plans","Dash","Cloak And Dagger","Crippling Poison","Dash","Footwork"],"relics":["Cursed Key","Golden Idol","Blue Candle","The Courier","Ancient Tea Set","Orrery","ClockworkSouvenir","Happy Flower"],"potions_floor_usage":[16,16,16],"damage_taken":[{"damage":6,"enemies":"Jaw Worm","floor":1,"turns":5},{"damage":5,"enemies":"Small Slimes","floor":2,"turns":3},{"damage":0,"enemies":"2 Louse","floor":5,"turns":3},{"damage":8,"enemies":"Large Slime","floor":7,"turns":11},{"damage":20,"enemies":"3 Louse","floor":10,"turns":5},{"damage":9,"enemies":"Looter","floor":13,"turns":4},{"damage":34,"enemies":"The Guardian","floor":16,"turns":10},{"damage":33,"enemies":"Spheric Guardian","floor":18,"turns":7},{"damage":36,"enemies":"3 Byrds","floor":19,"turns":5}],"seed_played":"8032656837307531151","potions_obtained":[{"floor":2,"key":"Weak Potion"},{"floor":5,"key":"SneckoOil"},{"floor":10,"key":"EssenceOfSteel"},{"floor":13,"key":"Strength Potion"},{"floor":19,"key":"EssenceOfSteel"}],"is_trial":false,"path_per_floor":["M","M","?","?","M","R","M","T","T","M","R","?","M","?","R","B",null,"M","M","$","?"],"character_chosen":"THE_SILENT","items_purchased":["Dash","Footwork","ClockworkSouvenir","Happy Flower"],"campfire_rested":3,"item_purchase_floors":[20,20,20,20],"current_hp_per_floor":[64,59,42,42,42,63,55,55,55,35,56,49,40,29,50,16,70,37,1,1,0],"gold":97,"neow_bonus":"BOSS_RELIC","is_prod":false,"is_daily":false,"chose_seed":false,"campfire_upgraded":0,"win_rate":0,"timestamp":1548481251,"path_taken":["M","M","?","?","M","R","M","?","T","?","R","?","M","?","R","BOSS","M","M","$","?"],"build_version":"2019-01-23","purchased_purges":1,"victory":false,"max_hp_per_floor":[70,70,70,70,70,70,70,70,70,70,70,70,70,70,70,70,70,70,70,70,70],"card_choices":[{"not_picked":["Underhanded Strike","All Out Attack","Quick Slash"],"picked":"SKIP","floor":1},{"not_picked":["Prepared","Slice","Expertise"],"picked":"SKIP","floor":2},{"not_picked":["Finisher","Setup","Masterful Stab"],"picked":"SKIP","floor":5},{"not_picked":["Backflip","Dodge and Roll"],"picked":"Bouncing Flask","floor":7},{"not_picked":["Glass Knife","Deflect"],"picked":"Bane","floor":10},{"not_picked":["Backflip","Expertise","Flechettes"],"picked":"SKIP","floor":13},{"not_picked":["Die Die Die","Venomology"],"picked":"Burst","floor":16},{"not_picked":["Setup","Outmaneuver"],"picked":"Bane","floor":17},{"not_picked":["Sucker Punch","Quick Slash"],"picked":"Well Laid Plans","floor":17},{"not_picked":["Backstab","Crippling Poison"],"picked":"Dash","floor":17},{"not_picked":["Underhanded Strike","Acrobatics"],"picked":"Cloak And Dagger","floor":17},{"not_picked":["Flechettes+1","Backflip","Dagger Throw+1"],"picked":"SKIP","floor":18},{"not_picked":["Dagger Throw+1","PiercingWail"],"picked":"Crippling Poison","floor":19}],"player_experience":1148158,"relics_obtained":[{"floor":8,"key":"Blue Candle"},{"floor":9,"key":"The Courier"}],"event_choices":[{"damage_healed":0,"gold_gain":0,"player_choice":"Take Damage","damage_taken":17,"relics_obtained":["Golden Idol"],"max_hp_gain":0,"max_hp_loss":0,"event_name":"Golden Idol","floor":3,"gold_loss":0},{"damage_healed":0,"gold_gain":0,"player_choice":"Ignored","damage_taken":0,"max_hp_gain":0,"max_hp_loss":0,"event_name":"Liars Game","floor":4,"gold_loss":0},{"damage_healed":0,"gold_gain":0,"player_choice":"Success","damage_taken":7,"relics_obtained":["Ancient Tea Set"],"max_hp_gain":0,"max_hp_loss":0,"event_name":"Scrap Ooze","floor":12,"gold_loss":0},{"damage_healed":0,"gold_gain":75,"player_choice":"Gather Gold","damage_taken":11,"max_hp_gain":0,"max_hp_loss":0,"event_name":"World of Goop","floor":14,"gold_loss":0}],"is_beta":false,"boss_relics":[{"not_picked":["Coffee Dripper","Astrolabe"],"picked":"Orrery"}],"items_purged_floors":[20],"is_endless":false,"potions_floor_spawned":[2,5,10,13,19],"ascension_level":4}