{"gold_per_floor":[111,111,36,36,61,102,118,118,167,167,183,206,224,240,240,366,366,382,1,24,40,40,40,40,40,66,66,16,31,31,55,55,185,185,205,230,230,230,32,32,365,365,392,468,468,145,145,163,163,163,163,163,12,45,45],"floor_reached":55,"playtime":2929,"items_purged":["Dualcast","Tempest","Leap","Fusion"],"score":1026,"play_id":"27640098-b43c-456b-85d1-94184532d5fc","local_time":"20190714075611","is_ascension_mode":true,"campfire_choices":[{"floor":8.0,"key":"REST"},{"data":"Zap","floor":10.0,"key":"SMITH"},{"data":"Consume","floor":15.0,"key":"SMITH"},{"data":"The Bomb","floor":23.0,"key":"SMITH"},{"data":"Seek","floor":25.0,"key":"SMITH"},{"data":"Electrodynamics","floor":27.0,"key":"SMITH"},{"floor":32.0,"key":"REST"},{"floor":40,"key":"RECALL"},{"data":"Glacier","floor":42,"key":"SMITH"},{"data":"Glacier","floor":45,"key":"SMITH"},{"data":"Auto Shields","floor":47,"key":"SMITH"},{"floor":49,"key":"REST"},{"data":"Defragment","floor":52,"key":"SMITH"}],"neow_cost":"NONE","seed_source_timestamp":0,"circlet_count":0,"master_deck":["Zap+1","Auto Shields+1","Electrodynamics+1","Glacier+1","Consume+1","Defragment+1","Cold Snap","Glacier+1","Seek+1","Capacitor","The Bomb+1","Self Repair","Cold Snap","Chill","Necronomicurse","Core Surge","Master of Strategy","Loop","Conserve Battery+1"],"special_seed":0,"relics":["Cracked Core","NeowsBlessing","DataDisk","Pandora\u0027s Box","Tiny Chest","Smiling Mask","Necronomicon","Lizard Tail","Runic Capacitor","Vajra","Dodecahedron","Medical Kit","Shuriken"],"potions_floor_usage":[50,54,54],"damage_taken":[{"damage":0.0,"enemies":"Cultist","floor":1.0,"turns":1.0},{"damage":0.0,"enemies":"2 Louse","floor":5.0,"turns":1.0},{"damage":0.0,"enemies":"3 Sentries","floor":6.0,"turns":1.0},{"damage":0.0,"enemies":"Small Slimes","floor":7.0,"turns":3.0},{"damage":1.0,"enemies":"Looter","floor":11.0,"turns":3.0},{"damage":0.0,"enemies":"Blue Slaver","floor":12.0,"turns":4.0},{"damage":0.0,"enemies":"Large Slime","floor":13.0,"turns":4.0},{"damage":6.0,"enemies":"3 Louse","floor":14.0,"turns":3.0},{"damage":0.0,"enemies":"Slime Boss","floor":16.0,"turns":7.0},{"damage":11.0,"enemies":"3 Byrds","floor":18.0,"turns":3.0},{"damage":4.0,"enemies":"Spheric Guardian","floor":20.0,"turns":4.0},{"damage":18.0,"enemies":"Cultist and Chosen","floor":21.0,"turns":4.0},{"damage":14.0,"enemies":"Snecko","floor":29.0,"turns":7.0},{"damage":9.0,"enemies":"Centurion and Healer","floor":31.0,"turns":7.0},{"damage":4.0,"enemies":"Automaton","floor":33.0,"turns":9.0},{"damage":0,"enemies":"3 Shapes","floor":35,"turns":4},{"damage":10,"enemies":"3 Darklings","floor":36,"turns":4},{"damage":38,"enemies":"Transient","floor":48,"turns":5},{"damage":60,"enemies":"Donu and Deca","floor":50,"turns":9},{"damage":49,"enemies":"Shield and Spear","floor":54,"turns":11},{"damage":75,"enemies":"The Heart","floor":55,"turns":5}],"seed_played":"2945601223456386359","potions_obtained":[{"floor":5.0,"key":"FocusPotion"},{"floor":11.0,"key":"SmokeBomb"},{"floor":13.0,"key":"SteroidPotion"},{"floor":16.0,"key":"AttackPotion"},{"floor":18.0,"key":"PowerPotion"},{"floor":21.0,"key":"Dexterity Potion"},{"floor":36,"key":"Ancient Potion"},{"floor":54,"key":"SteroidPotion"}],"is_trial":false,"path_per_floor":["M","?","$","?","M","E","M","R","T","R","M","M","M","M","R","B",null,"M","$","M","M","$","R","?","R","T","R","$","M","?","M","R","B",null,"M","M","?","?","$","R","?","R","T","T","R","$","R","M","R","B",null,"R","$","E","B"],"character_chosen":"DEFECT","items_purchased":["The Bomb","Tiny Chest","Self Repair","Runic Capacitor","Medical Kit","Loop","Dexterity Potion","Energy Potion"],"campfire_rested":3,"item_purchase_floors":[19,19,19,39,46,46,53,53],"current_hp_per_floor":[68,50,50,50,50,50,50,72,72,72,71,71,71,65,65,65,73,62,62,65,54,54,54,54,54,54,54,54,47,31,29,51,54,70,75,72,72,72,72,72,72,72,72,72,72,72,72,41,63,10,59,59,59,17,0],"gold":45,"neow_bonus":"THREE_ENEMY_KILL","is_prod":false,"is_daily":false,"chose_seed":false,"campfire_upgraded":9,"win_rate":0,"timestamp":1563108971,"path_taken":["M","?","$","?","?","E","M","R","T","R","M","M","M","?","R","BOSS","M","$","M","M","$","R","?","R","T","R","$","M","?","M","R","BOSS","M","M","?","?","$","R","?","R","T","?","R","?","R","M","R","BOSS","R","$","E","BOSS"],"build_version":"2019-07-05","purchased_purges":4,"victory":false,"max_hp_per_floor":[75,75,75,75,75,75,75,75,75,75,75,75,75,75,75,75,75,75,75,75,75,75,75,75,75,75,75,75,75,75,75,75,75,75,75,75,75,75,75,75,75,75,75,75,75,75,75,75,75,75,75,75,75,75,75],"card_choices":[{"not_picked":["Beam Cell","Skim","Hologram"],"picked":"SKIP","floor":1.0},{"not_picked":["Darkness","Undo"],"picked":"Auto Shields","floor":5.0},{"not_picked":["Barrage","Rebound"],"picked":"Leap","floor":6.0},{"not_picked":["Beam Cell","Conserve Battery"],"picked":"Electrodynamics","floor":7.0},{"not_picked":["Ball Lightning","Gash","Stack"],"picked":"SKIP","floor":11.0},{"not_picked":["Coolheaded","Go for the Eyes","Barrage"],"picked":"SKIP","floor":12.0},{"not_picked":["Aggregate","Stack"],"picked":"Glacier","floor":13.0},{"not_picked":["Heatsinks","Rebound"],"picked":"Consume","floor":14.0},{"not_picked":["Beam Cell","Stack","Ball Lightning"],"picked":"SKIP","floor":18.0},{"not_picked":["Lockon","Barrage"],"picked":"Cold Snap","floor":20.0},{"not_picked":["Force Field+1","Darkness"],"picked":"Chill","floor":21.0},{"not_picked":["Go for the Eyes","Coolheaded","Hologram"],"picked":"SKIP","floor":29.0},{"not_picked":["Leap","Rebound","Redo"],"picked":"SKIP","floor":31.0},{"not_picked":["Hyperbeam","Amplify"],"picked":"Core Surge","floor":33.0},{"not_picked":["Stack","Gash","Barrage"],"picked":"SKIP","floor":35},{"not_picked":["Rebound+1","Gash+1","Auto Shields+1"],"picked":"SKIP","floor":36},{"not_picked":["Violence","Thinking Ahead"],"picked":"Master of Strategy","floor":38},{"not_picked":["Doom and Gloom+1","Blizzard","Auto Shields+1"],"picked":"SKIP","floor":48},{"not_picked":["Aggregate","Sweeping Beam+1"],"picked":"Conserve Battery+1","floor":54}],"player_experience":2303148,"relics_obtained":[{"floor":6.0,"key":"DataDisk"},{"floor":26.0,"key":"Smiling Mask"},{"floor":30.0,"key":"Necronomicon"},{"floor":43,"key":"Vajra"},{"floor":44,"key":"Dodecahedron"},{"floor":54,"key":"Shuriken"}],"event_choices":[{"damage_healed":0.0,"max_hp_gain":0.0,"max_hp_loss":0.0,"gold_gain":0.0,"event_name":"Golden Idol","player_choice":"Take Damage","floor":2.0,"gold_loss":0.0,"damage_taken":18.0,"relics_obtained":["Golden Idol"]},{"cards_removed":["Strike_B"],"damage_healed":0.0,"max_hp_gain":0.0,"max_hp_loss":0.0,"gold_gain":0.0,"event_name":"Purifier","player_choice":"Purged","floor":4.0,"gold_loss":0.0,"damage_taken":0.0},{"damage_healed":0.0,"max_hp_gain":0.0,"max_hp_loss":0.0,"gold_gain":0.0,"event_name":"Ghosts","player_choice":"Ignored","floor":24.0,"gold_loss":0.0,"damage_taken":0.0},{"damage_healed":0.0,"max_hp_gain":0.0,"max_hp_loss":0.0,"gold_gain":0.0,"event_name":"Cursed Tome","player_choice":"Obtained Book","floor":30.0,"gold_loss":0.0,"damage_taken":16.0},{"damage_healed":0,"gold_gain":0,"player_choice":"Ignored","damage_taken":0,"max_hp_gain":0,"max_hp_loss":0,"event_name":"Tomb of Lord Red Mask","floor":37,"gold_loss":0},{"damage_healed":0,"gold_gain":0,"player_choice":"Memory 1","damage_taken":0,"max_hp_gain":0,"max_hp_loss":0,"event_name":"SensoryStone","floor":38,"gold_loss":0},{"damage_healed":0,"gold_gain":333,"player_choice":"Gave Idol","damage_taken":0,"max_hp_gain":0,"max_hp_loss":0,"event_name":"The Moai Head","floor":41,"relics_lost":["Golden Idol"],"gold_loss":0}],"is_beta":false,"boss_relics":[{"not_picked":["Ectoplasm","Snecko Eye"],"picked":"Pandora\u0027s Box"},{"not_picked":["Eternal Feather","Orrery"],"picked":"Lizard Tail"}],"items_purged_floors":[3,28,46,53],"is_endless":false,"potions_floor_spawned":[5,11,13,16,18,21,29,36,54],"killed_by":"The Heart","ascension_level":9}