{"gold_per_floor":[111,111,111,36,36,65,65,65,91,91,21,52,76,76,76,76],"floor_reached":16,"playtime":320,"items_purged":["Corruption"],"score":220,"play_id":"daffdf21-21a1-46f4-977e-105ace79bb99","local_time":"20190707084403","is_ascension_mode":true,"campfire_choices":[{"data":"Armaments","floor":7,"key":"SMITH"},{"data":"Bash","floor":10,"key":"SMITH"},{"data":"Metallicize","floor":15,"key":"SMITH"}],"neow_cost":"NONE","seed_source_timestamp":971681618021690,"circlet_count":0,"master_deck":["Strike_R","Strike_R","Strike_R","Strike_R","Defend_R","Defend_R","Defend_R","Defend_R","Bash+1","Armaments+1","Metallicize+1"],"relics":["Burning Blood","NeowsBlessing","Anchor","Golden Idol","Strawberry","Boot","PreservedInsect","Ancient Tea Set"],"potions_floor_usage":[],"damage_taken":[{"damage":0,"enemies":"Jaw Worm","floor":1,"turns":1},{"damage":0,"enemies":"3 Sentries","floor":6,"turns":2},{"damage":0,"enemies":"Gremlin Nob","floor":12,"turns":1},{"damage":70,"enemies":"The Guardian","floor":16,"turns":15}],"seed_played":"2958707722261971690","potions_obtained":[],"is_trial":false,"path_per_floor":["M","?","?","$","?","E","R","?","T","R","$","E","T","?","R","B"],"character_chosen":"IRONCLAD","items_purchased":["Metallicize"],"campfire_rested":0,"item_purchase_floors":[11],"current_hp_per_floor":[78,78,83,83,83,85,85,64,71,71,71,77,77,70,70,0],"gold":76,"neow_bonus":"THREE_ENEMY_KILL","is_prod":false,"is_daily":false,"chose_seed":false,"campfire_upgraded":3,"win_rate":0,"timestamp":1562507043,"path_taken":["M","?","?","$","?","E","R","?","T","R","$","E","?","?","R","BOSS"],"build_version":"2019-07-05","purchased_purges":1,"victory":false,"max_hp_per_floor":[80,80,85,85,85,85,85,85,92,92,92,92,92,92,92,92],"card_choices":[{"not_picked":["Clothesline","Warcry"],"picked":"Armaments","floor":1},{"not_picked":["Wild Strike","Corruption","Havoc"],"picked":"SKIP","floor":6},{"not_picked":["Flex","Dual Wield","Heavy Blade"],"picked":"SKIP","floor":12}],"player_experience":2121282,"relics_obtained":[{"floor":6,"key":"Anchor"},{"floor":9,"key":"Strawberry"},{"floor":12,"key":"Boot"},{"floor":13,"key":"PreservedInsect"}],"event_choices":[{"damage_healed":0,"gold_gain":0,"cards_transformed":["Strike_R"],"player_choice":"Change","damage_taken":0,"max_hp_gain":0,"max_hp_loss":0,"event_name":"Living Wall","floor":2,"gold_loss":0,"cards_obtained":["Corruption"]},{"damage_healed":0,"gold_gain":0,"player_choice":"Donut","damage_taken":0,"max_hp_gain":5,"max_hp_loss":0,"event_name":"Big Fish","floor":3,"gold_loss":0},{"damage_healed":0,"gold_gain":0,"player_choice":"Ignored","damage_taken":0,"max_hp_gain":0,"max_hp_loss":0,"event_name":"Liars Game","floor":5,"gold_loss":0},{"damage_healed":0,"gold_gain":0,"player_choice":"Take Damage","damage_taken":21,"relics_obtained":["Golden Idol"],"max_hp_gain":0,"max_hp_loss":0,"event_name":"Golden Idol","floor":8,"gold_loss":0},{"damage_healed":0,"gold_gain":0,"player_choice":"Success","damage_taken":7,"relics_obtained":["Ancient Tea Set"],"max_hp_gain":0,"max_hp_loss":0,"event_name":"Scrap Ooze","floor":14,"gold_loss":0}],"is_beta":false,"boss_relics":[],"items_purged_floors":[4],"is_endless":false,"potions_floor_spawned":[],"killed_by":"The Guardian","ascension_level":9}