{"gold_per_floor":[113,128,140,140,156,171,171],"floor_reached":7,"playtime":186,"items_purged":[],"score":45,"play_id":"f55b9ba7-5657-4589-8d03-e00b733a4981","local_time":"20190818000126","is_ascension_mode":false,"campfire_choices":[],"neow_cost":"NONE","seed_source_timestamp":217556010441748,"circlet_count":0,"master_deck":["Anger+1","Limit Break","Battle Trance+1","Flex+1","Flex+1","Clash"],"relics":["Burning Blood","Seething Fire","Hammer of Thor","Anvil of the Gods","NeowsBlessing"],"potions_floor_usage":[],"damage_taken":[{"damage":0,"enemies":"Jaw Worm","floor":1,"turns":1},{"damage":0,"enemies":"2 Louse","floor":2,"turns":2},{"damage":0,"enemies":"Cultist","floor":3,"turns":1},{"damage":0,"enemies":"3 Louse","floor":5,"turns":1},{"damage":12,"enemies":"Blue Slaver","floor":6,"turns":2}],"seed_played":"-6491542149730764210","potions_obtained":[{"floor":1,"key":"BloodPotion"},{"floor":2,"key":"BloodPotion"}],"is_trial":false,"path_per_floor":["M","M","M","?","M","M","$"],"character_chosen":"IRONCLAD","items_purchased":[],"campfire_rested":0,"item_purchase_floors":[],"current_hp_per_floor":[80,80,80,80,80,74,74],"gold":171,"neow_bonus":"THREE_ENEMY_KILL","is_prod":false,"is_daily":false,"chose_seed":false,"campfire_upgraded":0,"win_rate":0,"timestamp":1566100886,"path_taken":["M","M","M","?","M","M","$"],"build_version":"2019-07-17","purchased_purges":0,"victory":false,"max_hp_per_floor":[80,80,80,80,80,80,80],"card_choices":[{"not_picked":["Feel No Pain","Shrug It Off","Clash"],"picked":"SKIP","floor":1},{"not_picked":["Infernal Blade","Intimidate","Warcry"],"picked":"SKIP","floor":2},{"not_picked":["Infernal Blade","Intimidate","Warcry"],"picked":"SKIP","floor":2},{"not_picked":["Infernal Blade","Intimidate","Warcry"],"picked":"SKIP","floor":2},{"not_picked":["Infernal Blade","Intimidate","Warcry"],"picked":"SKIP","floor":2},{"not_picked":["Infernal Blade","Intimidate","Warcry"],"picked":"SKIP","floor":2},{"not_picked":["Infernal Blade","Intimidate","Warcry"],"picked":"SKIP","floor":2},{"not_picked":["Body Slam","Pummel","Iron Wave"],"picked":"SKIP","floor":3},{"not_picked":["Pommel Strike","Headbutt","Carnage"],"picked":"SKIP","floor":5},{"not_picked":["Spot Weakness","Clash","Dropkick"],"picked":"SKIP","floor":6},{"not_picked":["Spot Weakness","Dropkick"],"picked":"Clash","floor":6}],"player_experience":123805,"relics_obtained":[],"event_choices":[{"damage_healed":0,"gold_gain":0,"player_choice":"Leave","damage_taken":0,"max_hp_gain":0,"max_hp_loss":0,"event_name":"The Cleric","floor":4,"gold_loss":0}],"is_beta":false,"boss_relics":[],"items_purged_floors":[],"is_endless":false,"potions_floor_spawned":[1,2,5],"ascension_level":0}