{"path_per_floor":["M","M","M","M","?","R","$","R","T","M","M","?","E","?","R","B",null,"M","M","?","?","$","R"],"character_chosen":"THE_SILENT","items_purchased":["Die Die Die","Sucker Punch"],"gold_per_floor":[117,130,148,166,166,166,19,19,19,29,42,42,74,74,74,172,202,212,230,230,230,183,183],"floor_reached":24,"campfire_rested":2,"playtime":1380,"current_hp_per_floor":[77,77,77,74,79,79,79,79,79,79,75,75,58,58,82,28,87,84,70,70,61,61,88],"items_purged":[],"gold":183,"play_id":"bdd22e01-be96-4447-926d-e7e47f754243","is_prod":false,"is_daily":false,"campfire_rituals":0,"campfire_upgraded":2,"is_hardmode":false,"path_taken":["M","?","M","M","?","R","$","R","T","?","M","?","E","?","R","BOSS","M","M","?","?","$","R","E"],"build_version":"2018-01-18-PROD4","purchased_purges":0,"victory":false,"master_deck":["Defend_G","Defend_G","Defend_G","Defend_G","Defend_G","Strike_G","Strike_G","Strike_G","Strike_G","Strike_G","Survivor","Neutralize","Finisher","Dagger Spray","Outmaneuver","Backstab","Die Die Die","Blur","Slice","Deflect","A Thousand Cuts","Quick Slash","Dodge and Roll","Choke","Blade Dance","Sucker Punch"],"max_hp_per_floor":[77,77,77,77,82,82,82,82,82,82,82,82,82,82,82,82,87,87,87,87,92,92,92],"relics":["Ring of the Snake","Shovel","Ornamental Fan","Juzu Bracelet","Tiny House"],"campfire_meditates":0,"card_choices":[{"not_picked":["Acrobatics","Quick Slash"],"picked":"Finisher"},{"not_picked":["Dodge and Roll","Poisoned Stab"],"picked":"Dagger Spray"},{"not_picked":["Underhanded Strike","Deadly Poison"],"picked":"Outmaneuver"},{"not_picked":["Blade Dance","Dodge and Roll"],"picked":"Backstab"},{"not_picked":["PiercingWail","Night Terror"],"picked":"Blur"},{"not_picked":["Bane","Dagger Throw"],"picked":"Slice"},{"not_picked":["Burst","Bouncing Flask"],"picked":"Deflect"},{"not_picked":["Night Terror","Die Die Die"],"picked":"A Thousand Cuts"},{"not_picked":["Bane","Crippling Poison"],"picked":"Quick Slash"},{"not_picked":["Slice","Dagger Throw"],"picked":"Dodge and Roll"},{"not_picked":["Deadly Poison","Terror"],"picked":"Choke"}],"player_experience":62807,"potions_floor_usage":[16,19,19],"damage_taken":[{"damage":0,"enemies":"Blue Slaver","floor":1,"turns":7},{"damage":0,"enemies":"Jaw Worm","floor":2,"turns":3},{"damage":0,"enemies":"Cultist","floor":3,"turns":3},{"damage":3,"enemies":"Lots of Slimes","floor":4,"turns":2},{"damage":0,"enemies":"Looter","floor":10,"turns":1},{"damage":4,"enemies":"Gremlin Gang","floor":11,"turns":2},{"damage":17,"enemies":"Lagavulin","floor":13,"turns":6},{"damage":54,"enemies":"Slime Boss","floor":16,"turns":14},{"damage":3,"enemies":"3 Byrds","floor":18,"turns":4},{"damage":14,"enemies":"2 Thieves","floor":19,"turns":4},{"damage":90,"enemies":"Book of Stabbing","floor":24,"turns":7}],"event_choices":[{"event_name":"Big Fish","player_choice":"Donut","floor":5,"damage_taken":0},{"event_name":"Wheel of Change","player_choice":"Relic","floor":12,"damage_taken":0},{"event_name":"Living Wall","player_choice":"Grow","floor":14,"damage_taken":0},{"event_name":"The Library","player_choice":"Read","floor":20,"damage_taken":0},{"event_name":"Forgotten Altar","player_choice":"Shed Blood","floor":21,"damage_taken":0}],"boss_relics":[{"not_picked":["Runic Pyramid","Velvet Choker"],"picked":"Tiny House"}],"potions_floor_spawned":[3,11,16,18],"seed_played":"2146003330346704798","killed_by":"Book of Stabbing","is_trial":false}