{"gold_per_floor":[115,115,31,50,64,64,80,80,80,80,91,91,91,101,101,198,198,217,316,316,332,332],"floor_reached":22,"playtime":11234,"items_purged":[],"score":264,"play_id":"b16e4e4f-32ac-4dcf-81b1-76a9bfce139c","local_time":"20190725194343","is_ascension_mode":true,"campfire_choices":[{"floor":6,"key":"REST"},{"floor":8,"key":"REST"},{"floor":15,"key":"REST"}],"neow_cost":"TEN_PERCENT_HP_LOSS","seed_source_timestamp":1182138978334048,"circlet_count":0,"master_deck":["AscendersBane","Strike_B","Strike_B","Strike_B","Strike_B","Defend_B","Defend_B","Defend_B","Defend_B","Zap","Panacea","Magnetism","Madness","BootSequence","Echo Form","Defragment","Defragment"],"relics":["Cracked Core","Mummified Hand","Letter Opener","Ginger","Symbiotic Virus","Runic Pyramid"],"potions_floor_usage":[16],"damage_taken":[{"damage":12,"enemies":"Jaw Worm","floor":1,"turns":6},{"damage":10,"enemies":"Cultist","floor":4,"turns":5},{"damage":5,"enemies":"Small Slimes","floor":5,"turns":4},{"damage":22,"enemies":"Red Slaver","floor":7,"turns":5},{"damage":9,"enemies":"2 Fungi Beasts","floor":11,"turns":6},{"damage":11,"enemies":"Large Slime","floor":14,"turns":6},{"damage":45,"enemies":"The Guardian","floor":16,"turns":12},{"damage":18,"enemies":"3 Byrds","floor":18,"turns":4},{"damage":28,"enemies":"Shell Parasite","floor":21,"turns":8},{"damage":8,"enemies":"Shelled Parasite and Fungi","floor":22,"turns":1}],"seed_played":"775356947896008635","potions_obtained":[{"floor":7,"key":"Ancient Potion"},{"floor":14,"key":"Strength Potion"},{"floor":16,"key":"Fire Potion"},{"floor":18,"key":"SpeedPotion"}],"is_trial":false,"path_per_floor":["M","?","$","M","M","R","M","R","T","T","M","?","?","M","R","B",null,"M","?","?","M","M"],"character_chosen":"DEFECT","items_purchased":["Madness"],"campfire_rested":3,"item_purchase_floors":[3],"current_hp_per_floor":[56,53,53,43,38,58,36,56,56,56,47,47,47,36,56,11,54,36,36,36,8,0],"gold":332,"neow_bonus":"RANDOM_COLORLESS_2","is_prod":false,"is_daily":false,"chose_seed":false,"campfire_upgraded":0,"win_rate":0,"timestamp":1564101823,"path_taken":["M","?","$","M","M","R","M","R","T","?","?","?","?","M","R","BOSS","M","?","?","M","M"],"build_version":"2019-07-17","purchased_purges":0,"victory":false,"max_hp_per_floor":[68,68,68,68,68,68,68,68,68,68,68,68,68,68,68,68,68,68,68,68,68,68],"card_choices":[{"not_picked":["Stack","Gash","Go for the Eyes"],"picked":"SKIP","floor":1},{"not_picked":["Lockon","Hologram","Scrape"],"picked":"SKIP","floor":4},{"not_picked":["Hologram","Melter","Sweeping Beam"],"picked":"SKIP","floor":5},{"not_picked":["Doom and Gloom","Static Discharge","Turbo"],"picked":"SKIP","floor":7},{"not_picked":["Double Energy","Steam"],"picked":"BootSequence","floor":11},{"not_picked":["Stack","Ball Lightning","Beam Cell"],"picked":"SKIP","floor":14},{"not_picked":["Core Surge","Hyperbeam"],"picked":"Echo Form","floor":16},{"not_picked":["Cold Snap","Go for the Eyes"],"picked":"Defragment","floor":18},{"not_picked":["Steam","Streamline"],"picked":"Defragment","floor":21}],"player_experience":2490694,"relics_obtained":[{"floor":9,"key":"Letter Opener"},{"floor":10,"key":"Ginger"}],"event_choices":[{"damage_healed":0,"gold_gain":0,"player_choice":"Success","damage_taken":3,"relics_obtained":["Mummified Hand"],"max_hp_gain":0,"max_hp_loss":0,"event_name":"Scrap Ooze","floor":2,"gold_loss":0},{"damage_healed":0,"gold_gain":0,"player_choice":"Ignored","damage_taken":0,"max_hp_gain":0,"max_hp_loss":0,"event_name":"Liars Game","floor":12,"gold_loss":0},{"damage_healed":0,"gold_gain":0,"player_choice":"Gave Potion","damage_taken":0,"relics_obtained":["Symbiotic Virus"],"max_hp_gain":0,"max_hp_loss":0,"event_name":"WeMeetAgain","floor":13,"gold_loss":0},{"damage_healed":0,"gold_gain":99,"player_choice":"Stole From Cult","damage_taken":0,"max_hp_gain":0,"max_hp_loss":0,"event_name":"Nest","floor":19,"gold_loss":0},{"cards_removed":["Dualcast"],"damage_healed":0,"gold_gain":0,"player_choice":"Elegance","damage_taken":0,"max_hp_gain":0,"max_hp_loss":0,"event_name":"Back to Basics","floor":20,"gold_loss":0}],"is_beta":false,"boss_relics":[{"not_picked":["White Beast Statue","Nuclear Battery"],"picked":"Runic Pyramid"}],"items_purged_floors":[],"is_endless":false,"potions_floor_spawned":[7,14,16,18],"killed_by":"Shelled Parasite and Fungi","ascension_level":10}