{"gold_per_floor":[109,120,120,150,160,160,160,179,179,179,179,25,25,35,35,132,132,142,223,241,340,356,356,356,374,398,398,313,326,336,336,336,435,435,455,189,189,207,217,217,217,217,217,228,247,247],"floor_reached":46,"playtime":3185,"items_purged":["Strike_B","Strike_B","Strike_B"],"score":643,"play_id":"3a1e8531-ff27-4f3c-a806-96e96e7ee6b8","local_time":"20190718010627","is_ascension_mode":true,"campfire_choices":[{"floor":6,"key":"REST"},{"floor":11,"key":"REST"},{"data":"Redo","floor":13,"key":"SMITH"},{"data":"Scrape","floor":15,"key":"SMITH"},{"floor":23,"key":"REST"},{"floor":24,"key":"REST"},{"floor":27,"key":"REST"},{"floor":32,"key":"REST"},{"floor":40,"key":"REST"}],"neow_cost":"TEN_PERCENT_HP_LOSS","seed_source_timestamp":518347334609904,"circlet_count":0,"master_deck":["AscendersBane","Defend_B+1","Defend_B","Defend_B","Defend_B","Zap+1","Scrape+1","Redo+1","Conserve Battery","FTL","FTL","Cold Snap","Machine Learning","BootSequence","BootSequence+1","Cold Snap","Cold Snap","Core Surge","Glacier","Defragment","Madness","Madness","Cold Snap+1","Loop","Madness","Cold Snap"],"relics":["FrozenCore","Tiny Chest","WingedGreaves","Bottled Flame","Inserter","Matryoshka","Ancient Tea Set","Smiling Mask","DataDisk","Anchor"],"potions_floor_usage":[16,16,33,33],"damage_taken":[{"damage":7,"enemies":"Jaw Worm","floor":1,"turns":3},{"damage":11,"enemies":"Small Slimes","floor":2,"turns":3},{"damage":0,"enemies":"2 Louse","floor":5,"turns":3},{"damage":6,"enemies":"2 Fungi Beasts","floor":8,"turns":4},{"damage":0,"enemies":"Blue Slaver","floor":14,"turns":2},{"damage":34,"enemies":"Hexaghost","floor":16,"turns":8},{"damage":12,"enemies":"2 Thieves","floor":18,"turns":3},{"damage":0,"enemies":"Chosen","floor":20,"turns":3},{"damage":24,"enemies":"Shelled Parasite and Fungi","floor":22,"turns":6},{"damage":20,"enemies":"3 Cultists","floor":25,"turns":5},{"damage":21,"enemies":"Snake Plant","floor":29,"turns":5},{"damage":2,"enemies":"Centurion and Healer","floor":30,"turns":9},{"damage":70,"enemies":"Collector","floor":33,"turns":16},{"damage":2,"enemies":"3 Shapes","floor":35,"turns":11},{"damage":0,"enemies":"3 Darklings","floor":38,"turns":7},{"damage":0,"enemies":"4 Shapes","floor":39,"turns":10},{"damage":23,"enemies":"Jaw Worm Horde","floor":44,"turns":8},{"damage":5,"enemies":"Sphere and 2 Shapes","floor":45,"turns":12},{"damage":46,"enemies":"Transient","floor":46,"turns":3}],"seed_played":"-6030340685572583775","potions_obtained":[{"floor":1,"key":"Swift Potion"},{"floor":5,"key":"SteroidPotion"},{"floor":16,"key":"LiquidBronze"},{"floor":18,"key":"Block Potion"},{"floor":20,"key":"Ancient Potion"},{"floor":25,"key":"FairyPotion"},{"floor":33,"key":"Regen Potion"}],"is_trial":false,"path_per_floor":["M","M","?","?","M","R","T","M","T","?","R","$","R","M","R","B",null,"M","T","M","?","M","R","R","M","T","R","$","M","M","?","R","B",null,"M","$","?","M","M","R","?","?","T","M","M","M"],"character_chosen":"DEFECT","items_purchased":["FTL","BootSequence","DataDisk","Defragment"],"campfire_rested":7,"item_purchase_floors":[12,28,36,36],"current_hp_per_floor":[61,50,36,29,29,49,49,43,43,48,69,69,69,69,69,35,64,52,52,52,52,28,49,70,50,50,71,71,50,48,48,69,7,57,55,55,46,46,46,67,67,67,67,44,39,0],"gold":247,"neow_bonus":"TRANSFORM_TWO_CARDS","is_prod":false,"is_daily":false,"chose_seed":false,"campfire_upgraded":2,"win_rate":0,"timestamp":1563429987,"path_taken":["M","M","?","?","M","R","?","M","T","?","R","$","R","?","R","BOSS","M","?","?","?","M","R","R","M","T","R","?","M","M","?","R","BOSS","M","?","?","M","M","R","?","?","T","M","M","M"],"build_version":"2019-07-17","purchased_purges":3,"victory":false,"max_hp_per_floor":[68,68,68,68,68,68,68,68,68,73,73,73,73,73,73,73,73,73,73,73,73,73,73,73,73,73,73,73,73,73,73,73,73,73,73,73,73,73,73,73,73,73,73,73,73,73],"card_choices":[{"not_picked":["Melter","Coolheaded"],"picked":"Conserve Battery","floor":1},{"not_picked":["Hologram","Streamline","White Noise"],"picked":"SKIP","floor":2},{"not_picked":["Beam Cell","Go for the Eyes","Rebound"],"picked":"SKIP","floor":5},{"not_picked":["Gash","Aggregate"],"picked":"FTL","floor":8},{"not_picked":["Go for the Eyes","Compile Driver","Streamline"],"picked":"SKIP","floor":14},{"not_picked":["Stack","Streamline+1","Coolheaded"],"picked":"SKIP","floor":18},{"not_picked":["Leap","Conserve Battery"],"picked":"Cold Snap","floor":20},{"not_picked":["Coolheaded","Steam"],"picked":"Machine Learning","floor":22},{"not_picked":["Redo+1","Gash","Turbo"],"picked":"SKIP","floor":25},{"not_picked":["Double Energy","Coolheaded"],"picked":"BootSequence+1","floor":29},{"not_picked":["Tempest","Blizzard+1"],"picked":"Cold Snap","floor":30},{"not_picked":["Rainbow","Reboot"],"picked":"Core Surge","floor":33},{"not_picked":["Tempest","Ball Lightning+1"],"picked":"Glacier","floor":35},{"not_picked":["Leap+1","Self Repair+1"],"picked":"Cold Snap+1","floor":38},{"not_picked":["Stack","Self Repair+1"],"picked":"Loop","floor":39},{"not_picked":["Secret Technique","Bandage Up"],"picked":"Madness","floor":42},{"not_picked":["Reinforced Body","Leap","Blizzard"],"picked":"SKIP","floor":44},{"not_picked":["Undo+1","Genetic Algorithm"],"picked":"Cold Snap","floor":45}],"player_experience":2387675,"relics_obtained":[{"floor":7,"key":"WingedGreaves"},{"floor":9,"key":"Bottled Flame"},{"floor":19,"key":"Matryoshka"},{"floor":26,"key":"Ancient Tea Set"},{"floor":26,"key":"Smiling Mask"},{"floor":43,"key":"Anchor"}],"event_choices":[{"damage_healed":0,"gold_gain":0,"player_choice":"Entered Light","damage_taken":14,"max_hp_gain":0,"max_hp_loss":0,"event_name":"Shining Light","floor":3,"gold_loss":0,"cards_upgraded":["Zap","Defend_B"]},{"damage_healed":0,"gold_gain":0,"player_choice":"Success","damage_taken":7,"relics_obtained":["Tiny Chest"],"max_hp_gain":0,"max_hp_loss":0,"event_name":"Scrap Ooze","floor":4,"gold_loss":0},{"damage_healed":0,"gold_gain":0,"player_choice":"Donut","damage_taken":0,"max_hp_gain":5,"max_hp_loss":0,"event_name":"Big Fish","floor":10,"gold_loss":0},{"damage_healed":0,"gold_gain":99,"player_choice":"Stole From Cult","damage_taken":0,"max_hp_gain":0,"max_hp_loss":0,"event_name":"Nest","floor":21,"gold_loss":0},{"damage_healed":0,"gold_gain":0,"player_choice":"Copied","damage_taken":0,"max_hp_gain":0,"max_hp_loss":0,"event_name":"Duplicator","floor":31,"gold_loss":0,"cards_obtained":["Cold Snap"]},{"damage_healed":0,"gold_gain":0,"player_choice":"Embrace Madness","damage_taken":9,"max_hp_gain":0,"max_hp_loss":0,"event_name":"Winding Halls","floor":37,"gold_loss":0,"cards_obtained":["Madness","Madness"]},{"damage_healed":0,"gold_gain":0,"player_choice":"Ignored","damage_taken":0,"max_hp_gain":0,"max_hp_loss":0,"event_name":"Mysterious Sphere","floor":41,"gold_loss":0},{"damage_healed":0,"gold_gain":0,"player_choice":"Memory 1","damage_taken":0,"max_hp_gain":0,"max_hp_loss":0,"event_name":"SensoryStone","floor":42,"gold_loss":0}],"is_beta":false,"boss_relics":[{"not_picked":["Nuclear Battery","Velvet Choker"],"picked":"Inserter"},{"not_picked":["Philosopher\u0027s Stone","Snecko Eye"],"picked":"FrozenCore"}],"items_purged_floors":[12,28,36],"is_endless":false,"potions_floor_spawned":[1,5,16,18,20,25,33],"killed_by":"Transient","ascension_level":10}