{"gold_per_floor":[20,20,38,53,53,53,71,82,82,102,102,86,86,56,56,154,154,170,150,249,174,174],"floor_reached":22,"playtime":1080,"items_purged":["Barricade"],"score":331,"play_id":"526187af-46bc-4875-b6ca-5713576ec028","local_time":"20190707112635","is_ascension_mode":true,"campfire_choices":[{"floor":6,"key":"REST"},{"floor":11,"key":"REST"},{"data":"Barricade","floor":13,"key":"SMITH"},{"data":"Ghostly Armor","floor":15,"key":"SMITH"}],"neow_cost":"NO_GOLD","seed_source_timestamp":980671924771406,"circlet_count":0,"master_deck":["Strike_R","Strike_R","Strike_R","Strike_R","Defend_R","Defend_R","Defend_R","Defend_R","Bash","Barricade+1","Shrug It Off","Whirlwind","Ghostly Armor+1","Demon Form"],"relics":["Burning Blood","Shuriken","Cursed Key"],"potions_floor_usage":[16,16,16],"damage_taken":[{"damage":9,"enemies":"2 Louse","floor":1,"turns":7},{"damage":2,"enemies":"Jaw Worm","floor":3,"turns":8},{"damage":40,"enemies":"Cultist","floor":4,"turns":8},{"damage":0,"enemies":"3 Louse","floor":7,"turns":2},{"damage":0,"enemies":"2 Fungi Beasts","floor":8,"turns":4},{"damage":39,"enemies":"Gremlin Gang","floor":10,"turns":8},{"damage":3,"enemies":"Exordium Thugs","floor":12,"turns":4},{"damage":1,"enemies":"Looter","floor":14,"turns":4},{"damage":0,"enemies":"The Guardian","floor":16,"turns":29},{"damage":44,"enemies":"Spheric Guardian","floor":18,"turns":8},{"damage":17,"enemies":"2 Thieves","floor":19,"turns":5},{"damage":33,"enemies":"Sentry and Sphere","floor":22,"turns":4}],"seed_played":"1103760244661225675","potions_obtained":[{"floor":4,"key":"EssenceOfSteel"},{"floor":8,"key":"LiquidBronze"},{"floor":10,"key":"Ancient Potion"},{"floor":16,"key":"SpeedPotion"}],"is_trial":false,"path_per_floor":["M","?","M","M","$","R","M","M","T","M","R","M","R","M","R","B",null,"M","M","?","$","M"],"character_chosen":"IRONCLAD","items_purchased":[],"campfire_rested":2,"item_purchase_floors":[],"current_hp_per_floor":[69,69,73,39,39,63,69,75,75,42,66,69,69,74,74,80,80,42,31,31,31,0],"gold":174,"neow_bonus":"THREE_RARE_CARDS","is_prod":false,"is_daily":false,"chose_seed":false,"campfire_upgraded":2,"win_rate":0,"timestamp":1562516795,"path_taken":["M","?","M","M","$","R","M","M","T","M","R","M","R","M","R","BOSS","M","M","?","$","M"],"build_version":"2019-07-05","purchased_purges":1,"victory":false,"max_hp_per_floor":[80,80,80,80,80,80,80,80,80,80,80,80,80,80,80,80,80,80,80,80,80,80],"card_choices":[{"not_picked":["Feed","Brutality"],"picked":"Barricade","floor":0},{"not_picked":["Blood for Blood","Thunderclap"],"picked":"Shrug It Off","floor":1},{"not_picked":["Iron Wave","Clash","Dual Wield"],"picked":"SKIP","floor":3},{"not_picked":["Shrug It Off","Clash"],"picked":"Whirlwind","floor":4},{"not_picked":["Cleave","Iron Wave"],"picked":"Ghostly Armor","floor":7},{"not_picked":["Twin Strike","Flex","Wild Strike"],"picked":"SKIP","floor":8},{"not_picked":["Hemokinesis","Whirlwind","Double Tap"],"picked":"SKIP","floor":10},{"not_picked":["Sentinel","Anger","Spot Weakness"],"picked":"SKIP","floor":12},{"not_picked":["Sword Boomerang","Heavy Blade","Fire Breathing"],"picked":"SKIP","floor":14},{"not_picked":["Barricade","Offering"],"picked":"Demon Form","floor":16},{"not_picked":["Pommel Strike","Headbutt","Anger"],"picked":"SKIP","floor":18},{"not_picked":["Flex","Clothesline+1","Bloodletting"],"picked":"SKIP","floor":19}],"player_experience":2122912,"relics_obtained":[{"floor":9,"key":"Shuriken"}],"event_choices":[{"damage_healed":0,"gold_gain":0,"cards_transformed":["Strike_R"],"player_choice":"Change","damage_taken":0,"max_hp_gain":0,"max_hp_loss":0,"event_name":"Living Wall","floor":2,"gold_loss":0,"cards_obtained":["Barricade"]},{"damage_healed":0,"gold_gain":99,"player_choice":"Stole From Cult","damage_taken":0,"max_hp_gain":0,"max_hp_loss":0,"event_name":"Nest","floor":20,"gold_loss":0}],"is_beta":false,"boss_relics":[{"not_picked":["Astrolabe","Fusion Hammer"],"picked":"Cursed Key"}],"items_purged_floors":[21],"is_endless":false,"potions_floor_spawned":[4,8,10,12,16],"killed_by":"Sentry and Sphere","ascension_level":9}