{"gold_per_floor":[111,126,138,138,154,182,200,200,248,260,291,320,411,137,137,233,233,246,46,65,84,97,129,148,166,191,191,226,246,257,288,288,383,383,395,412,427,447,459,459,459,477,477,494,523,523,549,560,560,560],"floor_reached":51,"playtime":1997,"items_purged":[],"score":906,"play_id":"3f219036-623e-46ee-9790-2314e3fb1e50","local_time":"20190815010841","is_ascension_mode":false,"campfire_choices":[{"floor":8,"key":"REST"},{"floor":15,"key":"REST"},{"data":"Feed","floor":41,"key":"SMITH"}],"neow_cost":"NONE","seed_source_timestamp":463489572617789,"circlet_count":0,"master_deck":["Anger+1","Bash+1","Double Tap+1","Flex+1","Heavy Blade+1","Inflame+1","Limit Break+1","Spot Weakness+1","Thunderclap+1","Flex+1","Heavy Blade+1","Inflame+1","Limit Break+1","Flex+1","Whirlwind+1","Flex+1","Reaper+1","Limit Break+1","Feed+1"],"relics":["Burning Blood","Seething Fire","Hammer of Thor","Anvil of the Gods","Lantern","Juzu Bracelet","MawBank","MerchantsRug","Coffee Dripper","HandDrill","Ornamental Fan","Dream Catcher","Orichalcum","Potion Belt","Mark of Pain","Unceasing Top","Incense Burner","Kunai"],"potions_floor_usage":[],"damage_taken":[{"damage":0,"enemies":"2 Louse","floor":1,"turns":2},{"damage":0,"enemies":"Cultist","floor":2,"turns":1},{"damage":0,"enemies":"Small Slimes","floor":3,"turns":1},{"damage":32,"enemies":"3 Louse","floor":5,"turns":3},{"damage":18,"enemies":"Lagavulin","floor":6,"turns":5},{"damage":0,"enemies":"Looter","floor":7,"turns":1},{"damage":0,"enemies":"Exordium Wildlife","floor":11,"turns":2},{"damage":0,"enemies":"Exordium Thugs","floor":12,"turns":2},{"damage":0,"enemies":"Hexaghost","floor":16,"turns":2},{"damage":12,"enemies":"Shell Parasite","floor":18,"turns":2},{"damage":10,"enemies":"Spheric Guardian","floor":20,"turns":3},{"damage":5,"enemies":"Chosen and Byrds","floor":21,"turns":2},{"damage":0,"enemies":"Snake Plant","floor":22,"turns":1},{"damage":25,"enemies":"Slavers","floor":23,"turns":2},{"damage":12,"enemies":"Cultist and Chosen","floor":24,"turns":3},{"damage":0,"enemies":"Shelled Parasite and Fungi","floor":25,"turns":1},{"damage":30,"enemies":"Book of Stabbing","floor":28,"turns":3},{"damage":9,"enemies":"Snecko","floor":29,"turns":3},{"damage":0,"enemies":"3 Cultists","floor":30,"turns":1},{"damage":26,"enemies":"Slavers","floor":31,"turns":2},{"damage":12,"enemies":"Collector","floor":33,"turns":3},{"damage":2,"enemies":"3 Darklings","floor":35,"turns":2},{"damage":0,"enemies":"Orb Walker","floor":36,"turns":1},{"damage":26,"enemies":"Jaw Worm Horde","floor":37,"turns":3},{"damage":1,"enemies":"3 Darklings","floor":38,"turns":2},{"damage":15,"enemies":"4 Shapes","floor":39,"turns":1},{"damage":0,"enemies":"Spire Growth","floor":42,"turns":2},{"damage":12,"enemies":"Sphere and 2 Shapes","floor":44,"turns":1},{"damage":0,"enemies":"Reptomancer","floor":45,"turns":3},{"damage":41,"enemies":"Nemesis","floor":47,"turns":3},{"damage":0,"enemies":"Writhing Mass","floor":48,"turns":1},{"damage":85,"enemies":"Awakened One","floor":50,"turns":8}],"seed_played":"-3545178857397048215","potions_obtained":[{"floor":1,"key":"EntropicBrew"},{"floor":3,"key":"Poison Potion"},{"floor":5,"key":"BloodPotion"},{"floor":36,"key":"EssenceOfSteel"},{"floor":42,"key":"Regen Potion"}],"is_trial":false,"path_per_floor":["M","M","M","?","M","E","M","R","T","?","M","M","?","$","R","B",null,"M","$","M","M","M","E","M","M","T","R","E","M","M","E","R","B",null,"M","M","M","M","M","$","R","M","T","M","E","R","E","M","R","B",null],"character_chosen":"IRONCLAD","items_purchased":["Reaper","MerchantsRug","HandDrill"],"campfire_rested":2,"item_purchase_floors":[14,14,19],"current_hp_per_floor":[80,80,80,80,54,42,48,72,72,72,78,80,80,80,80,80,80,74,74,70,71,77,58,70,76,76,76,52,49,55,60,60,54,80,80,80,60,65,56,56,56,62,62,56,80,80,45,51,51,15],"gold":560,"neow_bonus":"RANDOM_COMMON_RELIC","is_prod":false,"is_daily":false,"chose_seed":false,"campfire_upgraded":1,"win_rate":0,"timestamp":1565845721,"path_taken":["M","M","M","?","M","E","M","R","T","?","M","M","?","$","R","BOSS","M","$","M","M","M","E","M","M","T","R","E","M","M","E","R","BOSS","M","M","M","M","M","$","R","M","T","M","E","R","E","M","R","BOSS"],"build_version":"2019-07-17","purchased_purges":0,"victory":true,"max_hp_per_floor":[80,80,80,80,80,80,80,80,80,80,80,80,80,80,80,80,80,80,80,80,80,80,80,80,80,80,80,80,80,80,80,80,80,80,80,80,80,80,80,80,80,80,80,80,80,80,80,80,80,80],"card_choices":[{"not_picked":["Wild Strike","Carnage"],"picked":"Flex","floor":1},{"not_picked":["Clash","Reckless Charge","Pommel Strike"],"picked":"SKIP","floor":2},{"not_picked":["Intimidate","Twin Strike","Barricade"],"picked":"SKIP","floor":3},{"not_picked":["Clothesline","Battle Trance","Whirlwind"],"picked":"SKIP","floor":5},{"not_picked":["Clothesline","Battle Trance","Whirlwind"],"picked":"SKIP","floor":5},{"not_picked":["Clothesline","Battle Trance","Whirlwind"],"picked":"SKIP","floor":5},{"not_picked":["Infernal Blade","Feel No Pain"],"picked":"Whirlwind","floor":6},{"not_picked":["Seeing Red","Perfected Strike","Cleave"],"picked":"SKIP","floor":7},{"not_picked":["Whirlwind","Feel No Pain"],"picked":"Flex","floor":11},{"not_picked":["Uppercut","Flex","Wild Strike"],"picked":"SKIP","floor":12},{"not_picked":["Juggernaut","Reaper"],"picked":"Limit Break","floor":16},{"not_picked":["Perfected Strike","Wild Strike","Flex"],"picked":"SKIP","floor":18},{"not_picked":["Perfected Strike","Wild Strike","Flex"],"picked":"SKIP","floor":18},{"not_picked":["Perfected Strike","Pommel Strike","Sever Soul+1"],"picked":"SKIP","floor":20},{"not_picked":["Shockwave","Perfected Strike","Warcry"],"picked":"SKIP","floor":21},{"not_picked":["Warcry+1","Pommel Strike+1"],"picked":"Searing Blow","floor":22},{"not_picked":["Fiend Fire","Cleave","Hemokinesis"],"picked":"SKIP","floor":23},{"not_picked":["Perfected Strike","Cleave","True Grit+1"],"picked":"SKIP","floor":24},{"not_picked":["Shrug It Off","Flex","Dark Embrace"],"picked":"SKIP","floor":25},{"not_picked":["Dual Wield","Blood for Blood","Iron Wave"],"picked":"SKIP","floor":28},{"not_picked":["Dropkick","Thunderclap+1","Pommel Strike"],"picked":"SKIP","floor":29},{"not_picked":["Disarm+1","Twin Strike","Feel No Pain"],"picked":"SKIP","floor":30},{"not_picked":["Dropkick","Power Through","Warcry"],"picked":"SKIP","floor":31},{"not_picked":["Juggernaut","Bludgeon"],"picked":"Feed","floor":33},{"not_picked":["True Grit","Havoc+1","Pommel Strike+1"],"picked":"SKIP","floor":35},{"not_picked":["Heavy Blade+1","Spot Weakness+1","Body Slam"],"picked":"SKIP","floor":36},{"not_picked":["Perfected Strike","Carnage","Fire Breathing"],"picked":"SKIP","floor":37},{"not_picked":["Perfected Strike+1","Sword Boomerang","Twin Strike+1"],"picked":"SKIP","floor":38},{"not_picked":["Combust+1","Iron Wave","Demon Form"],"picked":"SKIP","floor":39},{"not_picked":["Flex","Whirlwind","Havoc+1"],"picked":"SKIP","floor":42},{"not_picked":["Cleave+1","Intimidate+1","Thunderclap"],"picked":"SKIP","floor":44},{"not_picked":["Thunderclap","Havoc+1","Sword Boomerang+1"],"picked":"SKIP","floor":45},{"not_picked":["Battle Trance","Offering","Impervious"],"picked":"SKIP","floor":47},{"not_picked":["Wild Strike+1","Sword Boomerang","Twin Strike"],"picked":"SKIP","floor":48}],"player_experience":93166,"relics_obtained":[{"floor":6,"key":"Juzu Bracelet"},{"floor":9,"key":"MawBank"},{"floor":23,"key":"Ornamental Fan"},{"floor":26,"key":"Dream Catcher"},{"floor":28,"key":"Orichalcum"},{"floor":31,"key":"Potion Belt"},{"floor":43,"key":"Unceasing Top"},{"floor":45,"key":"Incense Burner"},{"floor":47,"key":"Kunai"}],"event_choices":[{"damage_healed":0,"gold_gain":0,"player_choice":"Bought 0 Potions","damage_taken":0,"max_hp_gain":0,"max_hp_loss":0,"event_name":"The Woman in Blue","floor":4,"gold_loss":0},{"damage_healed":0,"gold_gain":0,"player_choice":"Ignored","damage_taken":0,"max_hp_gain":0,"max_hp_loss":0,"event_name":"Liars Game","floor":10,"gold_loss":0},{"damage_healed":0,"gold_gain":79,"player_choice":"Gained Gold","damage_taken":0,"max_hp_gain":0,"max_hp_loss":0,"event_name":"Golden Wing","floor":13,"gold_loss":0}],"is_beta":false,"boss_relics":[{"not_picked":["Black Blood","Pandora\u0027s Box"],"picked":"Coffee Dripper"},{"not_picked":["Tiny House","Cursed Key"],"picked":"Mark of Pain"}],"items_purged_floors":[],"is_endless":false,"potions_floor_spawned":[1,3,5,11,16,18,20,23,31,33,35,36,42,44],"ascension_level":0}