{"gold_per_floor":[13,13,31,51,51,51,75,90,139,160,160,194,194,218,218,339,339,364,378,378,453,472,472,397,412,412,258,277,277,295,315,315,436,436,454,787,804,47,47,47],"floor_reached":40,"playtime":4165,"items_purged":["Writhe","Strike_R","Strike_R"],"score":598,"play_id":"d195f117-f690-4262-8962-7439f73426b0","local_time":"20190715140822","is_ascension_mode":true,"campfire_choices":[{"data":"Body Slam","floor":6.0,"key":"SMITH"},{"data":"Seeing Red","floor":11.0,"key":"SMITH"},{"floor":13.0,"key":"REST"},{"data":"Armaments","floor":15.0,"key":"SMITH"},{"floor":23.0,"key":"REST"},{"floor":29,"key":"REST"},{"data":"Body Slam","floor":32,"key":"SMITH"}],"neow_cost":"NO_GOLD","seed_source_timestamp":0,"circlet_count":0,"master_deck":["AscendersBane","Strike_R","Strike_R","Defend_R","Defend_R","Defend_R","Defend_R","Bash","Seeing Red+1","Body Slam+1","Armaments+1","Battle Trance","Reaper","Body Slam+1","Whirlwind+1","Shrug It Off","Metallicize+1","Apotheosis"],"special_seed":0,"relics":["Burning Blood","Magic Flower","Odd Mushroom","Velvet Choker","Sundial","Shuriken","Sozu","Medical Kit","Frozen Egg 2"],"potions_floor_usage":[33,33,33,33,33,33],"damage_taken":[{"damage":6.0,"enemies":"Jaw Worm","floor":1.0,"turns":6.0},{"damage":8.0,"enemies":"2 Louse","floor":3.0,"turns":3.0},{"damage":0.0,"enemies":"Small Slimes","floor":4.0,"turns":3.0},{"damage":6.0,"enemies":"Looter","floor":7.0,"turns":3.0},{"damage":9.0,"enemies":"Red Slaver","floor":8.0,"turns":4.0},{"damage":11.0,"enemies":"Blue Slaver","floor":10.0,"turns":4.0},{"damage":19.0,"enemies":"The Mushroom Lair","floor":12.0,"turns":6.0},{"damage":0.0,"enemies":"Exordium Wildlife","floor":14.0,"turns":7.0},{"damage":47.0,"enemies":"Hexaghost","floor":16.0,"turns":13.0},{"damage":15.0,"enemies":"Spheric Guardian","floor":18.0,"turns":8.0},{"damage":16.0,"enemies":"Chosen","floor":19.0,"turns":5.0},{"damage":44.0,"enemies":"Snecko","floor":22.0,"turns":7.0},{"damage":38.0,"enemies":"Centurion and Healer","floor":25.0,"turns":8.0},{"damage":4,"enemies":"Cultist and Chosen","floor":28,"turns":6},{"damage":49,"enemies":"Snake Plant","floor":30,"turns":6},{"damage":9,"enemies":"Centurion and Healer","floor":31,"turns":7},{"damage":85,"enemies":"Champ","floor":33,"turns":16},{"damage":0,"enemies":"Orb Walker","floor":35,"turns":3},{"damage":27,"enemies":"3 Darklings","floor":37,"turns":3},{"damage":71,"enemies":"Reptomancer","floor":40,"turns":6}],"seed_played":"-7816699670722309665","potions_obtained":[{"floor":1.0,"key":"Block Potion"},{"floor":8.0,"key":"FearPotion"},{"floor":16.0,"key":"Explosive Potion"},{"floor":19.0,"key":"EntropicBrew"},{"floor":28,"key":"BloodPotion"}],"is_trial":false,"path_per_floor":["M","?","M","M","?","R","M","M","T","M","R","?","R","M","R","B",null,"M","M","?","?","M","R","$","M","T","$","M","R","M","M","R","B",null,"M","?","M","$","?","E"],"character_chosen":"IRONCLAD","items_purchased":["Shrug It Off","Apotheosis","Medical Kit","Frozen Egg 2"],"campfire_rested":3,"item_purchase_floors":[27,38,38,38],"current_hp_per_floor":[75,55,56,65,65,65,68,68,68,66,66,56,80,80,80,42,71,65,64,64,56,32,56,56,39,39,39,56,80,49,61,61,12,63,72,72,62,62,62,0],"gold":47,"neow_bonus":"ONE_RARE_RELIC","is_prod":false,"is_daily":false,"chose_seed":false,"campfire_upgraded":4,"win_rate":0,"timestamp":1563217702,"path_taken":["M","?","M","M","?","R","M","M","T","M","R","?","R","M","R","BOSS","M","M","?","?","M","R","$","M","T","$","M","R","?","M","R","BOSS","M","?","M","$","?","E"],"build_version":"2019-07-05","purchased_purges":3,"victory":false,"max_hp_per_floor":[80,80,80,80,80,80,80,80,80,80,80,80,80,80,80,80,80,80,80,80,80,80,80,80,80,80,80,80,80,80,80,80,80,80,80,80,80,80,80,80],"card_choices":[{"not_picked":["Heavy Blade","Warcry"],"picked":"Seeing Red","floor":1.0},{"not_picked":["Pommel Strike","Demon Form"],"picked":"Body Slam","floor":3.0},{"not_picked":["Headbutt","Sword Boomerang","Searing Blow"],"picked":"SKIP","floor":4.0},{"not_picked":["Perfected Strike","Clash"],"picked":"Armaments","floor":7.0},{"not_picked":["Sentinel","Blood for Blood","Spot Weakness"],"picked":"SKIP","floor":8.0},{"not_picked":["Evolve","Anger"],"picked":"Battle Trance","floor":10.0},{"not_picked":["Dropkick","Carnage"],"picked":"Shrug It Off","floor":14.0},{"not_picked":["Feed","Berserk"],"picked":"Reaper","floor":16.0},{"not_picked":["Carnage","Infernal Blade+1","Havoc+1"],"picked":"SKIP","floor":18.0},{"not_picked":["True Grit+1","Blood for Blood","Anger"],"picked":"SKIP","floor":19.0},{"not_picked":["Clash","Limit Break"],"picked":"Body Slam","floor":22.0},{"not_picked":["Thunderclap","Shrug It Off+1"],"picked":"Whirlwind+1","floor":25.0},{"not_picked":["Spot Weakness","Wild Strike","Rage"],"picked":"SKIP","floor":28},{"not_picked":["Uppercut+1","Intimidate"],"picked":"Metallicize+1","floor":30},{"not_picked":["Iron Wave","Clothesline","Thunderclap"],"picked":"SKIP","floor":31},{"not_picked":["Thunderclap","Burning Pact","Wild Strike"],"picked":"SKIP","floor":35},{"not_picked":["Intimidate","Heavy Blade+1","Burning Pact+1"],"picked":"SKIP","floor":37}],"player_experience":2332608,"relics_obtained":[{"floor":12.0,"key":"Odd Mushroom"},{"floor":26.0,"key":"Shuriken"}],"event_choices":[{"damage_healed":0.0,"max_hp_gain":0.0,"max_hp_loss":0.0,"gold_gain":0.0,"event_name":"Golden Idol","player_choice":"Take Damage","floor":2.0,"gold_loss":0.0,"damage_taken":20.0,"relics_obtained":["Golden Idol"]},{"cards_removed":["Strike_R"],"damage_healed":0.0,"max_hp_gain":0.0,"max_hp_loss":0.0,"gold_gain":0.0,"event_name":"Living Wall","player_choice":"Forget","floor":5.0,"gold_loss":0.0,"damage_taken":0.0},{"damage_healed":0.0,"max_hp_gain":0.0,"max_hp_loss":0.0,"gold_gain":0.0,"event_name":"Mushrooms","player_choice":"Fought Mushrooms","floor":12.0,"gold_loss":0.0,"damage_taken":0.0},{"damage_healed":0.0,"max_hp_gain":0.0,"max_hp_loss":0.0,"gold_gain":0.0,"event_name":"The Mausoleum","player_choice":"Opened","floor":20.0,"gold_loss":0.0,"damage_taken":0.0,"relics_obtained":["Sundial"],"cards_obtained":["Writhe"]},{"damage_healed":0.0,"max_hp_gain":0.0,"max_hp_loss":0.0,"gold_gain":75.0,"event_name":"FaceTrader","player_choice":"Touch","floor":21.0,"gold_loss":0.0,"damage_taken":8.0},{"damage_healed":0,"gold_gain":333,"player_choice":"Gave Idol","damage_taken":0,"max_hp_gain":0,"max_hp_loss":0,"event_name":"The Moai Head","floor":36,"relics_lost":["Golden Idol"],"gold_loss":0},{"cards_removed":["Shrug It Off"],"damage_healed":0,"gold_gain":0,"player_choice":"Removed Skill","damage_taken":0,"max_hp_gain":0,"max_hp_loss":0,"event_name":"Falling","floor":39,"gold_loss":0}],"is_beta":false,"boss_relics":[{"not_picked":["Astrolabe","Ectoplasm"],"picked":"Velvet Choker"},{"not_picked":["Black Star","Orrery"],"picked":"Sozu"}],"items_purged_floors":[24,27,38],"is_endless":false,"potions_floor_spawned":[1,8,16,19,28,30,31,37],"killed_by":"Reptomancer","ascension_level":10}