{"gold_per_floor":[214,61,74,74,149,149,159,192,192,222,222,222,238,249,249,348,348,332,257,257,272,282,282,299,299],"floor_reached":25,"playtime":1501,"items_purged":["Dualcast"],"score":325,"play_id":"709698d4-dbc5-42ab-84c1-9dd649f6825b","local_time":"20190831114046","is_ascension_mode":true,"campfire_choices":[{"floor":6,"key":"REST"},{"floor":11,"key":"REST"},{"floor":15,"key":"REST"},{"floor":23,"key":"REST"}],"neow_cost":"NONE","seed_source_timestamp":1503674399795000,"circlet_count":0,"master_deck":["AscendersBane","Strike_B","Strike_B","Strike_B","Strike_B","Defend_B","Defend_B","Defend_B","Defend_B","Zap","Loop","Cold Snap","Capacitor","Glacier","All For One","Gash","Cold Snap"],"relics":["Cracked Core","Pantograph","Dodecahedron","WarpedTongs","Lizard Tail"],"potions_floor_usage":[8,16,16,22],"damage_taken":[{"damage":5,"enemies":"Small Slimes","floor":1,"turns":4},{"damage":11,"enemies":"2 Louse","floor":3,"turns":4},{"damage":0,"enemies":"Cultist","floor":7,"turns":4},{"damage":32,"enemies":"Gremlin Nob","floor":8,"turns":5},{"damage":7,"enemies":"Exordium Wildlife","floor":13,"turns":4},{"damage":2,"enemies":"Large Slime","floor":14,"turns":4},{"damage":33,"enemies":"The Guardian","floor":16,"turns":11},{"damage":24,"enemies":"2 Thieves","floor":18,"turns":5},{"damage":34,"enemies":"Spheric Guardian","floor":21,"turns":6},{"damage":69,"enemies":"Centurion and Healer","floor":22,"turns":20},{"damage":22,"enemies":"Snecko","floor":24,"turns":8},{"damage":7,"enemies":"Shelled Parasite and Fungi","floor":25,"turns":1}],"seed_played":"4945200513107836277","potions_obtained":[{"floor":8,"key":"Fruit Juice"},{"floor":13,"key":"PowerPotion"},{"floor":14,"key":"EssenceOfSteel"},{"floor":20,"key":"Regen Potion"},{"floor":20,"key":"Block Potion"},{"floor":22,"key":"Swift Potion"},{"floor":24,"key":"Weak Potion"}],"is_trial":false,"path_per_floor":["M","$","M","?","?","R","M","E","T","?","R","?","M","M","R","B",null,"M","?","?","M","M","R","M","M"],"character_chosen":"DEFECT","items_purchased":["Loop"],"campfire_rested":4,"item_purchase_floors":[2],"current_hp_per_floor":[63,63,52,52,45,67,67,40,40,40,64,64,57,55,79,47,72,48,48,48,14,2,26,4,0],"gold":299,"neow_bonus":"HUNDRED_GOLD","is_prod":false,"is_daily":false,"chose_seed":false,"campfire_upgraded":0,"win_rate":0,"timestamp":1567269646,"path_taken":["M","$","M","?","?","R","?","E","T","?","R","?","?","M","R","BOSS","M","?","?","?","M","R","?","M"],"build_version":"2019-07-17","purchased_purges":1,"victory":false,"max_hp_per_floor":[75,75,75,75,75,75,75,80,80,80,80,80,80,80,80,80,80,80,80,80,80,80,80,80,80],"card_choices":[{"not_picked":["Streamline","Rebound","Turbo"],"picked":"SKIP","floor":1},{"not_picked":["Ball Lightning","Compile Driver"],"picked":"Cold Snap","floor":3},{"not_picked":["Undo","Meteor Strike","Ball Lightning"],"picked":"SKIP","floor":7},{"not_picked":["Core Surge","Leap"],"picked":"Capacitor","floor":8},{"not_picked":["Compile Driver","Heatsinks","Redo"],"picked":"SKIP","floor":13},{"not_picked":["Compile Driver","Stack"],"picked":"Glacier","floor":14},{"not_picked":["Multi-Cast","Echo Form"],"picked":"All For One","floor":16},{"not_picked":["Sweeping Beam","Lockon+1","Skim"],"picked":"SKIP","floor":18},{"not_picked":["Leap","Genetic Algorithm","Compile Driver"],"picked":"SKIP","floor":21},{"not_picked":["Stack","Biased Cognition"],"picked":"Gash","floor":22},{"not_picked":["Leap","Scrape"],"picked":"Cold Snap","floor":24}],"player_experience":2942652,"relics_obtained":[{"floor":8,"key":"Pantograph"},{"floor":9,"key":"Dodecahedron"}],"event_choices":[{"damage_healed":0,"gold_gain":0,"player_choice":"Ignored","damage_taken":0,"max_hp_gain":0,"max_hp_loss":0,"event_name":"Liars Game","floor":4,"gold_loss":0},{"damage_healed":0,"gold_gain":75,"player_choice":"Touch","damage_taken":7,"max_hp_gain":0,"max_hp_loss":0,"event_name":"FaceTrader","floor":5,"gold_loss":0},{"damage_healed":0,"gold_gain":30,"player_choice":"Searched \u00271\u0027 times","damage_taken":0,"max_hp_gain":0,"max_hp_loss":0,"event_name":"Dead Adventurer","floor":10,"gold_loss":0},{"damage_healed":0,"gold_gain":0,"player_choice":"Rummage","damage_taken":0,"relics_obtained":["WarpedTongs"],"max_hp_gain":0,"max_hp_loss":0,"event_name":"Accursed Blacksmith","floor":12,"gold_loss":0,"cards_obtained":["Pain"]},{"cards_removed":["Pain"],"damage_healed":0,"gold_gain":0,"player_choice":"Gave Gold","damage_taken":0,"max_hp_gain":0,"max_hp_loss":0,"event_name":"Beggar","floor":19,"gold_loss":75},{"damage_healed":0,"gold_gain":0,"player_choice":"Got Potions","damage_taken":0,"max_hp_gain":0,"max_hp_loss":0,"event_name":"Lab","floor":20,"gold_loss":0}],"is_beta":false,"boss_relics":[{"not_picked":["Coffee Dripper","FrozenCore"],"picked":"Lizard Tail"}],"items_purged_floors":[2],"is_endless":false,"potions_floor_spawned":[8,13,14,22,24],"killed_by":"Shelled Parasite and Fungi","ascension_level":12}