{"gold_per_floor":[118,129,129,147,164,164,164,84,84,84,58,58,75,106,106,179,179,198,198,198,218,218],"floor_reached":22,"playtime":941,"items_purged":[],"score":304,"play_id":"6e049d35-7615-4704-bbd6-f8c5b7e05ea8","local_time":"20190830233517","is_ascension_mode":true,"campfire_choices":[{"data":"Carnage","floor":6,"key":"SMITH"},{"data":"Shockwave","floor":10,"key":"SMITH"},{"data":"Armaments","floor":12,"key":"SMITH"},{"data":"Searing Blow","floor":15,"key":"SMITH"}],"neow_cost":"NONE","seed_source_timestamp":118052452131300,"circlet_count":0,"master_deck":["AscendersBane","Strike_R","Strike_R","Strike_R","Strike_R","Defend_R","Defend_R","Defend_R","Bash","Burning Pact","Carnage+1","Shockwave+1","Inflame","Sword Boomerang","Inflame","Armaments+1","Searing Blow+2","Limit Break","Necronomicurse"],"relics":["Burning Blood","Letter Opener","Sundial","Pear","Runic Cube","Necronomicon"],"potions_floor_usage":[16],"damage_taken":[{"damage":10,"enemies":"Cultist","floor":1,"turns":4},{"damage":1,"enemies":"2 Louse","floor":2,"turns":3},{"damage":10,"enemies":"Small Slimes","floor":4,"turns":4},{"damage":10,"enemies":"Red Slaver","floor":5,"turns":3},{"damage":13,"enemies":"Large Slime","floor":13,"turns":3},{"damage":20,"enemies":"Lagavulin","floor":14,"turns":6},{"damage":28,"enemies":"Slime Boss","floor":16,"turns":6},{"damage":38,"enemies":"2 Thieves","floor":18,"turns":4},{"damage":7,"enemies":"Chosen","floor":21,"turns":2},{"damage":32,"enemies":"3 Cultists","floor":22,"turns":3}],"seed_played":"8186281258055989424","potions_obtained":[{"floor":1,"key":"Fire Potion"},{"floor":14,"key":"FearPotion"}],"is_trial":false,"path_per_floor":["M","M","T","M","M","R","?","$","T","R","$","R","M","E","R","B",null,"M","?","?","M","M"],"character_chosen":"IRONCLAD","items_purchased":["Sword Boomerang","Inflame","Armaments"],"campfire_rested":0,"item_purchase_floors":[8,8,11],"current_hp_per_floor":[68,73,73,69,65,65,65,65,65,65,65,65,58,54,54,32,76,44,28,28,27,0],"gold":218,"neow_bonus":"TRANSFORM_CARD","is_prod":false,"is_daily":false,"chose_seed":false,"campfire_upgraded":4,"win_rate":0,"timestamp":1567175717,"path_taken":["M","M","?","?","M","R","?","$","T","R","?","R","?","E","R","BOSS","M","?","?","M","M"],"build_version":"2019-07-17","purchased_purges":0,"victory":false,"max_hp_per_floor":[80,80,80,80,80,80,80,80,80,80,80,80,80,90,90,90,90,90,90,90,90,90],"card_choices":[{"not_picked":["Twin Strike","Wild Strike"],"picked":"Carnage","floor":1},{"not_picked":["Sever Soul","Havoc"],"picked":"Shockwave","floor":2},{"not_picked":["Intimidate","Armaments"],"picked":"Inflame","floor":4},{"not_picked":["True Grit","Warcry","Body Slam"],"picked":"SKIP","floor":5},{"not_picked":["Warcry","Havoc","Hemokinesis"],"picked":"SKIP","floor":13},{"not_picked":["Reckless Charge","Havoc"],"picked":"Searing Blow","floor":14},{"not_picked":["Berserk","Bludgeon"],"picked":"Limit Break","floor":16},{"not_picked":["Twin Strike+1","Clothesline","Anger"],"picked":"SKIP","floor":18},{"not_picked":["Perfected Strike","Havoc+1","Twin Strike"],"picked":"SKIP","floor":21}],"player_experience":505474,"relics_obtained":[{"floor":3,"key":"Letter Opener"},{"floor":9,"key":"Sundial"},{"floor":14,"key":"Pear"},{"floor":19,"key":"Necronomicon"}],"event_choices":[{"cards_removed":["Defend_R"],"damage_healed":0,"gold_gain":0,"player_choice":"Purged","damage_taken":0,"max_hp_gain":0,"max_hp_loss":0,"event_name":"Purifier","floor":7,"gold_loss":0},{"damage_healed":0,"gold_gain":0,"player_choice":"Obtained Book","damage_taken":16,"max_hp_gain":0,"max_hp_loss":0,"event_name":"Cursed Tome","floor":19,"gold_loss":0},{"damage_healed":0,"gold_gain":0,"player_choice":"Upgraded","damage_taken":0,"max_hp_gain":0,"max_hp_loss":0,"event_name":"Upgrade Shrine","floor":20,"gold_loss":0,"cards_upgraded":["Searing Blow"]}],"is_beta":false,"boss_relics":[{"not_picked":["Runic Pyramid","Runic Dome"],"picked":"Runic Cube"}],"items_purged_floors":[],"is_endless":false,"potions_floor_spawned":[1,14],"killed_by":"3 Cultists","ascension_level":13}