{"gold_per_floor":[112,112,126,138,155,155,155,155,155,155,170,184,184,200,200,297,297,309,309,309,309,323,323,248,262,289,32,48,66,66,76,76,76],"floor_reached":33,"playtime":31500,"items_purged":["Strike_G"],"score":289,"play_id":"72945e05-bb9a-4a14-9456-c8d1493fd830","local_time":"20190130084148","is_ascension_mode":true,"campfire_choices":[{"data":"Noxious Fumes","floor":6,"key":"SMITH"},{"data":"Neutralize","floor":8,"key":"SMITH"},{"data":"Survivor","floor":10,"key":"SMITH"},{"data":"Defend_G","floor":15,"key":"SMITH"},{"floor":23,"key":"REST"},{"data":"Corpse Explosion","floor":32,"key":"SMITH"}],"neow_cost":"NONE","seed_source_timestamp":1712405004171766,"circlet_count":0,"master_deck":["Defend_G","Defend_G","Defend_G","Defend_G","Defend_G+1","Strike_G","Strike_G","Strike_G","Survivor+1","Neutralize+1","Noxious Fumes+1","Backstab+1","Corpse Explosion+1","Backstab","Noxious Fumes","Catalyst"],"relics":["Ring of the Snake","NeowsBlessing","Gremlin Horn","Vajra","Eternal Feather","MutagenicStrength","Regal Pillow","Tiny Chest"],"potions_floor_usage":[16,16,16,16,16,33,33,33],"damage_taken":[{"damage":0,"enemies":"2 Louse","floor":1,"turns":1},{"damage":0,"enemies":"Cultist","floor":3,"turns":1},{"damage":0,"enemies":"Jaw Worm","floor":4,"turns":1},{"damage":10,"enemies":"2 Fungi Beasts","floor":5,"turns":4},{"damage":0,"enemies":"Red Slaver","floor":11,"turns":5},{"damage":0,"enemies":"3 Louse","floor":12,"turns":3},{"damage":4,"enemies":"Blue Slaver","floor":14,"turns":3},{"damage":2,"enemies":"The Guardian","floor":16,"turns":10},{"damage":16,"enemies":"Spheric Guardian","floor":18,"turns":5},{"damage":16,"enemies":"Shell Parasite","floor":22,"turns":7},{"damage":3,"enemies":"Centurion and Healer","floor":25,"turns":4},{"damage":15,"enemies":"Snake Plant","floor":28,"turns":6},{"damage":0,"enemies":"3 Cultists","floor":29,"turns":2},{"damage":12,"enemies":"Centurion and Healer","floor":31,"turns":6},{"damage":85,"enemies":"Collector","floor":33,"turns":7}],"seed_played":"8477030139616216445","potions_obtained":[{"floor":1,"key":"FearPotion"},{"floor":2,"key":"PowerPotion"},{"floor":2,"key":"SpeedPotion"},{"floor":2,"key":"EntropicBrew"},{"floor":4,"key":"SkillPotion"},{"floor":16,"key":"SkillPotion"},{"floor":22,"key":"Strength Potion"},{"floor":29,"key":"EssenceOfSteel"}],"is_trial":false,"path_per_floor":["M","?","M","M","M","R","?","R","T","R","M","M","?","M","R","B",null,"M","?","?","?","M","R","?","M","T","$","M","M","$","M","R","B"],"character_chosen":"THE_SILENT","items_purchased":["Noxious Fumes","Tiny Chest"],"campfire_rested":1,"item_purchase_floors":[27,27],"current_hp_per_floor":[70,70,70,70,60,60,57,57,57,57,57,57,57,53,53,51,70,54,54,54,54,38,68,68,65,65,65,50,50,50,38,47,0],"gold":76,"neow_bonus":"THREE_ENEMY_KILL","is_prod":false,"is_daily":false,"chose_seed":false,"campfire_upgraded":5,"win_rate":0,"timestamp":1548859308,"path_taken":["M","?","?","M","M","R","?","R","T","R","M","M","?","M","R","BOSS","M","?","?","?","M","R","?","M","T","$","M","M","$","M","R","BOSS"],"build_version":"2019-01-23","purchased_purges":1,"victory":false,"max_hp_per_floor":[70,70,70,70,70,70,70,70,70,70,70,70,70,70,70,70,70,70,70,70,70,70,70,70,70,70,70,70,70,70,70,70,70],"card_choices":[{"not_picked":["Well Laid Plans","Flechettes"],"picked":"Noxious Fumes","floor":1},{"not_picked":["Acrobatics","Bouncing Flask","Caltrops"],"picked":"SKIP","floor":3},{"not_picked":["Catalyst","Quick Slash","Blade Dance"],"picked":"SKIP","floor":4},{"not_picked":["Blade Dance","Quick Slash","Outmaneuver"],"picked":"SKIP","floor":5},{"not_picked":["Flying Knee","All Out Attack"],"picked":"Backstab","floor":11},{"not_picked":["Flying Knee","Deadly Poison","Slice"],"picked":"SKIP","floor":12},{"not_picked":["Endless Agony","PiercingWail","Quick Slash"],"picked":"SKIP","floor":14},{"not_picked":["A Thousand Cuts","Night Terror"],"picked":"Corpse Explosion","floor":16},{"not_picked":["Endless Agony","Predator","Sucker Punch"],"picked":"SKIP","floor":18},{"not_picked":["Bane","PiercingWail"],"picked":"Backstab","floor":22},{"not_picked":["Concentrate+1","Poisoned Stab","Bane"],"picked":"SKIP","floor":25},{"not_picked":["Calculated Gamble","PiercingWail","Bane"],"picked":"SKIP","floor":28},{"not_picked":["Crippling Poison","Quick Slash"],"picked":"Catalyst","floor":29},{"not_picked":["Acrobatics+1","Slice","Bane+1"],"picked":"SKIP","floor":31}],"player_experience":1159539,"relics_obtained":[{"floor":9,"key":"Vajra"},{"floor":26,"key":"Regal Pillow"}],"event_choices":[{"damage_healed":0,"gold_gain":0,"player_choice":"Got Potions","damage_taken":0,"max_hp_gain":0,"max_hp_loss":0,"event_name":"Lab","floor":2,"gold_loss":0},{"damage_healed":0,"gold_gain":0,"player_choice":"Success","damage_taken":3,"relics_obtained":["Gremlin Horn"],"max_hp_gain":0,"max_hp_loss":0,"event_name":"Scrap Ooze","floor":7,"gold_loss":0},{"damage_healed":0,"gold_gain":0,"player_choice":"Upgraded","damage_taken":0,"max_hp_gain":0,"max_hp_loss":0,"event_name":"Upgrade Shrine","floor":13,"gold_loss":0,"cards_upgraded":["Backstab"]},{"damage_healed":0,"gold_gain":0,"player_choice":"Ignored","damage_taken":0,"max_hp_gain":0,"max_hp_loss":0,"event_name":"Vampires","floor":19,"gold_loss":0},{"damage_healed":0,"gold_gain":0,"player_choice":"Inject Mutagens","damage_taken":0,"relics_obtained":["MutagenicStrength"],"max_hp_gain":0,"max_hp_loss":0,"event_name":"Drug Dealer","floor":20,"gold_loss":0},{"damage_healed":0,"gold_gain":0,"player_choice":"Ignored","damage_taken":0,"max_hp_gain":0,"max_hp_loss":0,"event_name":"Ghosts","floor":21,"gold_loss":0},{"cards_removed":["Strike_G"],"damage_healed":0,"gold_gain":0,"player_choice":"Gave Gold","damage_taken":0,"max_hp_gain":0,"max_hp_loss":0,"event_name":"Beggar","floor":24,"gold_loss":75}],"is_beta":false,"boss_relics":[{"not_picked":["Ectoplasm","Black Star"],"picked":"Eternal Feather"}],"items_purged_floors":[27],"is_endless":false,"potions_floor_spawned":[1,4,11,12,16,22,28,29],"killed_by":"Collector","ascension_level":4}