{"gold_per_floor":[114,64,139,64,64,64,103,124,124,143,43,56,70,90,90,213,213,234,58,58,18,43,43,86,86,86,105,128,128,43,43,43,171,171,187,210,210,210,210,228,263,263],"floor_reached":42,"playtime":11064,"items_purged":["Strike_G","Strike_G"],"score":755,"play_id":"cc148767-a1d7-4683-9cf8-a9869957b587","local_time":"20190709135116","is_ascension_mode":true,"campfire_choices":[{"floor":6,"key":"REST"},{"data":"Well Laid Plans","floor":15,"key":"SMITH"},{"floor":23,"key":"REST"},{"data":"Apotheosis","floor":25,"key":"SMITH"},{"floor":29,"key":"REST"},{"data":"After Image","floor":32,"key":"SMITH"}],"neow_cost":"NONE","seed_source_timestamp":1152071890064248,"circlet_count":0,"master_deck":["Strike_G","Defend_G","Defend_G","Defend_G","Defend_G","Defend_G","Survivor","Neutralize+1","Well Laid Plans+1","Cloak And Dagger","Footwork","Dash+1","Blur","Cloak And Dagger","After Image+1","Cloak And Dagger+1","Apotheosis+1","Noxious Fumes","Bouncing Flask","Dash+1","Corpse Explosion","Catalyst","Madness","Madness"],"relics":["Ring of the Snake","NeowsBlessing","Golden Idol","Pocketwatch","Pear","Lizard Tail","Snake Skull","Whetstone","Centennial Puzzle","Philosopher\u0027s Stone","Regal Pillow"],"potions_floor_usage":[16,16,16,24,33,41,41],"damage_taken":[{"damage":0,"enemies":"Jaw Worm","floor":1,"turns":1},{"damage":0,"enemies":"Lagavulin","floor":7,"turns":1},{"damage":0,"enemies":"Small Slimes","floor":8,"turns":1},{"damage":5,"enemies":"2 Louse","floor":10,"turns":3},{"damage":0,"enemies":"2 Fungi Beasts","floor":12,"turns":6},{"damage":3,"enemies":"3 Louse","floor":13,"turns":4},{"damage":0,"enemies":"Exordium Wildlife","floor":14,"turns":6},{"damage":47,"enemies":"Slime Boss","floor":16,"turns":33},{"damage":0,"enemies":"Shell Parasite","floor":18,"turns":13},{"damage":9,"enemies":"Chosen","floor":22,"turns":7},{"damage":0,"enemies":"Book of Stabbing","floor":24,"turns":9},{"damage":6,"enemies":"Centurion and Healer","floor":27,"turns":8},{"damage":17,"enemies":"3 Cultists","floor":28,"turns":6},{"damage":5,"enemies":"Champ","floor":33,"turns":11},{"damage":27,"enemies":"3 Darklings","floor":35,"turns":5},{"damage":0,"enemies":"3 Shapes","floor":36,"turns":4},{"damage":0,"enemies":"Maw","floor":40,"turns":7},{"damage":69,"enemies":"Reptomancer","floor":41,"turns":8},{"damage":15,"enemies":"4 Shapes","floor":42,"turns":1}],"seed_played":"5191097042242698072","potions_obtained":[{"floor":7,"key":"Dexterity Potion"},{"floor":10,"key":"Explosive Potion"},{"floor":13,"key":"GamblersBrew"},{"floor":16,"key":"Weak Potion"},{"floor":18,"key":"EssenceOfSteel"},{"floor":22,"key":"SteroidPotion"},{"floor":33,"key":"Weak Potion"},{"floor":40,"key":"PowerPotion"},{"floor":41,"key":"Swift Potion"}],"is_trial":false,"path_per_floor":["M","?","?","$","?","R","E","M","T","M","$","M","M","M","R","B",null,"M","$","?","$","M","R","E","R","T","M","M","R","?","$","R","B",null,"M","M","?","?","?","M","E","M"],"character_chosen":"THE_SILENT","items_purchased":["Apotheosis","Noxious Fumes"],"campfire_rested":3,"item_purchase_floors":[19,21],"current_hp_per_floor":[63,63,52,52,35,56,56,56,66,61,61,61,58,58,58,11,63,63,63,63,63,54,78,78,78,78,72,55,79,79,79,79,74,79,52,52,52,52,42,42,14,0],"gold":263,"neow_bonus":"THREE_ENEMY_KILL","is_prod":false,"is_daily":false,"chose_seed":false,"campfire_upgraded":3,"win_rate":0,"timestamp":1562698276,"path_taken":["M","?","?","$","?","R","E","M","T","M","?","?","M","M","R","BOSS","M","$","?","$","M","R","E","R","T","M","M","R","?","$","R","BOSS","M","M","?","?","?","M","E","?"],"build_version":"2019-07-05","purchased_purges":2,"victory":false,"max_hp_per_floor":[70,70,70,70,70,70,70,70,80,80,80,80,80,80,80,80,80,80,80,80,80,80,80,80,80,80,80,80,80,80,80,80,80,80,80,80,80,80,80,80,80,80],"card_choices":[{"not_picked":["Cloak And Dagger","Dagger Throw"],"picked":"Well Laid Plans","floor":1},{"not_picked":["Poisoned Stab","Die Die Die","Night Terror"],"picked":"SKIP","floor":7},{"not_picked":["Dagger Throw","Poisoned Stab"],"picked":"Cloak And Dagger","floor":8},{"not_picked":["Concentrate","Reflex"],"picked":"Footwork","floor":10},{"not_picked":["Underhanded Strike","Backflip"],"picked":"Dash","floor":12},{"not_picked":["Dodge and Roll","Deadly Poison"],"picked":"Blur","floor":13},{"not_picked":["A Thousand Cuts","Flying Knee"],"picked":"Cloak And Dagger","floor":14},{"not_picked":["Tools of the Trade","Unload"],"picked":"After Image","floor":16},{"not_picked":["Acrobatics","PiercingWail+1"],"picked":"Cloak And Dagger+1","floor":18},{"not_picked":["Blade Dance","Slice"],"picked":"Bouncing Flask","floor":22},{"not_picked":["Heel Hook","Quick Slash"],"picked":"Dash+1","floor":24},{"not_picked":["Prepared","Die Die Die","Well Laid Plans"],"picked":"SKIP","floor":27},{"not_picked":["Leg Sweep","Backflip","Acrobatics+1"],"picked":"SKIP","floor":28},{"not_picked":["Night Terror","Glass Knife"],"picked":"Corpse Explosion","floor":33},{"not_picked":["Dagger Throw+1","Backflip","Sucker Punch+1"],"picked":"SKIP","floor":35},{"not_picked":["Acrobatics","PiercingWail+1"],"picked":"Catalyst","floor":36},{"not_picked":["Terror","Eviscerate+1","Deadly Poison+1"],"picked":"SKIP","floor":40},{"not_picked":["Dagger Spray+1","Quick Slash","Deflect+1"],"picked":"SKIP","floor":41}],"player_experience":2168735,"relics_obtained":[{"floor":7,"key":"Pocketwatch"},{"floor":9,"key":"Pear"},{"floor":24,"key":"Snake Skull"},{"floor":26,"key":"Whetstone"},{"floor":41,"key":"Regal Pillow"}],"event_choices":[{"cards_removed":["Strike_G"],"damage_healed":0,"gold_gain":0,"player_choice":"Card Removal","damage_taken":0,"max_hp_gain":0,"max_hp_loss":0,"event_name":"The Cleric","floor":2,"gold_loss":50},{"damage_healed":0,"gold_gain":75,"player_choice":"Gather Gold","damage_taken":11,"max_hp_gain":0,"max_hp_loss":0,"event_name":"World of Goop","floor":3,"gold_loss":0},{"damage_healed":0,"gold_gain":0,"player_choice":"Take Damage","damage_taken":17,"relics_obtained":["Golden Idol"],"max_hp_gain":0,"max_hp_loss":0,"event_name":"Golden Idol","floor":5,"gold_loss":0},{"cards_removed":["Strike_G"],"damage_healed":0,"gold_gain":0,"player_choice":"Elegance","damage_taken":0,"max_hp_gain":0,"max_hp_loss":0,"event_name":"Back to Basics","floor":20,"gold_loss":0},{"damage_healed":0,"gold_gain":0,"player_choice":"Obtained Relic","damage_taken":0,"relics_obtained":["Centennial Puzzle"],"max_hp_gain":0,"max_hp_loss":0,"event_name":"Addict","floor":30,"gold_loss":85},{"damage_healed":0,"gold_gain":0,"player_choice":"Ignored","damage_taken":0,"max_hp_gain":0,"max_hp_loss":0,"event_name":"Tomb of Lord Red Mask","floor":37,"gold_loss":0},{"damage_healed":0,"gold_gain":0,"player_choice":"Memory 1","damage_taken":0,"max_hp_gain":0,"max_hp_loss":0,"event_name":"SensoryStone","floor":38,"gold_loss":0},{"damage_healed":0,"gold_gain":0,"player_choice":"Embrace Madness","damage_taken":10,"max_hp_gain":0,"max_hp_loss":0,"event_name":"Winding Halls","floor":39,"gold_loss":0,"cards_obtained":["Madness","Madness"]}],"is_beta":false,"boss_relics":[{"not_picked":["Orrery","Eternal Feather"],"picked":"Lizard Tail"},{"not_picked":["HoveringKite","Tiny House"],"picked":"Philosopher\u0027s Stone"}],"items_purged_floors":[4,11],"is_endless":false,"potions_floor_spawned":[7,10,13,16,18,22,33,40,41],"killed_by":"4 Shapes","ascension_level":9}