{"gold_per_floor":[117,117,129,141,168,180,219,243,278,309,321,333,345,375,387,501,513,538,465,477,509,521,533,545],"floor_reached":24,"playtime":928,"items_purged":[],"score":291,"play_id":"50f9f3ed-b89e-4985-b817-9ef81186f22a","local_time":"20190723082353","is_ascension_mode":true,"campfire_choices":[{"data":"Zap","floor":6,"key":"SMITH"},{"floor":12,"key":"REST"},{"floor":15,"key":"REST"},{"floor":23,"key":"REST"}],"neow_cost":"NONE","seed_source_timestamp":978873358040557,"circlet_count":0,"master_deck":["AscendersBane","Strike_B","Strike_B+1","Strike_B","Strike_B","Defend_B","Defend_B","Defend_B","Defend_B","Zap+1","Dualcast+1","Conserve Battery","Self Repair","Chill","Streamline","Thunder Strike","BootSequence"],"relics":["Cracked Core","Boot","MawBank","Strawberry","Happy Flower","Busted Crown","Nloth\u0027s Gift","Bottled Tornado"],"potions_floor_usage":[16,16,21],"damage_taken":[{"damage":4,"enemies":"Jaw Worm","floor":1,"turns":5},{"damage":8,"enemies":"2 Louse","floor":5,"turns":4},{"damage":50,"enemies":"Gremlin Nob","floor":7,"turns":5},{"damage":4,"enemies":"Small Slimes","floor":8,"turns":4},{"damage":4,"enemies":"Looter","floor":10,"turns":3},{"damage":13,"enemies":"Lots of Slimes","floor":14,"turns":6},{"damage":36,"enemies":"Slime Boss","floor":16,"turns":11},{"damage":29,"enemies":"Shell Parasite","floor":18,"turns":7},{"damage":46,"enemies":"2 Thieves","floor":21,"turns":5},{"damage":37,"enemies":"Snecko","floor":24,"turns":7}],"seed_played":"646705446184717385","potions_obtained":[{"floor":1,"key":"SpeedPotion"},{"floor":14,"key":"FearPotion"},{"floor":16,"key":"Explosive Potion"}],"is_trial":false,"path_per_floor":["M","?","?","$","M","R","E","M","T","M","$","R","?","M","R","B",null,"M","?","?","M","T","R","M"],"character_chosen":"DEFECT","items_purchased":[],"campfire_rested":3,"item_purchase_floors":[],"current_hp_per_floor":[64,61,66,66,58,58,15,18,18,21,21,47,30,24,50,21,71,49,49,49,10,10,36,0],"gold":545,"neow_bonus":"RANDOM_COMMON_RELIC","is_prod":false,"is_daily":false,"chose_seed":false,"campfire_upgraded":1,"win_rate":0,"timestamp":1563888233,"path_taken":["M","?","?","$","M","R","E","M","T","?","$","R","?","M","R","BOSS","M","?","?","?","?","R","M"],"build_version":"2019-07-17","purchased_purges":0,"victory":false,"max_hp_per_floor":[75,75,80,80,80,80,87,87,87,87,87,87,87,87,87,87,87,87,87,87,87,87,87,87],"card_choices":[{"not_picked":["Force Field","Steam"],"picked":"Conserve Battery","floor":1},{"not_picked":["Barrage","Leap","Hologram"],"picked":"SKIP","floor":5},{"not_picked":["Scrape","BootSequence"],"picked":"Self Repair","floor":7},{"not_picked":["Doom and Gloom","Genetic Algorithm"],"picked":"Chill","floor":8},{"not_picked":["Ball Lightning","Auto Shields","Beam Cell"],"picked":"SKIP","floor":10},{"not_picked":["Reprogram","Go for the Eyes"],"picked":"Streamline","floor":14},{"not_picked":["Multi-Cast","Seek"],"picked":"Thunder Strike","floor":16},{"not_picked":["Leap"],"picked":"SKIP","floor":18},{"not_picked":[],"picked":"BootSequence","floor":21}],"player_experience":2412119,"relics_obtained":[{"floor":7,"key":"Strawberry"},{"floor":9,"key":"Happy Flower"},{"floor":22,"key":"Bottled Tornado"}],"event_choices":[{"damage_healed":0,"gold_gain":0,"player_choice":"Success","damage_taken":3,"relics_obtained":["MawBank"],"max_hp_gain":0,"max_hp_loss":0,"event_name":"Scrap Ooze","floor":2,"gold_loss":0},{"damage_healed":0,"gold_gain":0,"player_choice":"Donut","damage_taken":0,"max_hp_gain":5,"max_hp_loss":0,"event_name":"Big Fish","floor":3,"gold_loss":0},{"damage_healed":0,"gold_gain":0,"player_choice":"Entered Light","damage_taken":17,"max_hp_gain":0,"max_hp_loss":0,"event_name":"Shining Light","floor":13,"gold_loss":0,"cards_upgraded":["Strike_B","Dualcast"]},{"damage_healed":0,"gold_gain":0,"player_choice":"Obtained Relic","damage_taken":0,"relics_obtained":["Ornamental Fan"],"max_hp_gain":0,"max_hp_loss":0,"event_name":"Addict","floor":19,"gold_loss":85},{"damage_healed":0,"gold_gain":0,"player_choice":"Traded Relic","damage_taken":0,"relics_obtained":["Nloth\u0027s Gift"],"max_hp_gain":0,"max_hp_loss":0,"event_name":"N\u0027loth","floor":20,"relics_lost":["Ornamental Fan"],"gold_loss":0}],"is_beta":false,"boss_relics":[{"not_picked":["White Beast Statue","Astrolabe"],"picked":"Busted Crown"}],"items_purged_floors":[],"is_endless":false,"potions_floor_spawned":[1,14,16],"killed_by":"Snecko","ascension_level":10}