{"gold_per_floor":[212,230,305,321,496,496,496,496,496,11,24,24,54,69,69,168,168,180,194,194,210,210,210,243,254,305,305,75,92,92,111,111,210,210,226,226,51,67,67,67,67,67,67,81,81,81],"floor_reached":46,"playtime":5318,"items_purged":["Doubt","Strike_G"],"score":684,"play_id":"a597eeb2-fd31-44bd-a1df-c3cb65a279b6","local_time":"20190823210642","is_ascension_mode":true,"campfire_choices":[{"data":"Neutralize","floor":6,"key":"SMITH"},{"data":"Dagger Spray","floor":8,"key":"SMITH"},{"data":"Cloak And Dagger","floor":12,"key":"SMITH"},{"data":"Footwork","floor":15,"key":"SMITH"},{"floor":23,"key":"REST"},{"floor":27,"key":"REST"},{"data":"Phantasmal Killer","floor":30,"key":"SMITH"},{"floor":32,"key":"REST"},{"floor":40,"key":"REST"},{"data":"Ghostly","floor":42,"key":"SMITH"},{"data":"Envenom","floor":45,"key":"SMITH"}],"neow_cost":"NONE","seed_source_timestamp":338980936594800,"circlet_count":0,"master_deck":["Strike_G","Defend_G","Defend_G","Defend_G","Defend_G","Survivor","Neutralize+1","Cloak And Dagger+1","Corpse Explosion","Dagger Spray+1","Neutralize","Madness","Footwork+1","Cloak And Dagger+1","PiercingWail","Blur+1","Well Laid Plans","Backstab","Envenom+1","Blade Dance","Dodge and Roll","Bane","Prepared","PiercingWail","Slice+1","Dagger Throw+1","Phantasmal Killer+1","Ghostly+1","Ghostly","Ghostly","Ghostly","Ghostly","Endless Agony","Acrobatics","Terror","Accuracy+1","Leg Sweep","Malaise","PiercingWail+1","Dagger Spray+1","Crippling Poison+1","Outmaneuver","Footwork","Calculated Gamble+1","Finisher"],"relics":["Ring of the Snake","Ornamental Fan","Oddly Smooth Stone","War Paint","Orrery","Enchiridion","Art of War","Strawberry","Vajra","Astrolabe","Letter Opener"],"potions_floor_usage":[16,25,33,33,38,44,44],"damage_taken":[{"damage":0,"enemies":"2 Louse","floor":1,"turns":3},{"damage":1,"enemies":"Cultist","floor":2,"turns":4},{"damage":5,"enemies":"Small Slimes","floor":4,"turns":5},{"damage":0,"enemies":"3 Louse","floor":11,"turns":2},{"damage":7,"enemies":"3 Sentries","floor":13,"turns":3},{"damage":4,"enemies":"Looter","floor":14,"turns":3},{"damage":0,"enemies":"Hexaghost","floor":16,"turns":18},{"damage":2,"enemies":"Shell Parasite","floor":18,"turns":9},{"damage":10,"enemies":"Chosen","floor":19,"turns":8},{"damage":11,"enemies":"Centurion and Healer","floor":21,"turns":9},{"damage":11,"enemies":"Slavers","floor":24,"turns":9},{"damage":10,"enemies":"Snecko","floor":25,"turns":6},{"damage":1,"enemies":"Shelled Parasite and Fungi","floor":29,"turns":7},{"damage":1,"enemies":"Centurion and Healer","floor":31,"turns":8},{"damage":32,"enemies":"Collector","floor":33,"turns":12},{"damage":7,"enemies":"Orb Walker","floor":35,"turns":6},{"damage":13,"enemies":"3 Darklings","floor":38,"turns":6},{"damage":3,"enemies":"Jaw Worm Horde","floor":44,"turns":3},{"damage":26,"enemies":"Transient","floor":46,"turns":5}],"seed_played":"7007976402066534960","potions_obtained":[{"floor":4,"key":"PowerPotion"},{"floor":13,"key":"Swift Potion"},{"floor":16,"key":"Dexterity Potion"},{"floor":19,"key":"Fire Potion"},{"floor":31,"key":"LiquidBronze"},{"floor":35,"key":"EssenceOfSteel"},{"floor":38,"key":"Weak Potion"},{"floor":44,"key":"Strength Potion"}],"is_trial":false,"path_per_floor":["M","M","?","M","?","R","?","R","T","$","M","R","E","M","R","B",null,"M","M","?","M","?","R","E","M","T","R","$","M","R","M","R","B",null,"M","?","$","M","$","R","?","R","T","M","R","M"],"character_chosen":"THE_SILENT","items_purchased":["Oddly Smooth Stone","Footwork","Cloak And Dagger","PiercingWail","GhostInAJar","Vajra","Terror","Footwork"],"campfire_rested":4,"item_purchase_floors":[10,10,10,10,10,28,28,37],"current_hp_per_floor":[63,62,51,46,46,46,46,46,46,46,46,46,39,35,35,35,61,59,49,33,22,22,32,21,11,18,30,30,29,29,28,40,8,34,27,27,27,14,14,26,26,26,26,23,23,0],"gold":81,"neow_bonus":"HUNDRED_GOLD","is_prod":false,"is_daily":false,"chose_seed":false,"campfire_upgraded":7,"win_rate":0,"timestamp":1566562002,"path_taken":["M","M","?","M","?","R","?","R","T","$","?","R","E","M","R","BOSS","M","M","?","M","?","R","E","M","T","R","$","M","R","M","R","BOSS","M","?","$","M","$","R","?","R","T","M","R","M"],"build_version":"2019-07-17","purchased_purges":2,"victory":false,"max_hp_per_floor":[70,70,70,70,70,70,70,70,70,70,70,70,70,70,70,70,70,70,70,70,70,35,35,35,35,42,42,42,42,42,42,42,42,42,42,42,42,42,42,42,42,42,42,42,42,42],"card_choices":[{"not_picked":["Flying Knee","Bane"],"picked":"Cloak And Dagger","floor":1},{"not_picked":["Outmaneuver","Caltrops"],"picked":"Corpse Explosion","floor":2},{"not_picked":["Slice","Outmaneuver"],"picked":"Dagger Spray","floor":4},{"not_picked":["Distraction","Prepared"],"picked":"Blur","floor":11},{"not_picked":["Expertise","Sucker Punch"],"picked":"Well Laid Plans","floor":13},{"not_picked":["Acrobatics","Dagger Throw"],"picked":"Backstab","floor":14},{"not_picked":["Doppelganger","Unload"],"picked":"Envenom","floor":16},{"not_picked":["Dodge and Roll","Bane"],"picked":"Blade Dance","floor":17},{"not_picked":["Dash","Bouncing Flask"],"picked":"Dodge and Roll","floor":17},{"not_picked":["Endless Agony","Eviscerate"],"picked":"Bane","floor":17},{"not_picked":["Flying Knee","Poisoned Stab"],"picked":"Prepared","floor":17},{"not_picked":["Endless Agony","Dagger Spray"],"picked":"PiercingWail","floor":17},{"not_picked":["Leg Sweep","Underhanded Strike"],"picked":"Slice+1","floor":18},{"not_picked":["Slice","Flying Knee"],"picked":"Dagger Throw+1","floor":19},{"not_picked":["Well Laid Plans","Poisoned Stab"],"picked":"Phantasmal Killer","floor":21},{"not_picked":["Sucker Punch","Dodge and Roll"],"picked":"Endless Agony","floor":24},{"not_picked":["Poisoned Stab","Flechettes"],"picked":"Acrobatics","floor":25},{"not_picked":["Deadly Poison","Bane"],"picked":"Accuracy+1","floor":29},{"not_picked":["Underhanded Strike","Acrobatics"],"picked":"Leg Sweep","floor":31},{"not_picked":["Glass Knife","Unload"],"picked":"Malaise","floor":33},{"not_picked":["Reflex","Dodge and Roll"],"picked":"Outmaneuver","floor":35},{"not_picked":["Escape Plan","Crippling Poison"],"picked":"Calculated Gamble+1","floor":38},{"not_picked":["Slice","Dodge and Roll"],"picked":"Finisher","floor":44}],"player_experience":406514,"relics_obtained":[{"floor":9,"key":"Ornamental Fan"},{"floor":13,"key":"War Paint"},{"floor":20,"key":"Enchiridion"},{"floor":24,"key":"Art of War"},{"floor":26,"key":"Strawberry"},{"floor":43,"key":"Letter Opener"}],"event_choices":[{"damage_healed":0,"gold_gain":75,"player_choice":"Gather Gold","damage_taken":11,"max_hp_gain":0,"max_hp_loss":0,"event_name":"World of Goop","floor":3,"gold_loss":0},{"damage_healed":0,"gold_gain":175,"player_choice":"AGREE","damage_taken":0,"max_hp_gain":0,"max_hp_loss":0,"event_name":"Liars Game","floor":5,"gold_loss":0,"cards_obtained":["Doubt"]},{"damage_healed":0,"gold_gain":0,"player_choice":"2 cards matched","damage_taken":0,"max_hp_gain":0,"max_hp_loss":0,"event_name":"Match and Keep!","floor":7,"gold_loss":0,"cards_obtained":["Neutralize","Madness"]},{"damage_healed":0,"gold_gain":0,"player_choice":"2 cards matched","damage_taken":0,"max_hp_gain":0,"max_hp_loss":0,"event_name":"Match and Keep!","floor":7,"gold_loss":0,"cards_obtained":["Neutralize","Madness"]},{"damage_healed":0,"gold_gain":0,"player_choice":"Obtained Book","damage_taken":16,"max_hp_gain":0,"max_hp_loss":0,"event_name":"Cursed Tome","floor":20,"gold_loss":0},{"damage_healed":0,"gold_gain":0,"player_choice":"Became a Ghost","damage_taken":0,"max_hp_gain":0,"max_hp_loss":35,"event_name":"Ghosts","floor":22,"gold_loss":0,"cards_obtained":["Ghostly","Ghostly","Ghostly","Ghostly","Ghostly"]},{"cards_removed":["Defend_G"],"damage_healed":0,"gold_gain":0,"player_choice":"Removed Skill","damage_taken":0,"max_hp_gain":0,"max_hp_loss":0,"event_name":"Falling","floor":36,"gold_loss":0},{"damage_healed":0,"gold_gain":0,"player_choice":"Ignored","damage_taken":0,"max_hp_gain":0,"max_hp_loss":0,"event_name":"Mysterious Sphere","floor":41,"gold_loss":0}],"is_beta":false,"boss_relics":[{"not_picked":["Empty Cage","Runic Pyramid"],"picked":"Orrery"},{"not_picked":["Black Star","Tiny House"],"picked":"Astrolabe"}],"items_purged_floors":[10,37],"is_endless":false,"potions_floor_spawned":[4,13,16,19,31,35,38,44],"killed_by":"Transient","ascension_level":6}