{"gold_per_floor":[111,111,111,111,127,127,127,154,154,25,25,36,36,36,36,133,133,148,48,64,64,64],"floor_reached":22,"playtime":10811,"items_purged":["Pain","Dualcast"],"score":287,"play_id":"480b64f1-b04d-42dc-85cc-138e7a95d3fa","local_time":"20190414174814","is_ascension_mode":true,"campfire_choices":[{"data":"Zap","floor":6,"key":"SMITH"},{"floor":11,"key":"REST"},{"data":"Conserve Battery","floor":13,"key":"SMITH"},{"data":"Cold Snap","floor":15,"key":"SMITH"}],"neow_cost":"NONE","seed_source_timestamp":387195524011718,"circlet_count":0,"master_deck":["Strike_B","Strike_B","Strike_B","Strike_B","Defend_B","Defend_B+1","Defend_B","Defend_B","Zap+1","Conserve Battery+1","FTL+1","Cold Snap+1","Buffer+1"],"relics":["Cracked Core","NeowsBlessing","Frozen Egg 2","WarpedTongs","Bag of Preparation","Question Card","Lizard Tail"],"potions_floor_usage":[16],"damage_taken":[{"damage":0,"enemies":"Small Slimes","floor":1,"turns":1},{"damage":0,"enemies":"Cultist","floor":5,"turns":1},{"damage":0,"enemies":"Gremlin Nob","floor":8,"turns":1},{"damage":1,"enemies":"2 Louse","floor":12,"turns":3},{"damage":15,"enemies":"The Guardian","floor":16,"turns":13},{"damage":34,"enemies":"3 Byrds","floor":18,"turns":8},{"damage":4,"enemies":"Shell Parasite","floor":20,"turns":5},{"damage":68,"enemies":"Masked Bandits","floor":22,"turns":7}],"seed_played":"3873441710941411705","potions_obtained":[{"floor":5,"key":"FearPotion"},{"floor":16,"key":"PowerPotion"},{"floor":18,"key":"GamblersBrew"},{"floor":20,"key":"Dexterity Potion"}],"is_trial":false,"path_per_floor":["M","?","?","?","M","R","?","E","T","$","R","M","R","$","R","B",null,"M","$","M","?","?"],"character_chosen":"DEFECT","items_purchased":["Cold Snap"],"campfire_rested":1,"item_purchase_floors":[10],"current_hp_per_floor":[68,61,66,66,66,66,50,50,50,50,74,73,73,73,73,58,75,41,41,37,21,0],"gold":64,"neow_bonus":"THREE_ENEMY_KILL","is_prod":false,"is_daily":false,"chose_seed":false,"campfire_upgraded":3,"win_rate":0,"timestamp":1555282094,"path_taken":["M","?","?","?","?","R","?","E","T","?","R","M","R","$","R","BOSS","M","$","M","?","?"],"build_version":"2019-01-23","purchased_purges":2,"victory":false,"max_hp_per_floor":[75,75,80,80,80,80,80,80,80,80,80,80,80,80,80,80,80,80,80,80,80,80],"card_choices":[{"not_picked":["Hologram","Beam Cell"],"picked":"Conserve Battery","floor":1},{"not_picked":["Streamline","Beam Cell"],"picked":"FTL","floor":5},{"not_picked":["Tempest","Doom and Gloom","Auto Shields"],"picked":"SKIP","floor":8},{"not_picked":["Go for the Eyes","Streamline","Redo","Stack"],"picked":"SKIP","floor":12},{"not_picked":["Rainbow","Meteor Strike","Hyperbeam"],"picked":"Buffer+1","floor":16},{"not_picked":["Leap","Sweeping Beam+1","Reprogram","Doom and Gloom+1"],"picked":"SKIP","floor":18},{"not_picked":["Compile Driver","Turbo+1","Storm+1","Stack"],"picked":"SKIP","floor":20}],"player_experience":1840584,"relics_obtained":[{"floor":8,"key":"Bag of Preparation"},{"floor":9,"key":"Question Card"}],"event_choices":[{"damage_healed":0,"gold_gain":0,"player_choice":"Success","damage_taken":7,"relics_obtained":["Frozen Egg 2"],"max_hp_gain":0,"max_hp_loss":0,"event_name":"Scrap Ooze","floor":2,"gold_loss":0},{"damage_healed":0,"gold_gain":0,"player_choice":"Donut","damage_taken":0,"max_hp_gain":5,"max_hp_loss":0,"event_name":"Big Fish","floor":3,"gold_loss":0},{"damage_healed":0,"gold_gain":0,"player_choice":"Rummage","damage_taken":0,"relics_obtained":["WarpedTongs"],"max_hp_gain":0,"max_hp_loss":0,"event_name":"Accursed Blacksmith","floor":4,"gold_loss":0,"cards_obtained":["Pain"]},{"damage_healed":0,"gold_gain":0,"player_choice":"Entered Light","damage_taken":16,"max_hp_gain":0,"max_hp_loss":0,"event_name":"Shining Light","floor":7,"gold_loss":0,"cards_upgraded":["FTL","Defend_B"]},{"damage_healed":0,"gold_gain":0,"player_choice":"Obtained Book","damage_taken":16,"max_hp_gain":0,"max_hp_loss":0,"event_name":"Cursed Tome","floor":21,"gold_loss":0},{"damage_healed":0,"gold_gain":0,"player_choice":"Fought Bandits","damage_taken":0,"max_hp_gain":0,"max_hp_loss":0,"event_name":"Masked Bandits","floor":22,"gold_loss":0}],"is_beta":false,"boss_relics":[{"not_picked":["Coffee Dripper","Eternal Feather"],"picked":"Lizard Tail"}],"items_purged_floors":[10,19],"is_endless":false,"potions_floor_spawned":[5,16,18,20],"killed_by":"Masked Bandits","ascension_level":8}