{"gold_per_floor":[114,114,130,143,143,143,162,162,189,189,209,222,222,239,239,343,343,354,20,20,38,56,56,56],"floor_reached":24,"playtime":26053,"items_purged":["Strike_B"],"score":266,"play_id":"f64f179f-047a-4219-9273-ed218335c98a","local_time":"20190601235848","is_ascension_mode":true,"campfire_choices":[{"data":"Zap","floor":6,"key":"SMITH"},{"data":"FTL","floor":8,"key":"SMITH"},{"floor":15,"key":"REST"},{"floor":23,"key":"REST"}],"neow_cost":"NONE","seed_source_timestamp":1359818938338922,"circlet_count":0,"master_deck":["Strike_B","Defend_B","Defend_B","Defend_B","Defend_B","Zap+1","Conserve Battery","FTL+1","Cold Snap","Conserve Battery"],"relics":["DataDisk","Bronze Scales","Orichalcum","Empty Cage","Toxic Egg 2","Nloth\u0027s Gift"],"potions_floor_usage":[16,16,16],"damage_taken":[{"damage":0,"enemies":"Small Slimes","floor":1,"turns":3},{"damage":1,"enemies":"Jaw Worm","floor":3,"turns":4},{"damage":2,"enemies":"2 Louse","floor":4,"turns":4},{"damage":2,"enemies":"Red Slaver","floor":7,"turns":4},{"damage":0,"enemies":"2 Fungi Beasts","floor":11,"turns":3},{"damage":0,"enemies":"Looter","floor":12,"turns":3},{"damage":12,"enemies":"3 Louse","floor":14,"turns":3},{"damage":21,"enemies":"Slime Boss","floor":16,"turns":10},{"damage":5,"enemies":"3 Byrds","floor":18,"turns":3},{"damage":6,"enemies":"Spheric Guardian","floor":21,"turns":6},{"damage":49,"enemies":"Centurion and Healer","floor":22,"turns":9},{"damage":39,"enemies":"Slavers","floor":24,"turns":2}],"seed_played":"-8566469573536613731","potions_obtained":[{"floor":4,"key":"Poison Potion"},{"floor":7,"key":"Energy Potion"},{"floor":12,"key":"GamblersBrew"},{"floor":14,"key":"Fire Potion"},{"floor":21,"key":"Poison Potion"}],"is_trial":false,"path_per_floor":["M","?","M","M","?","R","M","R","T","?","M","M","T","M","R","B",null,"M","$","?","M","M","R","E"],"character_chosen":"DEFECT","items_purchased":["Toxic Egg 2"],"campfire_rested":2,"item_purchase_floors":[19],"current_hp_per_floor":[68,61,60,58,63,63,61,61,61,61,61,61,61,49,73,52,73,68,68,68,62,13,37,0],"gold":56,"neow_bonus":"RANDOM_COMMON_RELIC","is_prod":false,"is_daily":false,"chose_seed":false,"campfire_upgraded":2,"win_rate":0,"timestamp":1559451528,"path_taken":["M","?","M","M","?","R","M","R","T","?","M","M","?","M","R","BOSS","M","$","?","?","M","R","E"],"build_version":"2019-01-23","purchased_purges":1,"victory":false,"max_hp_per_floor":[75,75,75,75,80,80,80,80,80,80,80,80,80,80,80,80,80,80,80,80,80,80,80,80],"card_choices":[{"not_picked":["Redo","Stack","Steam"],"picked":"SKIP","floor":1},{"not_picked":["Redo","Compile Driver"],"picked":"Conserve Battery","floor":3},{"not_picked":["Barrage","Cold Snap"],"picked":"FTL","floor":4},{"not_picked":["Streamline","Compile Driver","Turbo"],"picked":"SKIP","floor":7},{"not_picked":["Aggregate","Ball Lightning","Compile Driver"],"picked":"SKIP","floor":11},{"not_picked":["Gash","Barrage","Leap"],"picked":"SKIP","floor":12},{"not_picked":["Force Field","Sweeping Beam"],"picked":"Cold Snap","floor":14},{"not_picked":["Compile Driver+1","Coolheaded+1"],"picked":"Conserve Battery","floor":18},{"not_picked":["Coolheaded+1","Lockon","Beam Cell"],"picked":"SKIP","floor":21},{"not_picked":["Creative AI","Barrage+1","Beam Cell"],"picked":"SKIP","floor":22}],"player_experience":1974428,"relics_obtained":[{"floor":9,"key":"Bronze Scales"}],"event_choices":[{"cards_removed":["Dualcast"],"damage_healed":0,"gold_gain":0,"player_choice":"Card Removal","damage_taken":7,"max_hp_gain":0,"max_hp_loss":0,"event_name":"Golden Wing","floor":2,"gold_loss":0},{"damage_healed":0,"gold_gain":0,"player_choice":"Donut","damage_taken":0,"max_hp_gain":5,"max_hp_loss":0,"event_name":"Big Fish","floor":5,"gold_loss":0},{"damage_healed":0,"gold_gain":0,"player_choice":"Searched \u00271\u0027 times","damage_taken":0,"relics_obtained":["Orichalcum"],"max_hp_gain":0,"max_hp_loss":0,"event_name":"Dead Adventurer","floor":10,"gold_loss":0},{"damage_healed":0,"gold_gain":0,"player_choice":"Traded Relic","damage_taken":0,"relics_obtained":["Nloth\u0027s Gift"],"max_hp_gain":0,"max_hp_loss":0,"event_name":"N\u0027loth","floor":20,"relics_lost":["Cracked Core"],"gold_loss":0}],"is_beta":false,"boss_relics":[{"not_picked":["Busted Crown","Nuclear Battery"],"picked":"Empty Cage"}],"items_purged_floors":[19],"is_endless":false,"potions_floor_spawned":[4,7,12,14,21],"killed_by":"Slavers","ascension_level":8}