{"gold_per_floor":[118,118,132,132,147,147,182,182,208,227,227,272,290,328,328,448,448,469,59,59,73,73,73,73,93,117,137,137,150,150,150],"floor_reached":31,"playtime":29208,"items_purged":["Decay"],"score":395,"play_id":"9cefaaaa-b05d-4971-bda9-9e7c73d926d2","local_time":"20190810210259","is_ascension_mode":true,"campfire_choices":[{"floor":6,"key":"REST"},{"floor":8,"key":"REST"},{"floor":11,"key":"REST"},{"floor":15,"key":"REST"},{"floor":24,"key":"REST"},{"floor":28,"key":"REST"}],"neow_cost":"CURSE","seed_source_timestamp":649996141904200,"circlet_count":0,"master_deck":["AscendersBane","Strike_G","Strike_G","Strike_G+1","Strike_G","Strike_G+1","Defend_G","Defend_G","Defend_G","Defend_G","Defend_G","Survivor","Neutralize","Jack Of All Trades","Swift Strike","Noxious Fumes","Deadly Poison","Deadly Poison","Noxious Fumes","Backstab","After Image","Caltrops","Adrenaline","Caltrops","Catalyst","Deadly Poison"],"relics":["Ring of the Snake","Golden Idol","Pen Nib","Anchor","Peace Pipe","Runic Pyramid","Oddly Smooth Stone","Dream Catcher"],"potions_floor_usage":[7,12,16,16,31,31],"damage_taken":[{"damage":0,"enemies":"Small Slimes","floor":1,"turns":4},{"damage":2,"enemies":"2 Louse","floor":3,"turns":3},{"damage":2,"enemies":"Jaw Worm","floor":5,"turns":4},{"damage":24,"enemies":"Gremlin Nob","floor":7,"turns":4},{"damage":0,"enemies":"Looter","floor":10,"turns":4},{"damage":1,"enemies":"2 Fungi Beasts","floor":12,"turns":3},{"damage":15,"enemies":"Large Slime","floor":13,"turns":6},{"damage":12,"enemies":"3 Sentries","floor":14,"turns":6},{"damage":36,"enemies":"Slime Boss","floor":16,"turns":8},{"damage":0,"enemies":"Chosen","floor":18,"turns":6},{"damage":23,"enemies":"3 Byrds","floor":21,"turns":3},{"damage":35,"enemies":"Snecko","floor":25,"turns":7},{"damage":3,"enemies":"Centurion and Healer","floor":27,"turns":7},{"damage":36,"enemies":"3 Cultists","floor":29,"turns":5},{"damage":2,"enemies":"Snake Plant","floor":31,"turns":1}],"seed_played":"7892440915650619976","potions_obtained":[{"floor":1,"key":"Energy Potion"},{"floor":5,"key":"Strength Potion"},{"floor":10,"key":"FearPotion"},{"floor":12,"key":"Fruit Juice"},{"floor":14,"key":"SteroidPotion"},{"floor":18,"key":"Energy Potion"},{"floor":21,"key":"Weak Potion"},{"floor":29,"key":"SkillPotion"}],"is_trial":false,"path_per_floor":["M","?","M","?","M","R","E","R","T","M","R","M","M","E","R","B",null,"M","$","?","M","?","$","R","M","T","M","R","M","?","M"],"character_chosen":"THE_SILENT","items_purchased":["Adrenaline","Oddly Smooth Stone","Caltrops"],"campfire_rested":6,"item_purchase_floors":[19,19,19],"current_hp_per_floor":[63,49,47,30,28,49,25,46,46,46,67,71,56,44,66,30,64,64,64,64,41,41,41,63,28,28,25,47,11,2,0],"gold":150,"neow_bonus":"RANDOM_COLORLESS_2","is_prod":false,"is_daily":false,"chose_seed":false,"campfire_upgraded":0,"win_rate":0,"timestamp":1565488979,"path_taken":["M","?","M","?","M","R","E","R","T","M","R","M","M","E","R","BOSS","M","$","?","M","?","$","R","M","T","M","R","M","?","M"],"build_version":"2019-07-17","purchased_purges":1,"victory":false,"max_hp_per_floor":[70,70,70,70,70,70,70,70,70,70,70,75,75,75,75,75,75,75,75,75,75,75,75,75,75,75,75,75,75,75,75],"card_choices":[{"not_picked":["Flechettes","Eviscerate","Cloak And Dagger"],"picked":"SKIP","floor":1},{"not_picked":["Outmaneuver","Dagger Spray"],"picked":"Noxious Fumes","floor":3},{"not_picked":["Deflect","Bane","Flying Knee"],"picked":"SKIP","floor":5},{"not_picked":["PiercingWail","Backstab"],"picked":"Deadly Poison","floor":7},{"not_picked":["Prepared","Riddle With Holes"],"picked":"Deadly Poison","floor":10},{"not_picked":["Blade Dance","Malaise","Underhanded Strike"],"picked":"SKIP","floor":12},{"not_picked":["Deflect","Underhanded Strike"],"picked":"Noxious Fumes","floor":13},{"not_picked":["Slice","Grand Finale"],"picked":"Backstab","floor":14},{"not_picked":["Adrenaline","Grand Finale"],"picked":"After Image","floor":16},{"not_picked":["Endless Agony","Blade Dance"],"picked":"Caltrops","floor":18},{"not_picked":["Terror","Acrobatics","Skewer+1"],"picked":"SKIP","floor":21},{"not_picked":["Bouncing Flask+1","Dagger Throw"],"picked":"Deadly Poison","floor":25},{"not_picked":["Acrobatics","Grand Finale","Predator"],"picked":"SKIP","floor":27},{"not_picked":["Riddle With Holes+1","Flechettes","Dash"],"picked":"SKIP","floor":29}],"player_experience":2778568,"relics_obtained":[{"floor":7,"key":"Pen Nib"},{"floor":9,"key":"Anchor"},{"floor":14,"key":"Peace Pipe"},{"floor":26,"key":"Dream Catcher"}],"event_choices":[{"damage_healed":0,"gold_gain":0,"player_choice":"Entered Light","damage_taken":14,"max_hp_gain":0,"max_hp_loss":0,"event_name":"Shining Light","floor":2,"gold_loss":0,"cards_upgraded":["Strike_G","Strike_G"]},{"damage_healed":0,"gold_gain":0,"player_choice":"Take Damage","damage_taken":17,"relics_obtained":["Golden Idol"],"max_hp_gain":0,"max_hp_loss":0,"event_name":"Golden Idol","floor":4,"gold_loss":0},{"damage_healed":0,"gold_gain":0,"player_choice":"Read","damage_taken":0,"max_hp_gain":0,"max_hp_loss":0,"event_name":"The Library","floor":20,"gold_loss":0,"cards_obtained":["Catalyst"]},{"damage_healed":0,"gold_gain":0,"player_choice":"Ignored","damage_taken":0,"max_hp_gain":0,"max_hp_loss":0,"event_name":"Vampires","floor":22,"gold_loss":0},{"damage_healed":0,"gold_gain":0,"player_choice":"Stopped","damage_taken":9,"max_hp_gain":0,"max_hp_loss":0,"event_name":"Cursed Tome","floor":30,"gold_loss":0}],"is_beta":false,"boss_relics":[{"not_picked":["Black Star","Velvet Choker"],"picked":"Runic Pyramid"}],"items_purged_floors":[19],"is_endless":false,"potions_floor_spawned":[1,5,10,12,14,18,21,29],"killed_by":"Snake Plant","ascension_level":12}