{"gold_per_floor":[111,123,123,123,137,170,270,195,195,195],"floor_reached":10,"playtime":321,"items_purged":["Strike_B"],"score":102,"play_id":"ec777a86-c9b1-4f17-8e8c-a0de58294364","local_time":"20190804220005","is_ascension_mode":true,"campfire_choices":[],"neow_cost":"NONE","seed_source_timestamp":163872042111200,"circlet_count":0,"master_deck":["AscendersBane","Strike_B","Strike_B","Strike_B","Defend_B","Defend_B","Defend_B","Defend_B","Zap+1","Reinforced Body","Capacitor"],"relics":["Cracked Core","Anchor","Singing Bowl"],"potions_floor_usage":[10,10],"damage_taken":[{"damage":1,"enemies":"Cultist","floor":1,"turns":4},{"damage":2,"enemies":"Jaw Worm","floor":2,"turns":5},{"damage":3,"enemies":"2 Louse","floor":5,"turns":3},{"damage":19,"enemies":"Lagavulin","floor":6,"turns":8},{"damage":46,"enemies":"Gremlin Nob","floor":10,"turns":4}],"seed_played":"3997221313440209141","potions_obtained":[{"floor":1,"key":"Weak Potion"},{"floor":6,"key":"Strength Potion"}],"is_trial":false,"path_per_floor":["M","M","?","?","M","E","?","$","T","E"],"character_chosen":"DEFECT","items_purchased":[],"campfire_rested":0,"item_purchase_floors":[],"current_hp_per_floor":[67,65,65,65,62,43,43,43,43,0],"gold":195,"neow_bonus":"UPGRADE_CARD","is_prod":false,"is_daily":false,"chose_seed":false,"campfire_upgraded":0,"win_rate":0,"timestamp":1564974005,"path_taken":["M","?","?","?","M","E","?","$","T","E"],"build_version":"2019-07-17","purchased_purges":1,"victory":false,"max_hp_per_floor":[75,75,75,75,75,75,75,75,75,75],"card_choices":[{"not_picked":["Turbo","Barrage","Ball Lightning"],"picked":"SKIP","floor":1},{"not_picked":["Consume","Leap","Static Discharge"],"picked":"SKIP","floor":2},{"not_picked":["Skim","Self Repair"],"picked":"Reinforced Body","floor":5},{"not_picked":["Beam Cell","Conserve Battery"],"picked":"Capacitor","floor":6}],"player_experience":2681083,"relics_obtained":[{"floor":6,"key":"Anchor"},{"floor":9,"key":"Singing Bowl"}],"event_choices":[{"damage_healed":0,"gold_gain":0,"player_choice":"Ignored","damage_taken":0,"max_hp_gain":0,"max_hp_loss":0,"event_name":"Liars Game","floor":3,"gold_loss":0},{"cards_removed":["Dualcast"],"damage_healed":0,"gold_gain":0,"player_choice":"Forget","damage_taken":0,"max_hp_gain":0,"max_hp_loss":0,"event_name":"Living Wall","floor":4,"gold_loss":0},{"damage_healed":0,"gold_gain":100,"player_choice":"Pray","damage_taken":0,"max_hp_gain":0,"max_hp_loss":0,"event_name":"Golden Shrine","floor":7,"gold_loss":0}],"is_beta":false,"boss_relics":[],"items_purged_floors":[8],"is_endless":false,"potions_floor_spawned":[1,6],"killed_by":"Gremlin Nob","ascension_level":11}