{"path_per_floor":["M","?","$","?","?","M","$","M","T","R","E","M","R","M","R","B",null,"M","?","$","M","M","E","M","R","T","M","R","$","R","M","R"],"character_chosen":"THE_SILENT","items_purchased":["Dramatic Entrance","Apotheosis","Prepared","Accuracy"],"gold_per_floor":[109,109,11,11,0,18,18,35,108,108,139,150,150,163,163,264,264,274,274,23,38,54,79,89,89,140,160,160,33,33,50,50],"floor_reached":33,"campfire_rested":4,"playtime":2130,"current_hp_per_floor":[63,63,63,56,56,56,56,56,56,56,26,26,47,47,68,45,70,70,70,70,64,64,45,45,66,66,57,57,57,70,70,70],"items_purged":["Strike_G"],"gold":50,"play_id":"26b1755e-010c-4ad7-b489-b846b8a94591","is_prod":false,"is_daily":false,"is_ascension_mode":false,"campfire_upgraded":3,"path_taken":["M","?","$","?","?","?","?","M","T","R","E","M","R","?","R","BOSS","M","?","?","?","M","E","?","R","T","M","R","$","R","M","R","BOSS"],"build_version":"2018-01-25-PROD3","purchased_purges":1,"victory":false,"master_deck":["Defend_G+1","Defend_G+1","Defend_G+1","Defend_G+1","Strike_G+1","Strike_G+1","Strike_G+1","Survivor","Neutralize","Dagger Spray","Dramatic Entrance","Backstab+1","Flying Knee","Terror+1","Dagger Throw","Adrenaline","Blade Dance+1","Apotheosis+1","Prepared","Accuracy"],"max_hp_per_floor":[70,70,70,70,70,70,70,70,70,70,70,70,70,70,70,70,70,70,70,70,70,70,70,70,70,70,70,70,70,70,70,70],"relics":["Ring of the Snake","Omamori","Mummified Hand","Bag of Marbles","Smiling Mask","Lantern"],"card_choices":[{"not_picked":["Deadly Poison","Dagger Throw"],"picked":"Dagger Spray"},{"not_picked":["Slice","Deflect"],"picked":"Backstab"},{"not_picked":["Deflect","Burst"],"picked":"Flying Knee"},{"not_picked":["Riddle With Holes","Deflect"],"picked":"Terror"},{"not_picked":["Bane","Flying Knee"],"picked":"Dagger Throw"},{"not_picked":["Night Terror","Tools of the Trade"],"picked":"Adrenaline"},{"not_picked":["Underhanded Strike","Dagger Spray"],"picked":"Blade Dance"}],"player_experience":79543,"potions_floor_usage":[],"damage_taken":[{"damage":7.0,"enemies":"Small Slimes","floor":1.0,"turns":5.0},{"damage":0.0,"enemies":"2 Louse","floor":6.0,"turns":1.0},{"damage":0.0,"enemies":"Jaw Worm","floor":8.0,"turns":2.0},{"damage":30.0,"enemies":"Lagavulin","floor":11.0,"turns":9.0},{"damage":0.0,"enemies":"Looter","floor":12.0,"turns":1.0},{"damage":0.0,"enemies":"Large Slime","floor":14.0,"turns":3.0},{"damage":23.0,"enemies":"The Guardian","floor":16.0,"turns":10.0},{"damage":0.0,"enemies":"3 Byrds","floor":18.0,"turns":3.0},{"damage":6.0,"enemies":"Shell Parasite","floor":21.0,"turns":6.0},{"damage":0.0,"enemies":"3 Cultists","floor":22.0,"turns":3.0},{"damage":19.0,"enemies":"Slavers","floor":23.0,"turns":5.0},{"damage":0.0,"enemies":"Snecko","floor":24.0,"turns":5.0},{"damage":9.0,"enemies":"Snake Plant","floor":27.0,"turns":3.0},{"damage":0.0,"enemies":"Centurion and Healer","floor":31.0,"turns":4.0},{"damage":74,"enemies":"Automaton","floor":33,"turns":8}],"event_choices":[{"event_name":"Living Wall","player_choice":"Forget","floor":2.0,"damage_taken":0.0},{"event_name":"Golden Wing","player_choice":"Card Removal","floor":4.0,"damage_taken":0.0},{"event_name":"World of Goop","player_choice":"Left","floor":5.0,"damage_taken":0.0},{"event_name":"Back to Basics","player_choice":"Simplicity","floor":19.0,"damage_taken":0.0}],"boss_relics":[],"potions_floor_spawned":[11,12,16,22,27,31],"seed_played":"-6019510995825783948","killed_by":"Automaton","ascension_level":0,"is_trial":false}