{"gold_per_floor":[114,114,289,310,334,334,348,348,348,386,260,285,285,321,321,444,444,462,475,150,150],"floor_reached":21,"playtime":1041,"items_purged":["Doubt","Strike_B"],"score":286,"play_id":"2f8aa5a0-f6ce-414f-b0a9-ae6bb6ee585f","local_time":"20190816222457","is_ascension_mode":true,"campfire_choices":[{"floor":6,"key":"REST"},{"data":"Zap","floor":8,"key":"SMITH"},{"floor":15,"key":"REST"}],"neow_cost":"NONE","seed_source_timestamp":246768279289900,"circlet_count":0,"master_deck":["AscendersBane","Strike_B","Strike_B","Strike_B","Defend_B","Defend_B","Defend_B","Defend_B","Zap+1","Cold Snap","Cold Snap","Gash","Conserve Battery","Seek","FTL"],"relics":["Cracked Core","NeowsBlessing","Golden Idol","Cables","Letter Opener","Odd Mushroom","Busted Crown","Juzu Bracelet"],"potions_floor_usage":[16,16],"damage_taken":[{"damage":0,"enemies":"2 Louse","floor":1,"turns":1},{"damage":0,"enemies":"Small Slimes","floor":4,"turns":1},{"damage":0,"enemies":"Jaw Worm","floor":5,"turns":1},{"damage":9,"enemies":"Exordium Wildlife","floor":7,"turns":5},{"damage":29,"enemies":"3 Sentries","floor":10,"turns":8},{"damage":0,"enemies":"3 Louse","floor":12,"turns":3},{"damage":15,"enemies":"The Mushroom Lair","floor":14,"turns":4},{"damage":11,"enemies":"The Guardian","floor":16,"turns":11},{"damage":3,"enemies":"3 Byrds","floor":18,"turns":5},{"damage":22,"enemies":"Shell Parasite","floor":19,"turns":6},{"damage":43,"enemies":"Centurion and Healer","floor":21,"turns":5}],"seed_played":"6951057565262624553","potions_obtained":[{"floor":4,"key":"PowerPotion"},{"floor":10,"key":"PowerPotion"}],"is_trial":false,"path_per_floor":["M","?","?","M","M","R","M","R","T","E","$","M","?","?","R","B",null,"M","M","$","M"],"character_chosen":"DEFECT","items_purchased":["Gash","Juzu Bracelet","FTL"],"campfire_rested":2,"item_purchase_floors":[11,20,20],"current_hp_per_floor":[68,50,50,50,50,72,63,63,63,34,34,34,34,19,41,30,64,61,39,39,0],"gold":150,"neow_bonus":"THREE_ENEMY_KILL","is_prod":false,"is_daily":false,"chose_seed":false,"campfire_upgraded":1,"win_rate":0,"timestamp":1566012297,"path_taken":["M","?","?","M","M","R","M","R","T","E","$","M","?","?","R","BOSS","M","M","$","M"],"build_version":"2019-07-17","purchased_purges":2,"victory":false,"max_hp_per_floor":[75,75,75,75,75,75,75,75,75,75,75,75,75,75,75,75,75,75,75,75,75],"card_choices":[{"not_picked":["Steam","Static Discharge","Rebound"],"picked":"SKIP","floor":1},{"not_picked":["Skim","Hologram"],"picked":"Cold Snap","floor":4},{"not_picked":["Beam Cell","Stack","Redo"],"picked":"SKIP","floor":5},{"not_picked":["Stack","Leap","Hologram"],"picked":"SKIP","floor":7},{"not_picked":["Aggregate","Blizzard"],"picked":"Cold Snap","floor":10},{"not_picked":["Beam Cell","Meteor Strike","Ball Lightning"],"picked":"SKIP","floor":12},{"not_picked":["Hello World","Undo"],"picked":"Conserve Battery","floor":14},{"not_picked":["Rainbow","Biased Cognition"],"picked":"Seek","floor":16},{"not_picked":["Leap"],"picked":"SKIP","floor":18},{"not_picked":["Leap"],"picked":"SKIP","floor":19}],"player_experience":2836377,"relics_obtained":[{"floor":9,"key":"Cables"},{"floor":10,"key":"Letter Opener"},{"floor":14,"key":"Odd Mushroom"}],"event_choices":[{"damage_healed":0,"gold_gain":0,"player_choice":"Take Damage","damage_taken":18,"relics_obtained":["Golden Idol"],"max_hp_gain":0,"max_hp_loss":0,"event_name":"Golden Idol","floor":2,"gold_loss":0},{"damage_healed":0,"gold_gain":175,"player_choice":"AGREE","damage_taken":0,"max_hp_gain":0,"max_hp_loss":0,"event_name":"Liars Game","floor":3,"gold_loss":0,"cards_obtained":["Doubt"]},{"cards_removed":["Dualcast"],"damage_healed":0,"gold_gain":0,"player_choice":"Forget","damage_taken":0,"max_hp_gain":0,"max_hp_loss":0,"event_name":"Living Wall","floor":13,"gold_loss":0},{"damage_healed":0,"gold_gain":0,"player_choice":"Fought Mushrooms","damage_taken":0,"max_hp_gain":0,"max_hp_loss":0,"event_name":"Mushrooms","floor":14,"gold_loss":0}],"is_beta":false,"boss_relics":[{"not_picked":["Eternal Feather","Astrolabe"],"picked":"Busted Crown"}],"items_purged_floors":[11,20],"is_endless":false,"potions_floor_spawned":[4,10,12],"killed_by":"Centurion and Healer","ascension_level":12}