{"gold_per_floor":[15,15,36,57,57,57,91,91,91,114,2,22,22,57,57,182,182,203,128,2,26,51,51,72,72,72,72],"floor_reached":27,"playtime":1330,"items_purged":[],"score":298,"play_id":"b72aea7e-603c-4afc-85f8-bb5c9909f3dd","local_time":"20190827232907","is_ascension_mode":true,"campfire_choices":[{"floor":6,"key":"REST"},{"data":"Static Discharge","floor":8,"key":"SMITH"},{"floor":15,"key":"REST"},{"floor":23,"key":"REST"}],"neow_cost":"NO_GOLD","seed_source_timestamp":697123632003200,"circlet_count":0,"master_deck":["Strike_B","Defend_B+1","Defend_B","Defend_B","Defend_B","Zap","Dualcast","Reinforced Body+1","Static Discharge+1","Beam Cell","Doom and Gloom","Defragment","Double Energy","White Noise","Reinforced Body","Electrodynamics","Conserve Battery","Redo","FTL","Go for the Eyes","Darkness+1","Defragment"],"relics":["Cracked Core","Emotion Chip","Golden Idol","Sundial","Boot","Odd Mushroom","Empty Cage","Lantern"],"potions_floor_usage":[7],"damage_taken":[{"damage":5,"enemies":"2 Louse","floor":1,"turns":3},{"damage":7,"enemies":"Small Slimes","floor":3,"turns":3},{"damage":2,"enemies":"Jaw Worm","floor":4,"turns":4},{"damage":17,"enemies":"Lagavulin","floor":7,"turns":6},{"damage":3,"enemies":"Looter","floor":10,"turns":3},{"damage":8,"enemies":"2 Fungi Beasts","floor":12,"turns":3},{"damage":5,"enemies":"The Mushroom Lair","floor":14,"turns":4},{"damage":21,"enemies":"Hexaghost","floor":16,"turns":7},{"damage":15,"enemies":"Spheric Guardian","floor":18,"turns":5},{"damage":17,"enemies":"3 Byrds","floor":21,"turns":3},{"damage":23,"enemies":"Centurion and Healer","floor":22,"turns":2},{"damage":21,"enemies":"Snake Plant","floor":24,"turns":6},{"damage":7,"enemies":"Gremlin Leader","floor":27,"turns":1}],"seed_played":"-1697946701622006492","potions_obtained":[{"floor":4,"key":"AttackPotion"},{"floor":10,"key":"Fire Potion"},{"floor":12,"key":"Poison Potion"},{"floor":14,"key":"PowerPotion"},{"floor":21,"key":"LiquidBronze"}],"is_trial":false,"path_per_floor":["M","?","M","M","?","R","E","R","T","M","$","M","?","?","R","B",null,"M","?","$","M","M","R","M","?","T","E"],"character_chosen":"DEFECT","items_purchased":["Defragment","Double Energy","Redo","FTL"],"campfire_rested":3,"item_purchase_floors":[11,11,20,20],"current_hp_per_floor":[63,45,38,36,21,43,26,26,26,23,23,15,15,10,32,11,59,44,44,44,27,4,26,5,5,5,0],"gold":72,"neow_bonus":"ONE_RARE_RELIC","is_prod":false,"is_daily":false,"chose_seed":false,"campfire_upgraded":1,"win_rate":0,"timestamp":1566916147,"path_taken":["M","?","M","M","?","R","E","R","T","M","?","M","?","?","R","BOSS","M","?","$","M","M","R","M","?","T","E"],"build_version":"2019-07-17","purchased_purges":0,"victory":false,"max_hp_per_floor":[75,75,75,75,75,75,75,75,75,75,75,75,75,75,75,75,75,75,75,75,75,75,75,75,75,75,75],"card_choices":[{"not_picked":["Beam Cell","Skim"],"picked":"Reinforced Body","floor":1},{"not_picked":["Gash","Compile Driver"],"picked":"Static Discharge","floor":3},{"not_picked":["Leap","Coolheaded","Consume"],"picked":"SKIP","floor":4},{"not_picked":["Leap","Blizzard"],"picked":"Beam Cell","floor":7},{"not_picked":["Compile Driver","Rebound"],"picked":"Doom and Gloom","floor":10},{"not_picked":["Ball Lightning","Coolheaded"],"picked":"White Noise","floor":12},{"not_picked":["Turbo","Doom and Gloom"],"picked":"Reinforced Body","floor":14},{"not_picked":["Machine Learning","Meteor Strike"],"picked":"Electrodynamics","floor":16},{"not_picked":["BootSequence","Hologram"],"picked":"Conserve Battery","floor":18},{"not_picked":["Turbo+1","Steam"],"picked":"Go for the Eyes","floor":21},{"not_picked":["Steam","Gash","Barrage+1"],"picked":"SKIP","floor":22},{"not_picked":["Barrage","Consume"],"picked":"Darkness+1","floor":24}],"player_experience":442090,"relics_obtained":[{"floor":7,"key":"Sundial"},{"floor":9,"key":"Boot"},{"floor":14,"key":"Odd Mushroom"},{"floor":26,"key":"Lantern"}],"event_choices":[{"damage_healed":0,"gold_gain":0,"player_choice":"Take Damage","damage_taken":18,"relics_obtained":["Golden Idol"],"max_hp_gain":0,"max_hp_loss":0,"event_name":"Golden Idol","floor":2,"gold_loss":0},{"damage_healed":0,"gold_gain":0,"player_choice":"Entered Light","damage_taken":15,"max_hp_gain":0,"max_hp_loss":0,"event_name":"Shining Light","floor":5,"gold_loss":0,"cards_upgraded":["Reinforced Body","Defend_B"]},{"damage_healed":0,"gold_gain":0,"player_choice":"Searched \u00270\u0027 times","damage_taken":0,"max_hp_gain":0,"max_hp_loss":0,"event_name":"Dead Adventurer","floor":13,"gold_loss":0},{"damage_healed":0,"gold_gain":0,"player_choice":"Fought Mushrooms","damage_taken":0,"max_hp_gain":0,"max_hp_loss":0,"event_name":"Mushrooms","floor":14,"gold_loss":0},{"cards_removed":["Strike_B"],"damage_healed":0,"gold_gain":0,"player_choice":"Gave Gold","damage_taken":0,"max_hp_gain":0,"max_hp_loss":0,"event_name":"Beggar","floor":19,"gold_loss":75},{"damage_healed":0,"gold_gain":0,"player_choice":"Copied","damage_taken":0,"max_hp_gain":0,"max_hp_loss":0,"event_name":"Duplicator","floor":25,"gold_loss":0,"cards_obtained":["Defragment"]}],"is_beta":false,"boss_relics":[{"not_picked":["Eternal Feather","Black Star"],"picked":"Empty Cage"}],"items_purged_floors":[],"is_endless":false,"potions_floor_spawned":[4,10,12,14,21,22,24],"killed_by":"Gremlin Leader","ascension_level":8}