{"gold_per_floor":[111,111,129,129,129,129,204,204,204,204,129,145,188,209,209,335,335,356,296],"floor_reached":19,"playtime":642,"items_purged":["Bash"],"score":190,"play_id":"03b2e7fd-bb7f-487b-8825-52ba9a1086ec","local_time":"20181125134556","is_ascension_mode":true,"campfire_choices":[{"floor":6,"key":"RECALL"},{"floor":8,"key":"REST"},{"floor":15,"key":"REST"}],"neow_cost":"NONE","seed_source_timestamp":75326337878192,"circlet_count":0,"master_deck":["Strike_R","Strike_R","Strike_R","Strike_R+1","Strike_R+1","Defend_R","Defend_R","Defend_R","Defend_R","Ghostly Armor","Shrug It Off","Feed","Doubt","Parasite","Shame","Metallicize+1"],"relics":["Burning Blood","NeowsBlessing","Golden Idol","Mercury Hourglass","Charon\u0027s Ashes","Calling Bell","Centennial Puzzle","Shuriken","Nunchaku"],"potions_floor_usage":[16],"damage_taken":[{"damage":0,"enemies":"2 Louse","floor":1,"turns":1},{"damage":0,"enemies":"Small Slimes","floor":3,"turns":1},{"damage":0,"enemies":"Cultist","floor":12,"turns":1},{"damage":42,"enemies":"Gremlin Nob","floor":13,"turns":5},{"damage":8,"enemies":"Lots of Slimes","floor":14,"turns":4},{"damage":5,"enemies":"The Guardian","floor":16,"turns":14},{"damage":72,"enemies":"3 Byrds","floor":18,"turns":8},{"damage":21,"enemies":"2 Thieves","floor":19,"turns":2}],"seed_played":"-9220373789933170144","potions_obtained":[{"floor":13,"key":"Regen Potion"},{"floor":14,"key":"PowerPotion"}],"is_trial":false,"path_per_floor":["M","?","M","?","?","R","?","R","T","?","$","M","E","M","R","B",null,"M","M"],"character_chosen":"IRONCLAD","items_purchased":[],"campfire_rested":2,"item_purchase_floors":[],"current_hp_per_floor":[80,60,66,59,59,59,48,72,72,56,56,62,26,24,48,49,80,17,0],"gold":296,"neow_bonus":"THREE_ENEMY_KILL","is_prod":false,"is_daily":false,"chose_seed":false,"campfire_upgraded":0,"win_rate":0,"timestamp":1543175156,"path_taken":["M","?","M","?","?","R","?","R","T","?","?","M","E","?","R","BOSS","M","M"],"build_version":"2018-11-15","purchased_purges":1,"victory":false,"max_hp_per_floor":[80,80,80,80,80,80,80,80,80,80,80,80,80,80,80,80,80,83,83],"card_choices":[{"not_picked":["Body Slam","Perfected Strike","Clothesline"],"picked":"SKIP","floor":1},{"not_picked":["Warcry","Sword Boomerang","Fire Breathing"],"picked":"SKIP","floor":3},{"not_picked":["Clash","Reckless Charge","Headbutt"],"picked":"SKIP","floor":12},{"not_picked":["Headbutt","Limit Break"],"picked":"Ghostly Armor","floor":13},{"not_picked":["Armaments","Clash"],"picked":"Shrug It Off","floor":14},{"not_picked":["Limit Break","Berserk"],"picked":"Feed","floor":16},{"not_picked":["Second Wind","Perfected Strike+1"],"picked":"Metallicize+1","floor":18}],"player_experience":479530,"relics_obtained":[{"floor":13,"key":"Charon\u0027s Ashes"},{"floor":17,"key":"Centennial Puzzle"},{"floor":17,"key":"Shuriken"},{"floor":17,"key":"Nunchaku"}],"event_choices":[{"damage_healed":0,"gold_gain":0,"player_choice":"Take Damage","damage_taken":20,"relics_obtained":["Golden Idol"],"max_hp_gain":0,"max_hp_loss":0,"event_name":"Golden Idol","floor":2,"gold_loss":0},{"damage_healed":0,"gold_gain":0,"player_choice":"Success","damage_taken":7,"relics_obtained":["Mercury Hourglass"],"max_hp_gain":0,"max_hp_loss":0,"event_name":"Scrap Ooze","floor":4,"gold_loss":0},{"damage_healed":0,"gold_gain":0,"player_choice":"Ignored","damage_taken":0,"max_hp_gain":0,"max_hp_loss":0,"event_name":"Liars Game","floor":5,"gold_loss":0},{"damage_healed":0,"gold_gain":75,"player_choice":"Gather Gold","damage_taken":11,"max_hp_gain":0,"max_hp_loss":0,"event_name":"World of Goop","floor":7,"gold_loss":0},{"damage_healed":0,"gold_gain":0,"player_choice":"Entered Light","damage_taken":16,"max_hp_gain":0,"max_hp_loss":0,"event_name":"Shining Light","floor":10,"gold_loss":0,"cards_upgraded":["Strike_R","Strike_R"]}],"is_beta":false,"boss_relics":[{"not_picked":["Astrolabe","Ectoplasm"],"picked":"Calling Bell"}],"items_purged_floors":[11],"is_endless":false,"potions_floor_spawned":[13,14],"killed_by":"2 Thieves","ascension_level":3}