{"gold_per_floor":[111,126,126,145,156,183,195,195,195,195,213,213,213,213,213,213],"floor_reached":16,"playtime":824,"items_purged":[],"score":153,"play_id":"3c1fe140-0402-4abe-a135-eb41c27622ae","local_time":"20190716135607","is_ascension_mode":true,"campfire_choices":[{"floor":10,"key":"REST"},{"floor":12,"key":"REST"},{"data":"Body Slam","floor":15,"key":"SMITH"}],"neow_cost":"NONE","seed_source_timestamp":394088961344727,"circlet_count":0,"master_deck":["AscendersBane","Strike_R","Strike_R","Strike_R","Strike_R","Defend_R","Defend_R","Defend_R","Defend_R","Bash","Body Slam+1","Ghostly Armor","Flame Barrier","Shrug It Off","Battle Trance","Berserk"],"relics":["Burning Blood","Centennial Puzzle","Vajra","Juzu Bracelet","Mummified Hand","The Courier"],"potions_floor_usage":[6,6,16,16,16],"damage_taken":[{"damage":6,"enemies":"2 Louse","floor":1,"turns":4},{"damage":1,"enemies":"Cultist","floor":2,"turns":4},{"damage":9,"enemies":"Jaw Worm","floor":4,"turns":6},{"damage":6,"enemies":"Lots of Slimes","floor":5,"turns":6},{"damage":40,"enemies":"Lagavulin","floor":6,"turns":8},{"damage":30,"enemies":"Large Slime","floor":7,"turns":10},{"damage":0,"enemies":"Looter","floor":11,"turns":4},{"damage":70,"enemies":"Slime Boss","floor":16,"turns":10}],"seed_played":"-8534418231707237039","potions_obtained":[{"floor":1,"key":"FearPotion"},{"floor":2,"key":"FearPotion"},{"floor":4,"key":"Swift Potion"},{"floor":7,"key":"EssenceOfSteel"},{"floor":14,"key":"SkillPotion"},{"floor":14,"key":"EssenceOfSteel"}],"is_trial":false,"path_per_floor":["M","M","?","M","M","E","M","?","T","R","M","R","?","?","R","B"],"character_chosen":"IRONCLAD","items_purchased":[],"campfire_rested":2,"item_purchase_floors":[],"current_hp_per_floor":[72,77,77,74,74,40,16,16,16,40,46,70,70,70,70,0],"gold":213,"neow_bonus":"RANDOM_COMMON_RELIC","is_prod":false,"is_daily":false,"chose_seed":false,"campfire_upgraded":1,"win_rate":0,"timestamp":1563303367,"path_taken":["M","M","?","M","?","E","M","?","T","R","M","R","?","?","R","BOSS"],"build_version":"2019-07-05","purchased_purges":0,"victory":false,"max_hp_per_floor":[80,80,80,80,80,80,80,80,80,80,80,80,80,80,80,80],"card_choices":[{"not_picked":["Reckless Charge","True Grit"],"picked":"Body Slam","floor":1},{"not_picked":["Fire Breathing","Infernal Blade"],"picked":"Ghostly Armor","floor":2},{"not_picked":["Perfected Strike","Power Through"],"picked":"Flame Barrier","floor":4},{"not_picked":["Thunderclap","Anger"],"picked":"Shrug It Off","floor":5},{"not_picked":["Reckless Charge","Anger"],"picked":"Battle Trance","floor":6},{"not_picked":["Spot Weakness","Sword Boomerang","Rupture"],"picked":"SKIP","floor":7},{"not_picked":["Battle Trance","Dual Wield","Anger"],"picked":"SKIP","floor":11}],"player_experience":2352746,"relics_obtained":[{"floor":6,"key":"Juzu Bracelet"},{"floor":9,"key":"The Courier"}],"event_choices":[{"damage_healed":0,"gold_gain":0,"player_choice":"Gave Potion","damage_taken":0,"relics_obtained":["Vajra"],"max_hp_gain":0,"max_hp_loss":0,"event_name":"WeMeetAgain","floor":3,"gold_loss":0},{"damage_healed":0,"gold_gain":0,"player_choice":"Searched \u00271\u0027 times","damage_taken":0,"relics_obtained":["Mummified Hand"],"max_hp_gain":0,"max_hp_loss":0,"event_name":"Dead Adventurer","floor":8,"gold_loss":0},{"damage_healed":0,"gold_gain":0,"cards_transformed":["Strike_R"],"player_choice":"Transformed","damage_taken":0,"max_hp_gain":0,"max_hp_loss":0,"event_name":"Transmorgrifier","floor":13,"gold_loss":0,"cards_obtained":["Berserk"]},{"damage_healed":0,"gold_gain":0,"player_choice":"Got Potions","damage_taken":0,"max_hp_gain":0,"max_hp_loss":0,"event_name":"Lab","floor":14,"gold_loss":0}],"is_beta":false,"boss_relics":[],"items_purged_floors":[],"is_endless":false,"potions_floor_spawned":[1,2,4,7],"killed_by":"Slime Boss","ascension_level":10}