{"gold_per_floor":[111,111,111,131,131,131,160,176,176,195,219,249,269,288,288,388,388,408,115,115,132,146,146],"floor_reached":23,"playtime":1105,"items_purged":["Strike_B"],"score":309,"play_id":"74c6b4dd-4ea1-4835-8eb4-d88758258f7b","local_time":"20190828180155","is_ascension_mode":true,"campfire_choices":[{"data":"Zap","floor":6,"key":"SMITH"},{"floor":15,"key":"REST"}],"neow_cost":"NONE","seed_source_timestamp":1267734745499500,"circlet_count":0,"master_deck":["AscendersBane","Strike_B","Strike_B","Strike_B","Defend_B","Defend_B","Defend_B","Defend_B","Zap+1","Electrodynamics","Glacier","Gash","FTL","BootSequence","Conserve Battery","Buffer","FTL+1","Gash","Loop","Loop"],"relics":["Cracked Core","Kunai","Turnip","Orichalcum","Lantern","Boot","White Beast Statue","Runic Capacitor"],"potions_floor_usage":[7,18,18,23],"damage_taken":[{"damage":0,"enemies":"Cultist","floor":1,"turns":4},{"damage":0,"enemies":"2 Louse","floor":4,"turns":3},{"damage":23,"enemies":"Lagavulin","floor":7,"turns":5},{"damage":0,"enemies":"Jaw Worm","floor":8,"turns":3},{"damage":0,"enemies":"3 Louse","floor":10,"turns":3},{"damage":3,"enemies":"Blue Slaver","floor":13,"turns":4},{"damage":3,"enemies":"Large Slime","floor":14,"turns":5},{"damage":6,"enemies":"Slime Boss","floor":16,"turns":15},{"damage":0,"enemies":"Chosen","floor":18,"turns":8},{"damage":22,"enemies":"3 Byrds","floor":21,"turns":5},{"damage":28,"enemies":"Cultist and Chosen","floor":22,"turns":8},{"damage":46,"enemies":"Slavers","floor":23,"turns":4}],"seed_played":"-6581716919050053238","potions_obtained":[{"floor":1,"key":"Fire Potion"},{"floor":10,"key":"Block Potion"},{"floor":13,"key":"Block Potion"},{"floor":18,"key":"Strength Potion"},{"floor":21,"key":"FairyPotion"}],"is_trial":false,"path_per_floor":["M","T","?","M","?","R","E","M","T","M","T","?","M","M","R","B",null,"M","$","?","M","M","E"],"character_chosen":"DEFECT","items_purchased":["Gash","Runic Capacitor"],"campfire_rested":1,"item_purchase_floors":[19,19],"current_hp_per_floor":[68,68,68,68,61,61,38,38,38,38,38,38,35,32,54,48,68,68,68,68,46,18,0],"gold":146,"neow_bonus":"ONE_RANDOM_RARE_CARD","is_prod":false,"is_daily":false,"chose_seed":false,"campfire_upgraded":1,"win_rate":0,"timestamp":1567033315,"path_taken":["M","?","?","?","?","R","E","M","T","M","?","?","M","M","R","BOSS","M","$","?","M","M","E"],"build_version":"2019-07-17","purchased_purges":1,"victory":false,"max_hp_per_floor":[75,75,75,75,75,75,75,75,75,75,75,75,75,75,75,75,75,75,75,75,75,75,75],"card_choices":[{"not_picked":["Stack","Streamline"],"picked":"Glacier","floor":1},{"not_picked":["Tempest","Double Energy"],"picked":"Gash","floor":4},{"not_picked":["Hologram","Ball Lightning"],"picked":"FTL","floor":7},{"not_picked":["Tempest","Barrage"],"picked":"BootSequence","floor":8},{"not_picked":["Lockon","Turbo"],"picked":"Conserve Battery","floor":10},{"not_picked":["Go for the Eyes","Meteor Strike","Rebound"],"picked":"SKIP","floor":13},{"not_picked":["Leap","Go for the Eyes","Compile Driver"],"picked":"SKIP","floor":14},{"not_picked":["Biased Cognition","Meteor Strike"],"picked":"Buffer","floor":16},{"not_picked":["Doom and Gloom","Barrage"],"picked":"FTL+1","floor":18},{"not_picked":["Hologram+1","Scrape"],"picked":"Loop","floor":21},{"not_picked":["Barrage","Genetic Algorithm"],"picked":"Loop","floor":22}],"player_experience":2922816,"relics_obtained":[{"floor":2,"key":"Kunai"},{"floor":7,"key":"Orichalcum"},{"floor":9,"key":"Lantern"},{"floor":11,"key":"Boot"}],"event_choices":[{"cards_removed":["Dualcast"],"damage_healed":0,"gold_gain":0,"player_choice":"Forget","damage_taken":0,"max_hp_gain":0,"max_hp_loss":0,"event_name":"Living Wall","floor":3,"gold_loss":0},{"damage_healed":0,"gold_gain":0,"player_choice":"Success","damage_taken":7,"relics_obtained":["Turnip"],"max_hp_gain":0,"max_hp_loss":0,"event_name":"Scrap Ooze","floor":5,"gold_loss":0},{"damage_healed":0,"gold_gain":30,"player_choice":"Searched \u00272\u0027 times","damage_taken":0,"max_hp_gain":0,"max_hp_loss":0,"event_name":"Dead Adventurer","floor":12,"gold_loss":0},{"damage_healed":0,"gold_gain":0,"player_choice":"Ignored","damage_taken":0,"max_hp_gain":0,"max_hp_loss":0,"event_name":"Vampires","floor":20,"gold_loss":0}],"is_beta":false,"boss_relics":[{"not_picked":["FrozenCore","Velvet Choker"],"picked":"White Beast Statue"}],"items_purged_floors":[19],"is_endless":false,"potions_floor_spawned":[1,10,13,14,16,18,21,22],"killed_by":"Slavers","ascension_level":12}