{"gold_per_floor":[115,134,112,125,137,137,170,170,193,193,208,266,266,297,297,395,395,411,260,135,154,154,154,170,170,197,215,231,231,231,231,231,231],"floor_reached":33,"playtime":2993,"items_purged":["Defend_R","Second Wind"],"score":255,"play_id":"ad430739-e499-45d2-b00e-f65b992a2248","local_time":"20190828122753","is_ascension_mode":false,"campfire_choices":[{"data":"Cleave","floor":6,"key":"SMITH"},{"data":"Iron Wave","floor":8,"key":"SMITH"},{"data":"Clothesline","floor":10,"key":"SMITH"},{"floor":15,"key":"REST"},{"data":"Searing Blow","floor":23,"key":"SMITH"},{"data":"Thunderclap","floor":25,"key":"SMITH"},{"data":"Rampage","floor":29,"key":"SMITH"},{"floor":32,"key":"REST"}],"neow_cost":"","seed_source_timestamp":9024461656800,"circlet_count":0,"master_deck":["Strike_R","Strike_R","Strike_R","Strike_R","Strike_R","Defend_R","Defend_R","Defend_R","Bash","Cleave+1","Thunderclap+1","Thunderclap","Twin Strike","Clothesline+1","Iron Wave+1","Anger","Rampage+1","Feed","Disarm","Searing Blow+1","Armaments","Blood for Blood","Thunderclap+1","Cleave+1"],"relics":["Burning Blood","Centennial Puzzle","Pen Nib","Bronze Scales","Champion Belt","Bag of Marbles","Question Card"],"potions_floor_usage":[33,33],"damage_taken":[{"damage":1,"enemies":"Cultist","floor":1,"turns":4},{"damage":6,"enemies":"Jaw Worm","floor":2,"turns":3},{"damage":1,"enemies":"2 Louse","floor":4,"turns":2},{"damage":9,"enemies":"Red Slaver","floor":5,"turns":5},{"damage":26,"enemies":"3 Sentries","floor":7,"turns":4},{"damage":7,"enemies":"Looter","floor":11,"turns":2},{"damage":17,"enemies":"Lagavulin Event","floor":12,"turns":6},{"damage":18,"enemies":"Lagavulin","floor":14,"turns":6},{"damage":46,"enemies":"The Guardian","floor":16,"turns":10},{"damage":13,"enemies":"Shell Parasite","floor":18,"turns":5},{"damage":6,"enemies":"3 Byrds","floor":21,"turns":3},{"damage":30,"enemies":"Centurion and Healer","floor":24,"turns":4},{"damage":10,"enemies":"Snake Plant","floor":27,"turns":4},{"damage":31,"enemies":"Sentry and Sphere","floor":28,"turns":5},{"damage":93,"enemies":"Champ","floor":33,"turns":18}],"seed_played":"-7672730707065573103","potions_obtained":[{"floor":2,"key":"LiquidBronze"},{"floor":4,"key":"Dexterity Potion"},{"floor":7,"key":"AttackPotion"},{"floor":13,"key":"FairyPotion"},{"floor":13,"key":"Block Potion"}],"is_trial":false,"path_per_floor":["M","M","$","M","M","R","E","R","T","R","M","?","?","E","R","B",null,"M","$","$","M","$","R","M","R","T","M","M","R","?","T","R","B"],"character_chosen":"IRONCLAD","items_purchased":["Thunderclap","Searing Blow","Armaments"],"campfire_rested":2,"item_purchase_floors":[3,19,20],"current_hp_per_floor":[80,80,80,80,77,77,57,57,57,57,56,45,45,33,57,17,80,73,73,73,73,73,73,49,49,49,45,20,20,46,46,70,0],"gold":231,"neow_bonus":"","is_prod":false,"is_daily":false,"chose_seed":false,"campfire_upgraded":6,"win_rate":0.0,"timestamp":1566988073,"path_taken":["M","M","$","M","?","R","E","R","T","R","M","?","?","E","R","BOSS","M","?","$","M","$","R","M","R","T","M","M","R","?","?","R","BOSS"],"build_version":"2019-07-17","purchased_purges":2,"victory":false,"max_hp_per_floor":[80,80,80,80,80,80,80,80,80,80,80,80,80,80,80,80,80,80,80,80,80,80,80,80,80,80,80,80,80,80,80,80,80],"card_choices":[{"not_picked":["Flex","Body Slam"],"picked":"Cleave","floor":1},{"not_picked":["Combust","Metallicize"],"picked":"Thunderclap","floor":2},{"not_picked":["Warcry","Clothesline"],"picked":"Twin Strike","floor":4},{"not_picked":["Offering","Clash"],"picked":"Clothesline","floor":5},{"not_picked":["Pommel Strike","Hemokinesis"],"picked":"Iron Wave","floor":7},{"not_picked":["Pummel","Rage"],"picked":"Second Wind","floor":11},{"not_picked":["Iron Wave","True Grit"],"picked":"Anger","floor":12},{"not_picked":["Shrug It Off","Combust"],"picked":"Rampage","floor":14},{"not_picked":["Dark Embrace","Double Tap"],"picked":"Feed","floor":16},{"not_picked":["Bloodletting","Combust"],"picked":"Disarm","floor":18},{"not_picked":["Feel No Pain+1","Body Slam"],"picked":"Blood for Blood","floor":21},{"not_picked":["Perfected Strike","True Grit"],"picked":"Thunderclap+1","floor":24},{"not_picked":["Pommel Strike","Clothesline+1"],"picked":"Cleave+1","floor":27},{"not_picked":["Anger","Metallicize","Flex"],"picked":"SKIP","floor":28}],"player_experience":0,"relics_obtained":[{"floor":7,"key":"Centennial Puzzle"},{"floor":9,"key":"Pen Nib"},{"floor":14,"key":"Champion Belt"},{"floor":26,"key":"Bag of Marbles"},{"floor":31,"key":"Question Card"}],"event_choices":[{"damage_healed":0,"gold_gain":30,"player_choice":"Searched \u00273\u0027 times","damage_taken":0,"relics_obtained":["Bronze Scales"],"max_hp_gain":0,"max_hp_loss":0,"event_name":"Dead Adventurer","floor":12,"gold_loss":0},{"damage_healed":0,"gold_gain":0,"player_choice":"Got Potions","damage_taken":0,"max_hp_gain":0,"max_hp_loss":0,"event_name":"Lab","floor":13,"gold_loss":0},{"damage_healed":26,"gold_gain":0,"player_choice":"Heal","damage_taken":0,"max_hp_gain":0,"max_hp_loss":0,"event_name":"The Library","floor":30,"gold_loss":0}],"is_beta":false,"boss_relics":[{"not_picked":["Mark of Pain","Fusion Hammer","Sozu"]}],"items_purged_floors":[19,20],"is_endless":false,"potions_floor_spawned":[2,4,7,14,16,21,27,28],"killed_by":"Champ","ascension_level":0}