{"gold_per_floor":[118,118,118,136,45,76,76,92,171,171,190,190,204,215,215,311,311,330,405,95,115,115,115,143,143,168,186,196,228,228,245,245,343,343,360,360,370,172,172,172,172,172,251,2,12,12,30,44,44,44],"floor_reached":50,"playtime":3312,"items_purged":[],"score":507,"play_id":"8b8b115b-c3e8-4bcb-8a60-7cd3c52bc0f2","local_time":"20190815201110","is_ascension_mode":false,"campfire_choices":[{"floor":12,"key":"REST"},{"data":"Cloak And Dagger","floor":15,"key":"SMITH"},{"data":"Accuracy","floor":23,"key":"SMITH"},{"floor":25,"key":"REST"},{"floor":30,"key":"REST"},{"floor":32,"key":"REST"},{"data":"Infinite Blades","floor":40,"key":"SMITH"},{"floor":49,"key":"REST"}],"neow_cost":"NONE","seed_source_timestamp":27803227849683,"circlet_count":0,"master_deck":["Strike_G","Strike_G","Strike_G","Strike_G+1","Defend_G","Defend_G","Defend_G","Survivor","Neutralize+1","Heel Hook","Flechettes","Dramatic Entrance","Cloak And Dagger+1","Dagger Spray","Dash+1","Finisher","Adrenaline","Accuracy+1","Terror","Blade Dance","Blade Dance","Infinite Blades+1","Writhe","Blur"],"relics":["Ring of the Snake","Pear","Dream Catcher","Mercury Hourglass","Matryoshka","WristBlade","FossilizedHelix","StoneCalendar","Lantern","Whetstone","Unceasing Top","Empty Cage","Toy Ornithopter","Paper Crane","Kunai","Ornamental Fan"],"potions_floor_usage":[6,16,29,29,33,33,45,50,50],"damage_taken":[{"damage":8,"enemies":"2 Louse","floor":1,"turns":3},{"damage":0,"enemies":"Jaw Worm","floor":4,"turns":3},{"damage":29,"enemies":"3 Sentries","floor":6,"turns":11},{"damage":0,"enemies":"Cultist","floor":8,"turns":3},{"damage":0,"enemies":"Looter","floor":11,"turns":3},{"damage":0,"enemies":"Gremlin Gang","floor":13,"turns":1},{"damage":0,"enemies":"2 Fungi Beasts","floor":14,"turns":2},{"damage":49,"enemies":"Hexaghost","floor":16,"turns":12},{"damage":0,"enemies":"3 Byrds","floor":18,"turns":2},{"damage":0,"enemies":"Spheric Guardian","floor":21,"turns":1},{"damage":44,"enemies":"Gremlin Leader","floor":24,"turns":6},{"damage":0,"enemies":"Cultist and Chosen","floor":27,"turns":4},{"damage":5,"enemies":"Snake Plant","floor":28,"turns":3},{"damage":13,"enemies":"Slavers","floor":29,"turns":4},{"damage":0,"enemies":"Chosen and Byrds","floor":31,"turns":3},{"damage":67,"enemies":"Collector","floor":33,"turns":6},{"damage":9,"enemies":"Orb Walker","floor":35,"turns":3},{"damage":7,"enemies":"3 Darklings","floor":37,"turns":5},{"damage":0,"enemies":"Maw","floor":45,"turns":6},{"damage":0,"enemies":"Spire Growth","floor":47,"turns":3},{"damage":10,"enemies":"Sphere and 2 Shapes","floor":48,"turns":4},{"damage":109,"enemies":"Donu and Deca","floor":50,"turns":8}],"seed_played":"-8170661683066046464","potions_obtained":[{"floor":1,"key":"SkillPotion"},{"floor":6,"key":"Swift Potion"},{"floor":8,"key":"Ancient Potion"},{"floor":16,"key":"Poison Potion"},{"floor":24,"key":"Swift Potion"},{"floor":28,"key":"SpeedPotion"},{"floor":31,"key":"Regen Potion"},{"floor":35,"key":"PowerPotion"},{"floor":37,"key":"SteroidPotion"},{"floor":45,"key":"Weak Potion"}],"is_trial":false,"path_per_floor":["M","?","T","M","$","E","T","M","T","?","M","R","M","M","R","B",null,"M","?","$","M","?","R","E","R","T","M","M","E","R","M","R","B",null,"M","?","M","$","?","R","?","?","T","$","M","?","M","M","R","B"],"character_chosen":"THE_SILENT","items_purchased":["Dramatic Entrance","FossilizedHelix","Toy Ornithopter","Ornamental Fan"],"campfire_rested":5,"item_purchase_floors":[5,20,38,44],"current_hp_per_floor":[62,62,72,72,72,43,43,43,43,43,43,67,67,67,67,18,80,80,72,72,72,72,72,28,52,52,52,47,34,58,58,80,18,80,71,71,64,64,64,64,80,80,80,80,80,80,80,70,80,0],"gold":44,"neow_bonus":"UPGRADE_CARD","is_prod":false,"is_daily":false,"chose_seed":false,"campfire_upgraded":3,"win_rate":0.0,"timestamp":1565914270,"path_taken":["M","?","?","M","?","E","?","?","T","?","M","R","?","M","R","BOSS","M","?","$","?","?","R","E","R","T","M","M","E","R","M","R","BOSS","M","?","M","$","?","R","?","?","T","$","?","?","M","M","R","BOSS"],"build_version":"2019-07-17","purchased_purges":0,"victory":false,"max_hp_per_floor":[70,70,80,80,80,80,80,80,80,80,80,80,80,80,80,80,80,80,80,80,80,80,80,80,80,80,80,80,80,80,80,80,80,80,80,80,80,80,80,80,80,80,80,80,80,80,80,80,80,80],"card_choices":[{"not_picked":["Backflip","Acrobatics"],"picked":"Heel Hook","floor":1},{"not_picked":["Sucker Punch","Underhanded Strike"],"picked":"Flechettes","floor":4},{"not_picked":["Poisoned Stab","Choke","Malaise"],"picked":"SKIP","floor":6},{"not_picked":["Well Laid Plans","Sucker Punch"],"picked":"Cloak And Dagger","floor":8},{"not_picked":["Underhanded Strike","Cloak And Dagger"],"picked":"Dagger Spray","floor":11},{"not_picked":["Outmaneuver","Cloak And Dagger"],"picked":"Dash","floor":12},{"not_picked":["Deadly Poison","PiercingWail"],"picked":"Finisher","floor":13},{"not_picked":["Wraith Form v2","Outmaneuver","Tactician"],"picked":"SKIP","floor":14},{"not_picked":["Tools of the Trade","Malaise"],"picked":"Adrenaline","floor":16},{"not_picked":["Predator+1","Dodge and Roll+1","Escape Plan"],"picked":"SKIP","floor":18},{"not_picked":["Deadly Poison","Riddle With Holes+1","Poisoned Stab+1"],"picked":"SKIP","floor":21},{"not_picked":["Predator","A Thousand Cuts"],"picked":"Terror","floor":24},{"not_picked":["Predator","Poisoned Stab+1"],"picked":"Blade Dance","floor":27},{"not_picked":["Noxious Fumes","Prepared","Bane"],"picked":"SKIP","floor":28},{"not_picked":["Slice","Flying Knee+1"],"picked":"Blade Dance","floor":29},{"not_picked":["Sucker Punch","Backflip+1"],"picked":"Infinite Blades","floor":31},{"not_picked":["Die Die Die","Wraith Form v2"],"picked":"A Thousand Cuts","floor":33},{"not_picked":["Flying Knee+1","Masterful Stab+1","Dash"],"picked":"SKIP","floor":35},{"not_picked":["Skewer+1","Dodge and Roll","Expertise+1"],"picked":"SKIP","floor":37},{"not_picked":["Terror","Dagger Throw+1","Deadly Poison+1"],"picked":"SKIP","floor":45},{"not_picked":["Prepared","Terror+1"],"picked":"Blur","floor":47},{"not_picked":["Prepared+1","All Out Attack","Dagger Spray"],"picked":"SKIP","floor":48},{"not_picked":["Prepared+1","All Out Attack","Dagger Spray"],"picked":"SKIP","floor":48}],"player_experience":95163,"relics_obtained":[{"floor":3,"key":"Pear"},{"floor":6,"key":"Dream Catcher"},{"floor":7,"key":"Mercury Hourglass"},{"floor":9,"key":"Matryoshka"},{"floor":24,"key":"StoneCalendar"},{"floor":26,"key":"Lantern"},{"floor":26,"key":"Whetstone"},{"floor":29,"key":"Unceasing Top"},{"floor":43,"key":"Paper Crane"},{"floor":43,"key":"Kunai"}],"event_choices":[{"damage_healed":0,"gold_gain":0,"player_choice":"Ignored","damage_taken":0,"max_hp_gain":0,"max_hp_loss":0,"event_name":"Golden Wing","floor":2,"gold_loss":0},{"cards_removed":["Defend_G"],"damage_healed":0,"gold_gain":0,"player_choice":"Purged","damage_taken":0,"max_hp_gain":0,"max_hp_loss":0,"event_name":"Purifier","floor":10,"gold_loss":0},{"damage_healed":0,"gold_gain":75,"player_choice":"Touch","damage_taken":8,"max_hp_gain":0,"max_hp_loss":0,"event_name":"FaceTrader","floor":19,"gold_loss":0},{"damage_healed":0,"gold_gain":0,"player_choice":"Read","damage_taken":0,"max_hp_gain":0,"max_hp_loss":0,"event_name":"The Library","floor":22,"gold_loss":0,"cards_obtained":["Accuracy"]},{"damage_healed":0,"gold_gain":0,"player_choice":"Ignored","damage_taken":0,"max_hp_gain":0,"max_hp_loss":0,"event_name":"Tomb of Lord Red Mask","floor":36,"gold_loss":0},{"damage_healed":0,"gold_gain":0,"player_choice":"Memory 1","damage_taken":0,"max_hp_gain":0,"max_hp_loss":0,"event_name":"SensoryStone","floor":39,"gold_loss":0},{"damage_healed":20,"gold_gain":0,"player_choice":"Writhe","damage_taken":0,"max_hp_gain":0,"max_hp_loss":0,"event_name":"Winding Halls","floor":41,"gold_loss":0,"cards_obtained":["Writhe"]},{"cards_removed":["A Thousand Cuts"],"damage_healed":0,"gold_gain":0,"player_choice":"Removed Power","damage_taken":0,"max_hp_gain":0,"max_hp_loss":0,"event_name":"Falling","floor":42,"gold_loss":0},{"damage_healed":0,"gold_gain":0,"player_choice":"Ignored","damage_taken":0,"max_hp_gain":0,"max_hp_loss":0,"event_name":"Mysterious Sphere","floor":46,"gold_loss":0}],"is_beta":false,"boss_relics":[{"not_picked":["Cursed Key","Ring of the Serpent"],"picked":"WristBlade"},{"not_picked":["Coffee Dripper","Calling Bell"],"picked":"Empty Cage"}],"items_purged_floors":[],"is_endless":false,"potions_floor_spawned":[1,6,8,16,24,28,31,35,37,45],"killed_by":"Donu and Deca","ascension_level":0}