{"gold_per_floor":[110,120,70,70,45,45,55,81,108,172,172,191,208,222,222,321,321,332,81,96,195,205,234,234,134,134,134,134,134,134],"floor_reached":30,"playtime":1711,"items_purged":["Strike_R","Strike_R"],"score":397,"play_id":"7075477b-e2e6-4e73-af5e-ca7e7c8e1426","local_time":"20190830110641","is_ascension_mode":true,"campfire_choices":[{"data":"Bash","floor":6,"key":"SMITH"},{"data":"Heavy Blade","floor":11,"key":"SMITH"},{"floor":15,"key":"REST"},{"floor":24,"key":"REST"},{"data":"Armaments","floor":29,"key":"SMITH"}],"neow_cost":"NONE","seed_source_timestamp":72365103577100,"circlet_count":0,"master_deck":["AscendersBane","Strike_R","Defend_R","Defend_R","Defend_R","Defend_R","Bash+1","Perfected Strike","Spot Weakness","Heavy Blade+1","Flex","Iron Wave","Ghostly Armor","Flame Barrier","Exhume","Evolve","Cleave","Feed","Sword Boomerang","Inflame","Disarm+1","Armaments+1","Intimidate","Shockwave","J.A.X."],"relics":["Burning Blood","PreservedInsect","Red Skull","Potion Belt","Dream Catcher","Runic Dome","Art of War","Bottled Flame"],"potions_floor_usage":[8,10,10,16,16,23],"damage_taken":[{"damage":0,"enemies":"Small Slimes","floor":1,"turns":3},{"damage":9,"enemies":"Jaw Worm","floor":2,"turns":3},{"damage":10,"enemies":"2 Louse","floor":7,"turns":3},{"damage":27,"enemies":"Gremlin Nob","floor":8,"turns":4},{"damage":22,"enemies":"Lagavulin Event","floor":10,"turns":3},{"damage":0,"enemies":"Exordium Thugs","floor":12,"turns":3},{"damage":27,"enemies":"Gremlin Gang","floor":13,"turns":5},{"damage":6,"enemies":"Blue Slaver","floor":14,"turns":3},{"damage":8,"enemies":"Slime Boss","floor":16,"turns":9},{"damage":38,"enemies":"Spheric Guardian","floor":18,"turns":6},{"damage":7,"enemies":"Chosen","floor":20,"turns":3},{"damage":20,"enemies":"3 Cultists","floor":22,"turns":6},{"damage":8,"enemies":"Book of Stabbing","floor":23,"turns":2},{"damage":46,"enemies":"Slavers","floor":30,"turns":3}],"seed_played":"-8896082892648160212","potions_obtained":[{"floor":1,"key":"SkillPotion"},{"floor":2,"key":"FearPotion"},{"floor":8,"key":"FearPotion"},{"floor":13,"key":"AttackPotion"},{"floor":14,"key":"Fire Potion"},{"floor":20,"key":"SkillPotion"},{"floor":22,"key":"Energy Potion"}],"is_trial":false,"path_per_floor":["M","M","?","?","$","R","M","E","T","?","R","M","M","M","R","B",null,"M","$","M","?","M","E","R","$","T","?","?","R","E"],"character_chosen":"IRONCLAD","items_purchased":["Flex","Inflame","Swift Potion","PowerPotion"],"campfire_rested":2,"item_purchase_floors":[5,19,19,19],"current_hp_per_floor":[78,75,75,72,72,72,68,47,47,31,31,37,16,16,40,38,70,38,38,37,37,23,21,45,45,45,45,45,45,0],"gold":134,"neow_bonus":"THREE_CARDS","is_prod":false,"is_daily":false,"chose_seed":false,"campfire_upgraded":3,"win_rate":0,"timestamp":1567130801,"path_taken":["M","M","?","?","$","R","M","E","T","?","R","M","M","?","R","BOSS","M","$","?","?","M","E","R","$","T","?","?","R","E"],"build_version":"2019-07-17","purchased_purges":2,"victory":false,"max_hp_per_floor":[80,80,80,80,80,80,80,80,80,80,80,80,80,80,80,80,80,80,80,80,80,80,80,80,80,80,80,80,80,80],"card_choices":[{"not_picked":["Thunderclap","Armaments"],"picked":"Perfected Strike","floor":0},{"not_picked":["Havoc","Inflame"],"picked":"Spot Weakness","floor":1},{"not_picked":["Perfected Strike","Headbutt"],"picked":"Heavy Blade","floor":2},{"not_picked":["Reckless Charge","Searing Blow"],"picked":"Iron Wave","floor":7},{"not_picked":["Metallicize","Thunderclap"],"picked":"Ghostly Armor","floor":8},{"not_picked":["Carnage","Iron Wave"],"picked":"Flame Barrier","floor":10},{"not_picked":["True Grit","Havoc"],"picked":"Exhume","floor":12},{"not_picked":["Armaments","Inflame"],"picked":"Evolve","floor":13},{"not_picked":["Armaments","Cleave","Warcry"],"picked":"SKIP","floor":14},{"not_picked":["Warcry","Body Slam"],"picked":"Cleave","floor":15},{"not_picked":["Berserk","Exhume"],"picked":"Feed","floor":16},{"not_picked":["Heavy Blade","Warcry"],"picked":"Sword Boomerang","floor":18},{"not_picked":["Searing Blow","Thunderclap"],"picked":"Disarm+1","floor":20},{"not_picked":["Headbutt","Flex"],"picked":"Armaments","floor":22},{"not_picked":["Flex","Clash"],"picked":"Intimidate","floor":23},{"not_picked":["Metallicize","Evolve"],"picked":"Shockwave","floor":24}],"player_experience":498425,"relics_obtained":[{"floor":8,"key":"Red Skull"},{"floor":9,"key":"Potion Belt"},{"floor":10,"key":"Dream Catcher"},{"floor":23,"key":"Art of War"},{"floor":26,"key":"Bottled Flame"}],"event_choices":[{"cards_removed":["Strike_R"],"damage_healed":0,"gold_gain":0,"player_choice":"Card Removal","damage_taken":0,"max_hp_gain":0,"max_hp_loss":0,"event_name":"The Cleric","floor":3,"gold_loss":50},{"damage_healed":0,"gold_gain":0,"player_choice":"Success","damage_taken":3,"relics_obtained":["PreservedInsect"],"max_hp_gain":0,"max_hp_loss":0,"event_name":"Scrap Ooze","floor":4,"gold_loss":0},{"damage_healed":0,"gold_gain":30,"player_choice":"Searched \u00272\u0027 times","damage_taken":0,"max_hp_gain":0,"max_hp_loss":0,"event_name":"Dead Adventurer","floor":10,"gold_loss":0},{"damage_healed":0,"gold_gain":99,"player_choice":"Stole From Cult","damage_taken":0,"max_hp_gain":0,"max_hp_loss":0,"event_name":"Nest","floor":21,"gold_loss":0},{"damage_healed":0,"gold_gain":0,"player_choice":"Obtain J.A.X.","damage_taken":0,"max_hp_gain":0,"max_hp_loss":0,"event_name":"Drug Dealer","floor":27,"gold_loss":0,"cards_obtained":["J.A.X."]},{"cards_removed":["Strike_R"],"damage_healed":0,"gold_gain":0,"player_choice":"Purged","damage_taken":0,"max_hp_gain":0,"max_hp_loss":0,"event_name":"Purifier","floor":28,"gold_loss":0}],"is_beta":false,"boss_relics":[{"not_picked":["Runic Pyramid","Tiny House"],"picked":"Runic Dome"}],"items_purged_floors":[19,25],"is_endless":false,"potions_floor_spawned":[1,2,8,13,14,20,22],"killed_by":"Slavers","ascension_level":12}