{"gold_per_floor":[117,192,211,9,25,25,40,2,25,25,44,44,44,59,59,59],"floor_reached":16,"playtime":1348,"items_purged":["Strike_G"],"score":129,"play_id":"0e923d46-253c-47a3-90fe-e0899c0df04c","local_time":"20190328224114","is_ascension_mode":true,"campfire_choices":[{"data":"Survivor","floor":6,"key":"SMITH"},{"data":"Defend_G","floor":10,"key":"SMITH"},{"data":"Defend_G","floor":15,"key":"SMITH"}],"neow_cost":"NONE","seed_source_timestamp":1053112200404038,"circlet_count":0,"master_deck":["Defend_G","Defend_G","Defend_G","Defend_G+1","Defend_G+1","Strike_G","Strike_G","Strike_G","Strike_G","Survivor+1","Neutralize","Bullet Time+1"],"relics":["Ring of the Snake","NeowsBlessing","Membership Card","Pen Nib","Regal Pillow"],"potions_floor_usage":[16,16,16],"damage_taken":[{"damage":0,"enemies":"2 Louse","floor":1,"turns":1},{"damage":0,"enemies":"Cultist","floor":3,"turns":1},{"damage":0,"enemies":"Small Slimes","floor":5,"turns":1},{"damage":2,"enemies":"3 Louse","floor":7,"turns":6},{"damage":15,"enemies":"Lots of Slimes","floor":11,"turns":9},{"damage":0,"enemies":"Looter","floor":14,"turns":4},{"damage":40,"enemies":"Hexaghost","floor":16,"turns":15}],"seed_played":"-1309905197566211449","potions_obtained":[{"floor":1,"key":"SteroidPotion"},{"floor":7,"key":"Strength Potion"},{"floor":14,"key":"Block Potion"}],"is_trial":false,"path_per_floor":["M","?","M","$","M","R","M","$","T","R","M","?","?","M","R","B"],"character_chosen":"THE_SILENT","items_purchased":["Membership Card"],"campfire_rested":0,"item_purchase_floors":[4],"current_hp_per_floor":[63,56,56,56,56,56,54,54,54,54,39,39,39,39,39,0],"gold":59,"neow_bonus":"THREE_ENEMY_KILL","is_prod":false,"is_daily":false,"chose_seed":false,"campfire_upgraded":3,"win_rate":0,"timestamp":1553830874,"path_taken":["M","?","M","$","M","R","M","$","T","R","?","?","?","M","R","BOSS"],"build_version":"2019-01-23","purchased_purges":1,"victory":false,"max_hp_per_floor":[70,70,70,70,70,70,70,70,70,70,70,70,70,70,70,70],"card_choices":[{"not_picked":["Endless Agony","Poisoned Stab","Distraction"],"picked":"SKIP","floor":1},{"not_picked":["Blade Dance","Choke","Infinite Blades"],"picked":"SKIP","floor":3},{"not_picked":["Blade Dance","Doppelganger","Acrobatics"],"picked":"SKIP","floor":5},{"not_picked":["Sucker Punch","Skewer","Reflex"],"picked":"SKIP","floor":7},{"not_picked":["PiercingWail","Reflex"],"picked":"Bullet Time","floor":11},{"not_picked":["Poisoned Stab","Blade Dance","Acrobatics"],"picked":"SKIP","floor":14}],"player_experience":1745023,"relics_obtained":[{"floor":9,"key":"Pen Nib"}],"event_choices":[{"damage_healed":0,"gold_gain":75,"player_choice":"Touch","damage_taken":7,"max_hp_gain":0,"max_hp_loss":0,"event_name":"FaceTrader","floor":2,"gold_loss":0},{"damage_healed":0,"gold_gain":0,"player_choice":"Searched \u00271\u0027 times","damage_taken":0,"relics_obtained":["Regal Pillow"],"max_hp_gain":0,"max_hp_loss":0,"event_name":"Dead Adventurer","floor":12,"gold_loss":0},{"damage_healed":0,"gold_gain":0,"player_choice":"Upgraded","damage_taken":0,"max_hp_gain":0,"max_hp_loss":0,"event_name":"Upgrade Shrine","floor":13,"gold_loss":0,"cards_upgraded":["Bullet Time"]}],"is_beta":false,"boss_relics":[],"items_purged_floors":[8],"is_endless":false,"potions_floor_spawned":[1,7,14],"killed_by":"Hexaghost","ascension_level":8}