{"gold_per_floor":[112,62,62,72,85,85,112,112,112,122,133,133,21,121,121,121],"floor_reached":16,"playtime":1011,"items_purged":[],"score":125,"play_id":"129f513e-75f2-4bc4-8bda-41f11e3b0093","local_time":"20190814190944","is_ascension_mode":false,"campfire_choices":[{"data":"Infernal Blade","floor":6,"key":"SMITH"},{"data":"Demon Form","floor":8,"key":"SMITH"},{"floor":15,"key":"REST"}],"neow_cost":"NONE","seed_source_timestamp":442960211192090,"circlet_count":0,"master_deck":["Strike_R","Strike_R","Strike_R","Strike_R","Defend_R","Defend_R","Defend_R","Defend_R","Bash","Clash","Infernal Blade+1","Demon Form+1","Anger","Rampage","Dropkick","Inflame"],"relics":["Burning Blood","Pear","Meat on the Bone"],"potions_floor_usage":[],"damage_taken":[{"damage":0,"enemies":"Small Slimes","floor":1,"turns":4},{"damage":23,"enemies":"Jaw Worm","floor":4,"turns":5},{"damage":1,"enemies":"Cultist","floor":5,"turns":4},{"damage":42,"enemies":"3 Sentries","floor":7,"turns":12},{"damage":18,"enemies":"Blue Slaver","floor":10,"turns":4},{"damage":20,"enemies":"Exordium Wildlife","floor":11,"turns":4},{"damage":78,"enemies":"Hexaghost","floor":16,"turns":7}],"seed_played":"3719785470910792068","potions_obtained":[{"floor":10,"key":"SpeedPotion"}],"is_trial":false,"path_per_floor":["M","?","?","M","M","R","E","R","T","M","M","?","$","?","R","B"],"character_chosen":"IRONCLAD","items_purchased":["Dropkick","Inflame"],"campfire_rested":1,"item_purchase_floors":[13,13],"current_hp_per_floor":[88,88,88,71,76,76,50,50,50,50,48,48,48,48,77,0],"gold":121,"neow_bonus":"TEN_PERCENT_HP_BONUS","is_prod":false,"is_daily":false,"chose_seed":false,"campfire_upgraded":2,"win_rate":0,"timestamp":1565824184,"path_taken":["M","?","?","M","M","R","E","R","T","?","M","?","?","?","R","BOSS"],"build_version":"2019-07-17","purchased_purges":0,"victory":false,"max_hp_per_floor":[88,88,88,88,88,88,98,98,98,98,98,98,98,98,98,98],"card_choices":[{"not_picked":["Warcry","Clothesline","Wild Strike"],"picked":"SKIP","floor":1},{"not_picked":["Uppercut","Wild Strike"],"picked":"Clash","floor":4},{"not_picked":["Disarm","Iron Wave"],"picked":"Infernal Blade","floor":5},{"not_picked":["Entrench","Heavy Blade"],"picked":"Demon Form","floor":7},{"not_picked":["Shockwave","Thunderclap"],"picked":"Anger","floor":10},{"not_picked":["Bloodletting","Cleave"],"picked":"Rampage","floor":11}],"player_experience":84408,"relics_obtained":[{"floor":7,"key":"Pear"},{"floor":9,"key":"Meat on the Bone"}],"event_choices":[{"cards_removed":["Strike_R"],"damage_healed":0,"gold_gain":0,"player_choice":"Card Removal","damage_taken":0,"max_hp_gain":0,"max_hp_loss":0,"event_name":"The Cleric","floor":2,"gold_loss":50},{"damage_healed":0,"gold_gain":0,"player_choice":"Cursed","damage_taken":0,"max_hp_gain":0,"max_hp_loss":0,"event_name":"Wheel of Change","floor":3,"gold_loss":0,"cards_obtained":["Decay"]},{"cards_removed":["Decay"],"damage_healed":0,"gold_gain":0,"player_choice":"Forget","damage_taken":0,"max_hp_gain":0,"max_hp_loss":0,"event_name":"Living Wall","floor":12,"gold_loss":0},{"damage_healed":0,"gold_gain":100,"player_choice":"Pray","damage_taken":0,"max_hp_gain":0,"max_hp_loss":0,"event_name":"Golden Shrine","floor":14,"gold_loss":0}],"is_beta":false,"boss_relics":[],"items_purged_floors":[],"is_endless":false,"potions_floor_spawned":[10],"killed_by":"Hexaghost","ascension_level":0}