{"gold_per_floor":[114,114,114,130,42,42,69,69,93,129,144,162,162,186,186,310,310,324,324,7,25,36,36,46,46],"floor_reached":25,"playtime":1528,"items_purged":["Strike_G"],"score":417,"play_id":"a27bd3b7-39e9-453b-b323-2e485eb014c8","local_time":"20190717135132","is_ascension_mode":true,"campfire_choices":[{"floor":6,"key":"REST"},{"data":"Madness","floor":8,"key":"SMITH"},{"data":"Footwork","floor":13,"key":"SMITH"},{"floor":15,"key":"REST"},{"floor":23,"key":"REST"}],"neow_cost":"NONE","seed_source_timestamp":479509833687907,"circlet_count":0,"master_deck":["AscendersBane","Strike_G","Strike_G","Strike_G","Strike_G","Defend_G","Defend_G","Defend_G","Defend_G","Defend_G","Survivor","Neutralize","Well Laid Plans","Madness+1","Bouncing Flask","Footwork+1","Backflip","Adrenaline","Catalyst","Catalyst","Night Terror"],"relics":["Ring of the Snake","NeowsBlessing","Bloody Idol","Ancient Tea Set","Lantern","Regal Pillow","Cursed Key","Bottled Lightning"],"potions_floor_usage":[16,16,24],"damage_taken":[{"damage":0,"enemies":"2 Louse","floor":1,"turns":1},{"damage":0,"enemies":"Small Slimes","floor":4,"turns":1},{"damage":0,"enemies":"Lagavulin","floor":10,"turns":1},{"damage":7,"enemies":"Jaw Worm","floor":11,"turns":5},{"damage":5,"enemies":"3 Louse","floor":12,"turns":5},{"damage":12,"enemies":"Blue Slaver","floor":14,"turns":4},{"damage":0,"enemies":"The Guardian","floor":16,"turns":14},{"damage":11,"enemies":"3 Byrds","floor":18,"turns":7},{"damage":19,"enemies":"Chosen","floor":21,"turns":7},{"damage":29,"enemies":"Sentry and Sphere","floor":22,"turns":7},{"damage":52,"enemies":"Cultist and Chosen","floor":24,"turns":9},{"damage":15,"enemies":"3 Cultists","floor":25,"turns":3}],"seed_played":"-7023425073169052561","potions_obtained":[{"floor":4,"key":"Fire Potion"},{"floor":10,"key":"Ancient Potion"},{"floor":11,"key":"SteroidPotion"},{"floor":21,"key":"Explosive Potion"},{"floor":22,"key":"Strength Potion"}],"is_trial":false,"path_per_floor":["M","?","?","M","$","R","T","R","T","E","M","M","R","M","R","B",null,"M","?","$","M","M","R","M","M"],"character_chosen":"THE_SILENT","items_purchased":["Madness","Bottled Lightning"],"campfire_rested":3,"item_purchase_floors":[5,20],"current_hp_per_floor":[63,46,34,34,34,55,55,55,55,55,48,43,43,31,67,67,69,58,58,58,44,20,56,9,0],"gold":46,"neow_bonus":"THREE_ENEMY_KILL","is_prod":false,"is_daily":false,"chose_seed":false,"campfire_upgraded":2,"win_rate":0,"timestamp":1563389492,"path_taken":["M","?","?","M","$","R","?","R","T","E","M","M","R","M","R","BOSS","M","?","$","M","M","R","M","M"],"build_version":"2019-07-05","purchased_purges":1,"victory":false,"max_hp_per_floor":[70,70,70,70,70,70,70,70,70,70,70,70,70,70,70,70,70,70,70,70,70,70,70,70,70],"card_choices":[{"not_picked":["Quick Slash","Terror","Reflex"],"picked":"SKIP","floor":1},{"not_picked":["Slice","Flying Knee"],"picked":"Well Laid Plans","floor":4},{"not_picked":["Acrobatics","PiercingWail"],"picked":"Bouncing Flask","floor":10},{"not_picked":["Poisoned Stab","Expertise"],"picked":"Footwork","floor":11},{"not_picked":["Sucker Punch","Expertise","Poisoned Stab"],"picked":"SKIP","floor":12},{"not_picked":["Setup","Escape Plan"],"picked":"Backflip","floor":14},{"not_picked":["Tools of the Trade","Doppelganger"],"picked":"Adrenaline","floor":16},{"not_picked":["Dash+1","Calculated Gamble","Flying Knee"],"picked":"SKIP","floor":18},{"not_picked":["Deadly Poison","Dodge and Roll"],"picked":"Catalyst","floor":21},{"not_picked":["Bane","Backflip"],"picked":"Catalyst","floor":22},{"not_picked":["Underhanded Strike","Dodge and Roll"],"picked":"Night Terror","floor":24}],"player_experience":2378635,"relics_obtained":[{"floor":9,"key":"Lantern"},{"floor":10,"key":"Regal Pillow"}],"event_choices":[{"damage_healed":0,"gold_gain":0,"player_choice":"Take Damage","damage_taken":17,"relics_obtained":["Golden Idol"],"max_hp_gain":0,"max_hp_loss":0,"event_name":"Golden Idol","floor":2,"gold_loss":0},{"damage_healed":0,"gold_gain":0,"player_choice":"Success","damage_taken":12,"relics_obtained":["Ancient Tea Set"],"max_hp_gain":0,"max_hp_loss":0,"event_name":"Scrap Ooze","floor":3,"gold_loss":0},{"damage_healed":0,"gold_gain":0,"player_choice":"Gave Idol","damage_taken":0,"relics_obtained":["Bloody Idol"],"max_hp_gain":0,"max_hp_loss":0,"event_name":"Forgotten Altar","floor":19,"relics_lost":["Golden Idol"],"gold_loss":0}],"is_beta":false,"boss_relics":[{"not_picked":["Ring of the Serpent","Snecko Eye"],"picked":"Cursed Key"}],"items_purged_floors":[20],"is_endless":false,"potions_floor_spawned":[4,10,11,21,22],"killed_by":"3 Cultists","ascension_level":10}