{"gold_per_floor":[113,288,81,98,98,129,129,148,171,182,182,200,200,47,47,151,151,170,13,13,63,74,102,102,113,140,140,156,176,176,194,194,298,298,317,317,317,334,345,345,445,472,472,472,487,505,505,46,46,46],"floor_reached":51,"playtime":3633,"items_purged":["Doubt","Strike_R"],"score":1008,"play_id":"8b7bb807-a272-4cc6-a3e8-07c00ddcdb2f","local_time":"20190828092940","is_ascension_mode":true,"campfire_choices":[{"data":"Uppercut","floor":7,"key":"SMITH"},{"data":"Entrench","floor":11,"key":"SMITH"},{"data":"Bash","floor":13,"key":"SMITH"},{"data":"Body Slam","floor":15,"key":"SMITH"},{"floor":24,"key":"REST"},{"data":"Juggernaut","floor":27,"key":"SMITH"},{"data":"Armaments","floor":30,"key":"SMITH"},{"floor":32,"key":"REST"},{"floor":40,"key":"REST"},{"data":"Carnage","floor":44,"key":"SMITH"},{"data":"Feel No Pain","floor":47,"key":"SMITH"},{"data":"Metallicize","floor":49,"key":"SMITH"}],"neow_cost":"NONE","seed_source_timestamp":4602950883800,"circlet_count":0,"master_deck":["AscendersBane","Strike_R+1","Strike_R+1","Strike_R","Strike_R","Defend_R","Defend_R","Defend_R","Defend_R","Bash+1","Headbutt","Uppercut+1","Shrug It Off","Shrug It Off","Entrench+1","Body Slam+1","Metallicize+1","Carnage+1","Cleave","Juggernaut+1","Whirlwind+1","Shockwave+1","Offering","Ghostly Armor","Evolve+1","Armaments+1","Corruption+1","Regret","Feel No Pain+1","Barricade"],"relics":["Burning Blood","NeowsBlessing","Bag of Preparation","Whetstone","Velvet Choker","Happy Flower","Bronze Scales","Art of War","Orichalcum","Cursed Key","Dead Branch","Pantograph","StoneCalendar","Charon\u0027s Ashes"],"potions_floor_usage":[33,33,50,50,50],"damage_taken":[{"damage":0,"enemies":"Small Slimes","floor":1,"turns":1},{"damage":0,"enemies":"Cultist","floor":4,"turns":1},{"damage":0,"enemies":"Gremlin Nob","floor":6,"turns":1},{"damage":2,"enemies":"2 Louse","floor":8,"turns":3},{"damage":9,"enemies":"Exordium Wildlife","floor":10,"turns":4},{"damage":10,"enemies":"Red Slaver","floor":12,"turns":4},{"damage":16,"enemies":"The Guardian","floor":16,"turns":13},{"damage":36,"enemies":"2 Thieves","floor":18,"turns":4},{"damage":0,"enemies":"Chosen","floor":22,"turns":4},{"damage":51,"enemies":"Slavers","floor":23,"turns":4},{"damage":12,"enemies":"Shelled Parasite and Fungi","floor":25,"turns":4},{"damage":1,"enemies":"Centurion and Healer","floor":28,"turns":4},{"damage":1,"enemies":"3 Cultists","floor":29,"turns":4},{"damage":14,"enemies":"Shelled Parasite and Fungi","floor":31,"turns":4},{"damage":42,"enemies":"Automaton","floor":33,"turns":10},{"damage":5,"enemies":"3 Darklings","floor":35,"turns":2},{"damage":5,"enemies":"3 Shapes","floor":38,"turns":5},{"damage":29,"enemies":"Transient","floor":39,"turns":5},{"damage":5,"enemies":"Mind Bloom Boss Battle","floor":41,"turns":6},{"damage":16,"enemies":"Reptomancer","floor":42,"turns":6},{"damage":5,"enemies":"3 Darklings","floor":45,"turns":5},{"damage":30,"enemies":"Spire Growth","floor":46,"turns":5},{"damage":24,"enemies":"Time Eater","floor":50,"turns":8}],"seed_played":"-3328850859312194311","potions_obtained":[{"floor":4,"key":"SteroidPotion"},{"floor":10,"key":"SkillPotion"},{"floor":16,"key":"GamblersBrew"},{"floor":18,"key":"Strength Potion"},{"floor":23,"key":"AttackPotion"},{"floor":25,"key":"Weak Potion"},{"floor":33,"key":"Regen Potion"},{"floor":38,"key":"Weak Potion"}],"is_trial":false,"path_per_floor":["M","?","$","M","?","E","R","M","T","M","R","M","R","$","R","B",null,"M","$","?","T","M","E","R","M","T","R","M","M","R","M","R","B",null,"M","$","?","M","M","R","?","E","T","R","M","M","R","$","R","B",null],"character_chosen":"IRONCLAD","items_purchased":["Uppercut","Shrug It Off","Cleave","Happy Flower","Barricade","Charon\u0027s Ashes"],"campfire_rested":3,"item_purchase_floors":[3,3,14,19,48,48],"current_hp_per_floor":[78,78,78,80,80,80,80,80,80,77,77,73,73,73,73,63,76,46,46,46,46,52,7,31,25,25,25,30,35,35,27,51,15,64,65,65,65,66,43,67,68,58,58,58,59,35,35,35,35,57],"gold":46,"neow_bonus":"THREE_ENEMY_KILL","is_prod":false,"is_daily":false,"chose_seed":false,"campfire_upgraded":9,"win_rate":0,"timestamp":1566952180,"path_taken":["M","?","$","M","?","E","R","M","T","M","R","M","R","$","R","BOSS","M","?","?","?","M","E","R","M","T","R","M","M","R","?","R","BOSS","M","?","?","M","M","R","?","E","T","R","?","?","R","$","R","BOSS"],"build_version":"2019-07-17","purchased_purges":2,"victory":true,"max_hp_per_floor":[80,80,80,80,80,80,80,80,80,80,80,80,80,80,80,80,80,80,80,80,80,80,80,80,80,80,80,80,80,80,80,80,80,80,80,80,80,80,80,80,80,80,80,80,80,80,80,80,80,80],"card_choices":[{"not_picked":["Perfected Strike","Burning Pact"],"picked":"Headbutt","floor":1},{"not_picked":["Wild Strike","Thunderclap"],"picked":"Shrug It Off","floor":4},{"not_picked":["Power Through","Pommel Strike"],"picked":"Entrench","floor":6},{"not_picked":["Rage","Dropkick"],"picked":"Body Slam","floor":8},{"not_picked":["Brutality","Dropkick"],"picked":"Metallicize","floor":10},{"not_picked":["Perfected Strike","Inflame"],"picked":"Carnage","floor":12},{"not_picked":["Double Tap","Impervious"],"picked":"Juggernaut","floor":16},{"not_picked":["Entrench","Pommel Strike"],"picked":"Whirlwind+1","floor":18},{"not_picked":["Heavy Blade","Clash","Sword Boomerang"],"picked":"SKIP","floor":22},{"not_picked":["Reckless Charge+1","Searing Blow+1","Thunderclap"],"picked":"SKIP","floor":23},{"not_picked":["Twin Strike","Body Slam","Perfected Strike+1"],"picked":"SKIP","floor":25},{"not_picked":["Clothesline+1","Body Slam"],"picked":"Shockwave+1","floor":28},{"not_picked":["Flame Barrier+1","Reckless Charge"],"picked":"Armaments","floor":29},{"not_picked":["Corruption","Blood for Blood","Clothesline"],"picked":"SKIP","floor":31},{"not_picked":["Bludgeon","Brutality"],"picked":"Offering","floor":33},{"not_picked":["Reckless Charge","Havoc+1"],"picked":"Ghostly Armor","floor":35},{"not_picked":["Fire Breathing+1","Flex"],"picked":"Evolve+1","floor":38},{"not_picked":["Anger+1","Pommel Strike"],"picked":"Armaments+1","floor":39},{"not_picked":["Heavy Blade+1","Shockwave+1"],"picked":"Corruption+1","floor":42},{"not_picked":["Havoc+1","Headbutt","Seeing Red"],"picked":"SKIP","floor":45},{"not_picked":["Hemokinesis","Sword Boomerang"],"picked":"Feel No Pain","floor":46}],"player_experience":454861,"relics_obtained":[{"floor":6,"key":"Bag of Preparation"},{"floor":9,"key":"Whetstone"},{"floor":21,"key":"Bronze Scales"},{"floor":23,"key":"Art of War"},{"floor":26,"key":"Orichalcum"},{"floor":41,"key":"Dead Branch"},{"floor":42,"key":"Pantograph"},{"floor":43,"key":"StoneCalendar"}],"event_choices":[{"damage_healed":0,"gold_gain":175,"player_choice":"AGREE","damage_taken":0,"max_hp_gain":0,"max_hp_loss":0,"event_name":"Liars Game","floor":2,"gold_loss":0,"cards_obtained":["Doubt"]},{"damage_healed":0,"gold_gain":0,"player_choice":"Bought 0 Potions","damage_taken":0,"max_hp_gain":0,"max_hp_loss":0,"event_name":"The Woman in Blue","floor":5,"gold_loss":0},{"damage_healed":0,"gold_gain":0,"player_choice":"Ignored","damage_taken":0,"max_hp_gain":0,"max_hp_loss":0,"event_name":"Ghosts","floor":20,"gold_loss":0},{"cards_removed":["Armaments"],"damage_healed":0,"gold_gain":0,"player_choice":"Removed Skill","damage_taken":0,"max_hp_gain":0,"max_hp_loss":0,"event_name":"Falling","floor":37,"gold_loss":0},{"damage_healed":0,"gold_gain":0,"player_choice":"Fight","damage_taken":0,"max_hp_gain":0,"max_hp_loss":0,"event_name":"MindBloom","floor":41,"gold_loss":0}],"is_beta":false,"boss_relics":[{"not_picked":["Busted Crown","Black Blood"],"picked":"Velvet Choker"},{"not_picked":["Tiny House","Coffee Dripper"],"picked":"Cursed Key"}],"items_purged_floors":[3,14],"is_endless":false,"potions_floor_spawned":[4,10,16,18,23,25,33,38,41,45,46],"ascension_level":10}