{"path_per_floor":["M","M","?","?","M","R","M","R","T","?","$","M","M","M","R","B",null],"character_chosen":"IRONCLAD","items_purchased":["Flex"],"gold_per_floor":[112,122,122,122,141,141,155,155,155,155,29,45,65,85,85,214,214],"floor_reached":18,"campfire_rested":0,"playtime":781,"current_hp_per_floor":[80,69,53,53,59,59,65,65,65,49,49,55,61,67,67,28,80],"items_purged":["Strike_R"],"gold":214,"play_id":"bcb03a32-8673-4d4e-ab68-d0a4d80e2318","is_prod":false,"is_daily":false,"campfire_rituals":0,"campfire_upgraded":2,"is_hardmode":false,"path_taken":["M","M","?","?","M","R","M","R","T","?","?","M","?","M","R","BOSS","M"],"build_version":"2018-01-04-PROD1","purchased_purges":1,"victory":false,"master_deck":["Strike_R","Strike_R","Strike_R","Strike_R","Defend_R","Defend_R","Defend_R","Defend_R","Bash","Armaments","Cleave","Heavy Blade","Sword Boomerang","Flex","Pommel Strike","Spot Weakness","Searing Blow","Demon Form"],"max_hp_per_floor":[80,80,80,80,80,80,80,80,80,80,80,80,80,80,80,80,80],"relics":["Burning Blood","Molten Egg","Shovel","Golden Idol","Regal Pillow","Philosopher\u0027s Stone"],"campfire_meditates":0,"card_choices":[{"not_picked":["Feel No Pain","Heavy Blade"],"picked":"Armaments"},{"not_picked":["Hemokinesis","Iron Wave"],"picked":"Cleave"},{"not_picked":["Corruption","Dark Embrace"],"picked":"Heavy Blade"},{"not_picked":["Perfected Strike","Burning Pact"],"picked":"Sword Boomerang"},{"not_picked":["Iron Wave","Rupture"],"picked":"Pommel Strike"},{"not_picked":["Heavy Blade","Intimidate"],"picked":"Spot Weakness"},{"not_picked":["Cleave","Power Through"],"picked":"Searing Blow"},{"not_picked":["Bludgeon","Juggernaut"],"picked":"Demon Form"}],"player_experience":15782,"potions_floor_usage":[16,16,16],"damage_taken":[{"damage":5,"enemies":"Jaw Worm","floor":1,"turns":4},{"damage":17,"enemies":"Small Slimes","floor":2,"turns":3},{"damage":0,"enemies":"2 Louse","floor":5,"turns":3},{"damage":0,"enemies":"2 Fungi Beasts","floor":7,"turns":2},{"damage":0,"enemies":"3 Louse","floor":12,"turns":1},{"damage":0,"enemies":"Large Slime","floor":13,"turns":4},{"damage":0,"enemies":"2 Fungi Beasts","floor":14,"turns":2},{"damage":45,"enemies":"The Guardian","floor":16,"turns":6},{"damage":82,"enemies":"3 Byrds","floor":18,"turns":3}],"event_choices":[{"event_name":"Shining Light","player_choice":"Entered Light","floor":3,"damage_taken":0},{"event_name":"Liars Game","player_choice":"disagreed","floor":4,"damage_taken":0},{"event_name":"Golden Idol","player_choice":"Take Damage","floor":10,"damage_taken":0}],"boss_relics":[{"not_picked":["Velvet Choker","Eternal Feather"],"picked":"Philosopher\u0027s Stone"}],"potions_floor_spawned":[5,12,13,14],"seed_played":"7642840823427388012","killed_by":"3 Byrds","is_trial":false}