{"gold_per_floor":[109,22,22,33,33,64,78,78,149,174,193,193],"floor_reached":12,"playtime":237,"items_purged":[],"score":181,"play_id":"0c68907b-24f7-4f45-972c-6f7994e378d3","local_time":"20190820193325","is_ascension_mode":true,"campfire_choices":[{"data":"Zap","floor":8,"key":"SMITH"}],"neow_cost":"NONE","seed_source_timestamp":582887385568100,"circlet_count":0,"master_deck":["AscendersBane","Strike_B","Strike_B","Strike_B","Strike_B","Defend_B","Defend_B","Defend_B","Defend_B","Zap+1","Dualcast","Madness","Pain","Streamline","FTL","Capacitor","Defragment","Reinforced Body+1"],"relics":["Cracked Core","NeowsBlessing","WarpedTongs","Juzu Bracelet","Toxic Egg 2","Regal Pillow"],"potions_floor_usage":[12],"damage_taken":[{"damage":0,"enemies":"2 Louse","floor":1,"turns":1},{"damage":0,"enemies":"Cultist","floor":4,"turns":1},{"damage":0,"enemies":"3 Sentries","floor":6,"turns":1},{"damage":3,"enemies":"Jaw Worm","floor":7,"turns":3},{"damage":31,"enemies":"Gremlin Nob","floor":10,"turns":4},{"damage":28,"enemies":"Blue Slaver","floor":11,"turns":3},{"damage":7,"enemies":"Exordium Thugs","floor":12,"turns":1}],"seed_played":"6257347645590013061","potions_obtained":[{"floor":4,"key":"Swift Potion"},{"floor":11,"key":"SkillPotion"}],"is_trial":false,"path_per_floor":["M","$","?","M","$","E","M","R","T","E","M","M"],"character_chosen":"DEFECT","items_purchased":["Madness"],"campfire_rested":0,"item_purchase_floors":[2],"current_hp_per_floor":[68,68,68,68,68,68,65,65,65,34,6,0],"gold":193,"neow_bonus":"THREE_ENEMY_KILL","is_prod":false,"is_daily":false,"chose_seed":false,"campfire_upgraded":1,"win_rate":0,"timestamp":1566347605,"path_taken":["M","$","?","?","$","E","M","R","T","E","M","M"],"build_version":"2019-07-17","purchased_purges":0,"victory":false,"max_hp_per_floor":[75,75,75,75,75,75,75,75,75,75,75,75],"card_choices":[{"not_picked":["Rebound","Coolheaded","Reprogram"],"picked":"SKIP","floor":1},{"not_picked":["Undo","Go for the Eyes"],"picked":"Streamline","floor":4},{"not_picked":["Reinforced Body","Self Repair"],"picked":"FTL","floor":6},{"not_picked":["Leap","Beam Cell"],"picked":"Capacitor","floor":7},{"not_picked":["Amplify+1","Turbo+1"],"picked":"Defragment","floor":10},{"not_picked":["Conserve Battery+1","Sunder"],"picked":"Reinforced Body+1","floor":11}],"player_experience":2882414,"relics_obtained":[{"floor":6,"key":"Juzu Bracelet"},{"floor":9,"key":"Toxic Egg 2"},{"floor":10,"key":"Regal Pillow"}],"event_choices":[{"damage_healed":0,"gold_gain":0,"player_choice":"Rummage","damage_taken":0,"relics_obtained":["WarpedTongs"],"max_hp_gain":0,"max_hp_loss":0,"event_name":"Accursed Blacksmith","floor":3,"gold_loss":0,"cards_obtained":["Pain"]}],"is_beta":false,"boss_relics":[],"items_purged_floors":[],"is_endless":false,"potions_floor_spawned":[4,11],"killed_by":"Exordium Thugs","ascension_level":12}