{"path_per_floor":["M","?","?","M","M","E","M","$","T","?","M","R","M","M","R","B",null,"M","?","?","M","M","R","$","?","T","M"],"character_chosen":"THE_SILENT","items_purchased":["Finisher"],"gold_per_floor":[112,112,112,128,142,175,189,189,189,189,208,208,224,248,248,368,368,388,388,388,362,381,381,301,246,319,337],"floor_reached":28,"campfire_rested":1,"playtime":2328,"current_hp_per_floor":[74,74,74,74,74,53,44,44,44,44,41,63,62,64,64,25,74,74,74,67,74,65,65,65,70,74,74],"items_purged":[],"gold":337,"play_id":"3de9ef40-7f1e-4631-a0cf-31d062822ce3","is_prod":false,"is_daily":false,"campfire_rituals":0,"campfire_upgraded":2,"is_hardmode":false,"path_taken":["M","?","?","M","M","E","M","$","T","?","M","R","M","?","R","BOSS","M","?","?","M","M","R","$","?","T","M","E"],"build_version":"2018-01-04-PROD1","purchased_purges":2,"victory":false,"master_deck":["Defend_G","Defend_G","Defend_G","Defend_G","Defend_G","Strike_G","Strike_G","Strike_G","Strike_G","Survivor","Neutralize","Dash","Dagger Spray","Quick Slash","PiercingWail","Phantasmal Killer","Dagger Throw","Slice","Infinite Blades","Outmaneuver","All Out Attack","Finisher"],"max_hp_per_floor":[77,77,74,74,74,74,74,74,74,74,74,74,74,74,74,74,74,74,74,74,74,74,74,74,74,74,74],"relics":["Ring of the Snake","Bloody Idol","Blood Vial","Pen Nib","Question Card","Tiny Chest","Matryoshka"],"campfire_meditates":0,"card_choices":[{"not_picked":["Endless Agony","Prepared"],"picked":"Dash"},{"not_picked":["Malaise","Catalyst"],"picked":"Dagger Spray"},{"not_picked":["Bane","Dagger Throw"],"picked":"Quick Slash"},{"not_picked":["Dodge and Roll","Poisoned Stab"],"picked":"PiercingWail"},{"not_picked":["Dodge and Roll","Dagger Throw"],"picked":"Phantasmal Killer"},{"not_picked":["Caltrops","Poisoned Stab"],"picked":"Dagger Throw"},{"not_picked":["Dodge and Roll","Backflip"],"picked":"Slice"},{"not_picked":["Choke","Dagger Throw","Slice"],"picked":"Infinite Blades"},{"not_picked":["All Out Attack","Dagger Throw","Dagger Spray"],"picked":"Outmaneuver"},{"not_picked":["Reflex","Dagger Throw","Riddle With Holes"],"picked":"All Out Attack"}],"player_experience":44469,"potions_floor_usage":[6,21,27],"damage_taken":[{"damage":3,"enemies":"2 Louse","floor":1,"turns":5},{"damage":0,"enemies":"Blue Slaver","floor":4,"turns":5},{"damage":0,"enemies":"Jaw Worm","floor":5,"turns":6},{"damage":21,"enemies":"Lagavulin","floor":6,"turns":9},{"damage":11,"enemies":"Exordium Thugs","floor":7,"turns":9},{"damage":5,"enemies":"Large Slime","floor":11,"turns":6},{"damage":3,"enemies":"Red Slaver","floor":13,"turns":3},{"damage":0,"enemies":"Lots of Slimes","floor":14,"turns":3},{"damage":41,"enemies":"Hexaghost","floor":16,"turns":15},{"damage":0,"enemies":"Chosen","floor":18,"turns":5},{"damage":4,"enemies":"2 Thieves","floor":21,"turns":5},{"damage":14,"enemies":"Centurion and Healer","floor":22,"turns":6},{"damage":3,"enemies":"Snecko","floor":27,"turns":5},{"damage":79,"enemies":"Book of Stabbing","floor":28,"turns":7}],"event_choices":[{"event_name":"Purifier","player_choice":"One Purge","floor":2,"damage_taken":0},{"event_name":"Golden Idol","player_choice":"Lose Max HP","floor":3,"damage_taken":0},{"event_name":"Upgrade Shrine","player_choice":"Upgraded","floor":10,"damage_taken":0},{"event_name":"Forgotten Altar","player_choice":"Gave Idol","floor":19,"damage_taken":0},{"event_name":"Knowing Skull","player_choice":"","floor":20,"damage_taken":0},{"event_name":"Addict","player_choice":"Obtained Relic","floor":25,"damage_taken":0}],"boss_relics":[{"not_picked":["Ectoplasm","Sozu"],"picked":"Question Card"}],"potions_floor_spawned":[1,5,13,14,16,27],"seed_played":"-879795496786835261","killed_by":"Book of Stabbing","is_trial":false}