{"gold_per_floor":[119,134,59,70,85,85,96,96,96,96,109,59,59,23,23,126,126,126],"floor_reached":18,"playtime":589,"items_purged":["Strike_R"],"score":182,"play_id":"8a47ad9a-3aa8-4aa1-9add-5b6d1c4f1f02","local_time":"20181227223845","is_ascension_mode":true,"campfire_choices":[{"data":"Carnage","floor":6.0,"key":"SMITH"},{"data":"Bash","floor":8.0,"key":"SMITH"},{"data":"Inflame","floor":15.0,"key":"SMITH"}],"neow_cost":"NONE","seed_source_timestamp":0,"circlet_count":0,"master_deck":["Strike_R","Defend_R+1","Defend_R","Defend_R+1","Defend_R","Bash+1","Carnage+1","Headbutt","Pommel Strike","Headbutt","Inflame+1"],"special_seed":0,"relics":["Burning Blood","War Paint","Velvet Choker"],"potions_floor_usage":[],"damage_taken":[{"damage":0.0,"enemies":"Small Slimes","floor":1.0,"turns":2.0},{"damage":6.0,"enemies":"Cultist","floor":2.0,"turns":3.0},{"damage":13.0,"enemies":"Jaw Worm","floor":4.0,"turns":4.0},{"damage":13.0,"enemies":"Large Slime","floor":5.0,"turns":4.0},{"damage":0.0,"enemies":"Exordium Wildlife","floor":7.0,"turns":2.0},{"damage":5.0,"enemies":"Blue Slaver","floor":11.0,"turns":3.0},{"damage":26.0,"enemies":"Slime Boss","floor":16.0,"turns":7.0},{"damage":0,"enemies":"3 Byrds","floor":18,"turns":1}],"seed_played":"-8081415455228181023","potions_obtained":[{"floor":4.0,"key":"PowerPotion"},{"floor":7.0,"key":"SteroidPotion"},{"floor":11.0,"key":"LiquidBronze"}],"is_trial":false,"path_per_floor":["M","M","$","M","M","R","M","R","T","?","M","?","?","$","R","B",null,"M"],"character_chosen":"IRONCLAD","items_purchased":["Inflame"],"campfire_rested":0,"item_purchase_floors":[14],"current_hp_per_floor":[80,80,80,73,66,66,72,72,72,72,73,73,66,66,66,46,80,80],"gold":126,"neow_bonus":"THREE_CARDS","is_prod":false,"is_daily":false,"chose_seed":false,"campfire_upgraded":3,"win_rate":0,"timestamp":1545971925,"path_taken":["M","M","$","M","M","R","M","R","T","?","?","?","?","?","R","BOSS","M"],"build_version":"2018-12-20","purchased_purges":1,"victory":false,"max_hp_per_floor":[80,80,80,80,80,80,80,80,80,80,80,80,80,80,80,80,80,80],"card_choices":[{"not_picked":["Clothesline","Havoc"],"picked":"Carnage","floor":0.0},{"not_picked":["Heavy Blade","Flex","Clothesline"],"picked":"SKIP","floor":1.0},{"not_picked":["Pommel Strike","Clash"],"picked":"Headbutt","floor":2.0},{"not_picked":["Clash","Clothesline"],"picked":"Pommel Strike","floor":4.0},{"not_picked":["Wild Strike","Warcry","Sentinel"],"picked":"SKIP","floor":5.0},{"not_picked":["Anger","Cleave"],"picked":"Headbutt","floor":7.0},{"not_picked":["Searing Blow","Perfected Strike","Sentinel"],"picked":"SKIP","floor":11.0}],"player_experience":916575,"relics_obtained":[{"floor":9.0,"key":"War Paint"}],"event_choices":[{"cards_removed":["Strike_R"],"damage_healed":0.0,"max_hp_gain":0.0,"max_hp_loss":0.0,"gold_gain":0.0,"event_name":"Bonfire Elementals","player_choice":"Offered Basic","floor":10.0,"gold_loss":0.0,"damage_taken":0.0},{"cards_removed":["Strike_R"],"damage_healed":0.0,"max_hp_gain":0.0,"max_hp_loss":0.0,"gold_gain":0.0,"event_name":"The Cleric","player_choice":"Card Removal","floor":12.0,"gold_loss":50.0,"damage_taken":0.0},{"cards_removed":["Strike_R"],"damage_healed":0.0,"max_hp_gain":0.0,"max_hp_loss":0.0,"gold_gain":0.0,"event_name":"Golden Wing","player_choice":"Card Removal","floor":13.0,"gold_loss":0.0,"damage_taken":7.0}],"is_beta":false,"boss_relics":[{"not_picked":["Runic Dome","Coffee Dripper"],"picked":"Velvet Choker"}],"items_purged_floors":[3],"is_endless":false,"potions_floor_spawned":[4,7,11],"killed_by":"3 Byrds","ascension_level":4}