{"gold_per_floor":[119,119,119,69,69,69,94,94,120,150,177,210,147,167,167,297,297,321,321,344,344],"floor_reached":21,"playtime":904,"items_purged":["Strike_G"],"score":239,"play_id":"b236cfb0-7737-4749-87db-b39ae0344008","local_time":"20190320204639","is_ascension_mode":true,"campfire_choices":[{"floor":6.0,"key":"REST"},{"floor":8.0,"key":"REST"},{"data":"Blur","floor":15.0,"key":"SMITH"}],"neow_cost":"NONE","seed_source_timestamp":0,"circlet_count":0,"master_deck":["Defend_G","Defend_G","Defend_G","Defend_G","Defend_G","Strike_G","Survivor","Neutralize","Dash","Deadly Poison","Blur+1","Deadly Poison","Reflex","Noxious Fumes"],"special_seed":0,"relics":["Ring of the Snake","Boot","Pear","Golden Idol","MawBank","Philosopher\u0027s Stone"],"potions_floor_usage":[20,21],"damage_taken":[{"damage":1.0,"enemies":"Jaw Worm","floor":1.0,"turns":6.0},{"damage":0.0,"enemies":"2 Louse","floor":7.0,"turns":3.0},{"damage":0.0,"enemies":"Small Slimes","floor":10.0,"turns":3.0},{"damage":0.0,"enemies":"Looter","floor":11.0,"turns":4.0},{"damage":0.0,"enemies":"Red Slaver","floor":12.0,"turns":4.0},{"damage":0.0,"enemies":"Exordium Wildlife","floor":14.0,"turns":6.0},{"damage":59.0,"enemies":"Hexaghost","floor":16.0,"turns":15.0},{"damage":23,"enemies":"Spheric Guardian","floor":18,"turns":7},{"damage":35,"enemies":"3 Byrds","floor":20,"turns":3},{"damage":7,"enemies":"Shelled Parasite and Fungi","floor":21,"turns":3}],"seed_played":"-8732469943881956306","potions_obtained":[{"floor":7.0,"key":"Energy Potion"},{"floor":10.0,"key":"Fire Potion"},{"floor":16.0,"key":"LiquidBronze"},{"floor":18,"key":"Swift Potion"}],"is_trial":false,"path_per_floor":["M","?","?","?","?","R","M","R","T","M","M","M","$","M","R","B",null,"M","?","M","M"],"character_chosen":"THE_SILENT","items_purchased":[],"campfire_rested":2,"item_purchase_floors":[],"current_hp_per_floor":[62,39,39,39,19,43,43,67,67,67,67,67,67,67,67,8,62,39,39,4,0],"gold":344,"neow_bonus":"RANDOM_COMMON_RELIC","is_prod":false,"is_daily":false,"chose_seed":false,"campfire_upgraded":1,"win_rate":0,"timestamp":1553132799,"path_taken":["M","?","?","?","?","R","M","R","T","M","M","M","?","M","R","BOSS","M","?","M","M"],"build_version":"2019-01-23","purchased_purges":1,"victory":false,"max_hp_per_floor":[70,80,80,80,80,80,80,80,80,80,80,80,80,80,80,80,80,80,80,80,80],"card_choices":[{"not_picked":["Backflip","Expertise"],"picked":"Dash","floor":1.0},{"not_picked":["Backflip","Finisher","Underhanded Strike"],"picked":"SKIP","floor":7.0},{"not_picked":["Sucker Punch","Masterful Stab"],"picked":"Deadly Poison","floor":10.0},{"not_picked":["Choke","Bane","Quick Slash"],"picked":"SKIP","floor":11.0},{"not_picked":["Acrobatics","Tactician"],"picked":"Blur","floor":12.0},{"not_picked":["Dodge and Roll","Bane","Riddle With Holes"],"picked":"SKIP","floor":14.0},{"not_picked":["Dagger Throw","Tactician+1"],"picked":"Deadly Poison","floor":18},{"not_picked":["Blade Dance","Escape Plan","Masterful Stab+1"],"picked":"SKIP","floor":20}],"player_experience":1693787,"relics_obtained":[{"floor":9.0,"key":"MawBank"}],"event_choices":[{"damage_healed":0.0,"max_hp_gain":0.0,"max_hp_loss":0.0,"gold_gain":0.0,"event_name":"Scrap Ooze","player_choice":"Success","floor":2.0,"gold_loss":0.0,"damage_taken":33.0,"relics_obtained":["Pear"]},{"damage_healed":0.0,"max_hp_gain":0.0,"max_hp_loss":0.0,"gold_gain":0.0,"event_name":"Liars Game","player_choice":"Ignored","floor":3.0,"gold_loss":0.0,"damage_taken":0.0},{"cards_removed":["Strike_G"],"damage_healed":0.0,"max_hp_gain":0.0,"max_hp_loss":0.0,"gold_gain":0.0,"event_name":"The Cleric","player_choice":"Card Removal","floor":4.0,"gold_loss":50.0,"damage_taken":0.0},{"damage_healed":0.0,"max_hp_gain":0.0,"max_hp_loss":0.0,"gold_gain":0.0,"event_name":"Golden Idol","player_choice":"Take Damage","floor":5.0,"gold_loss":0.0,"damage_taken":20.0,"relics_obtained":["Golden Idol"]},{"damage_healed":0,"gold_gain":0,"cards_transformed":["Strike_G","Strike_G"],"player_choice":"Became Test Subject","damage_taken":0,"max_hp_gain":0,"max_hp_loss":0,"event_name":"Drug Dealer","floor":19,"gold_loss":0,"cards_obtained":["Reflex","Noxious Fumes"]}],"is_beta":false,"boss_relics":[{"not_picked":["Velvet Choker","Pandora\u0027s Box"],"picked":"Philosopher\u0027s Stone"}],"items_purged_floors":[13],"is_endless":false,"potions_floor_spawned":[7,10,16,18],"killed_by":"Shelled Parasite and Fungi","ascension_level":8}