{"gold_per_floor":[114,114,128,141,141,151,165,165,165,165,13,13,28,41,41,136,186,196,196,214,225,225],"floor_reached":22,"playtime":855,"items_purged":["Dualcast"],"score":243,"play_id":"0168fc5b-90d9-44dd-853a-3b9621897b31","local_time":"20190227002101","is_ascension_mode":true,"campfire_choices":[{"floor":8,"key":"REST"},{"data":"Zap","floor":10,"key":"SMITH"},{"data":"Loop","floor":15,"key":"SMITH"}],"neow_cost":"NONE","seed_source_timestamp":1216678481732292,"circlet_count":0,"master_deck":["Strike_B","Strike_B","Strike_B","Defend_B","Defend_B","Defend_B","Defend_B","Zap+1","Loop+1","Tempest","Self Repair+1","Streamline","Thunder Strike","Conserve Battery","Echo Form","Echo Form","BootSequence","Conserve Battery"],"relics":["Cracked Core","Regal Pillow","Cables","Omamori","Bottled Flame","Tiny House"],"potions_floor_usage":[16,16,22],"damage_taken":[{"damage":1,"enemies":"Cultist","floor":1,"turns":4},{"damage":2,"enemies":"Jaw Worm","floor":3,"turns":3},{"damage":1,"enemies":"2 Louse","floor":4,"turns":3},{"damage":15,"enemies":"Looter","floor":6,"turns":4},{"damage":30,"enemies":"Lots of Slimes","floor":7,"turns":5},{"damage":13,"enemies":"Exordium Wildlife","floor":13,"turns":4},{"damage":10,"enemies":"3 Louse","floor":14,"turns":3},{"damage":48,"enemies":"Slime Boss","floor":16,"turns":7},{"damage":25,"enemies":"3 Byrds","floor":18,"turns":5},{"damage":7,"enemies":"Chosen","floor":20,"turns":4},{"damage":38,"enemies":"Snake Plant","floor":21,"turns":4},{"damage":23,"enemies":"Sentry and Sphere","floor":22,"turns":3}],"seed_played":"-9184312990923962083","potions_obtained":[{"floor":4,"key":"Swift Potion"},{"floor":6,"key":"FairyPotion"},{"floor":13,"key":"LiquidBronze"},{"floor":14,"key":"SkillPotion"},{"floor":17,"key":"SpeedPotion"},{"floor":18,"key":"Regen Potion"},{"floor":20,"key":"SpeedPotion"}],"is_trial":false,"path_per_floor":["M","T","M","M","?","M","M","R","T","R","$","?","M","M","R","B",null,"M","?","M","M","M"],"character_chosen":"DEFECT","items_purchased":["Self Repair"],"campfire_rested":1,"item_purchase_floors":[11],"current_hp_per_floor":[67,67,65,64,64,49,19,56,56,56,56,49,43,40,40,14,65,50,50,43,15,0],"gold":225,"neow_bonus":"RANDOM_COMMON_RELIC","is_prod":false,"is_daily":false,"chose_seed":false,"campfire_upgraded":2,"win_rate":0,"timestamp":1551248461,"path_taken":["M","?","M","?","?","M","M","R","T","R","?","?","M","M","R","BOSS","M","?","M","M","M"],"build_version":"2019-01-23","purchased_purges":1,"victory":false,"max_hp_per_floor":[75,75,75,75,75,75,75,75,75,75,75,75,75,75,75,75,80,80,80,80,80,80],"card_choices":[{"not_picked":["Stack","Cold Snap","Undo"],"picked":"SKIP","floor":1},{"not_picked":["Go for the Eyes","Leap","Stack"],"picked":"SKIP","floor":3},{"not_picked":["Fission","Blizzard","Reprogram"],"picked":"SKIP","floor":4},{"not_picked":["Leap","Barrage"],"picked":"Loop","floor":6},{"not_picked":["Static Discharge","Conserve Battery"],"picked":"Tempest","floor":7},{"not_picked":["Hologram","Scrape","Compile Driver"],"picked":"SKIP","floor":13},{"not_picked":["Gash","Meteor Strike"],"picked":"Streamline","floor":14},{"not_picked":["Hyperbeam","Fission"],"picked":"Thunder Strike","floor":16},{"not_picked":["Steam Power","Turbo"],"picked":"Conserve Battery","floor":17},{"not_picked":["Redo","Streamline+1"],"picked":"Echo Form","floor":18},{"not_picked":["Cold Snap","Auto Shields+1"],"picked":"BootSequence","floor":20},{"not_picked":["Aggregate+1","Darkness+1"],"picked":"Conserve Battery","floor":21}],"player_experience":1522067,"relics_obtained":[{"floor":2,"key":"Cables"},{"floor":9,"key":"Bottled Flame"}],"event_choices":[{"damage_healed":0,"gold_gain":0,"player_choice":"Gave Potion","damage_taken":0,"relics_obtained":["Omamori"],"max_hp_gain":0,"max_hp_loss":0,"event_name":"WeMeetAgain","floor":5,"gold_loss":0},{"cards_removed":["Strike_B"],"damage_healed":0,"gold_gain":0,"player_choice":"Card Removal","damage_taken":7,"max_hp_gain":0,"max_hp_loss":0,"event_name":"Golden Wing","floor":12,"gold_loss":0},{"damage_healed":0,"gold_gain":0,"player_choice":"Copied","damage_taken":0,"max_hp_gain":0,"max_hp_loss":0,"event_name":"Duplicator","floor":19,"gold_loss":0,"cards_obtained":["Echo Form"]}],"is_beta":false,"boss_relics":[{"not_picked":["Ectoplasm","Astrolabe"],"picked":"Tiny House"}],"items_purged_floors":[11],"is_endless":false,"potions_floor_spawned":[4,6,13,14,18,20],"killed_by":"Sentry and Sphere","ascension_level":7}