{"gold_per_floor":[116,66,81,96,171,204,204,204,204,38,57,70,88,88,88,190,190,209,209],"floor_reached":19,"playtime":5187,"items_purged":["Strike_B"],"score":254,"play_id":"e9fb6731-ccd2-4a28-9f10-a5a295a656a3","local_time":"20190730132324","is_ascension_mode":true,"campfire_choices":[{"floor":7,"key":"REST"},{"floor":15,"key":"REST"}],"neow_cost":"NONE","seed_source_timestamp":1597386521352618,"circlet_count":0,"master_deck":["AscendersBane","Strike_B","Strike_B","Strike_B","Defend_B","Defend_B","Defend_B","Defend_B","Zap","Gash","Good Instincts","Bandage Up+1","FTL","Loop","Cold Snap","Core Surge","Redo+1"],"relics":["Cracked Core","NeowsBlessing","Question Card","Toxic Egg 2","Runic Pyramid"],"potions_floor_usage":[16,16,18],"damage_taken":[{"damage":0,"enemies":"Small Slimes","floor":1,"turns":1},{"damage":0,"enemies":"Jaw Worm","floor":3,"turns":1},{"damage":0,"enemies":"Cultist","floor":4,"turns":1},{"damage":50,"enemies":"3 Sentries","floor":6,"turns":9},{"damage":5,"enemies":"2 Fungi Beasts","floor":11,"turns":5},{"damage":6,"enemies":"Looter","floor":12,"turns":4},{"damage":0,"enemies":"Large Slime","floor":13,"turns":5},{"damage":29,"enemies":"The Guardian","floor":16,"turns":15},{"damage":37,"enemies":"2 Thieves","floor":18,"turns":4},{"damage":53,"enemies":"Masked Bandits","floor":19,"turns":4}],"seed_played":"-8194811783230673196","potions_obtained":[{"floor":4,"key":"Explosive Potion"},{"floor":11,"key":"Poison Potion"},{"floor":13,"key":"Swift Potion"}],"is_trial":false,"path_per_floor":["M","?","M","M","?","E","R","?","T","$","M","M","M","?","R","B",null,"M","?"],"character_chosen":"DEFECT","items_purchased":["Bandage Up+1"],"campfire_rested":2,"item_purchase_floors":[10],"current_hp_per_floor":[68,68,68,68,57,7,29,29,29,29,30,30,36,41,65,42,71,40,0],"gold":209,"neow_bonus":"THREE_ENEMY_KILL","is_prod":false,"is_daily":false,"chose_seed":false,"campfire_upgraded":0,"win_rate":0,"timestamp":1564511004,"path_taken":["M","?","M","M","?","E","R","?","T","$","?","M","M","?","R","BOSS","M","?"],"build_version":"2019-07-17","purchased_purges":1,"victory":false,"max_hp_per_floor":[75,75,75,75,75,75,75,75,75,75,75,75,75,80,80,80,80,80,80],"card_choices":[{"not_picked":["Beam Cell","Hello World","Coolheaded"],"picked":"SKIP","floor":1},{"not_picked":["Hello World","Heatsinks"],"picked":"Gash","floor":3},{"not_picked":["Skim","Beam Cell","Force Field"],"picked":"SKIP","floor":4},{"not_picked":["Rebound","Conserve Battery","Skim"],"picked":"SKIP","floor":6},{"not_picked":["Rebound","Hyperbeam","Turbo+1"],"picked":"FTL","floor":11},{"not_picked":["Stack+1","Compile Driver","Sweeping Beam"],"picked":"Loop","floor":12},{"not_picked":["Coolheaded+1","Blizzard","Recycle+1"],"picked":"Cold Snap","floor":13},{"not_picked":["Rainbow+1","Creative AI","Reboot+1"],"picked":"Core Surge","floor":16},{"not_picked":["Coolheaded+1","Recycle+1","Beam Cell"],"picked":"Redo+1","floor":18}],"player_experience":2571447,"relics_obtained":[{"floor":6,"key":"Question Card"},{"floor":9,"key":"Toxic Egg 2"}],"event_choices":[{"cards_removed":["Dualcast"],"damage_healed":0,"gold_gain":0,"player_choice":"Card Removal","damage_taken":0,"max_hp_gain":0,"max_hp_loss":0,"event_name":"The Cleric","floor":2,"gold_loss":50},{"damage_healed":0,"gold_gain":75,"player_choice":"Gather Gold","damage_taken":11,"max_hp_gain":0,"max_hp_loss":0,"event_name":"World of Goop","floor":5,"gold_loss":0},{"damage_healed":0,"gold_gain":0,"player_choice":"1 cards matched","damage_taken":0,"max_hp_gain":0,"max_hp_loss":0,"event_name":"Match and Keep!","floor":8,"gold_loss":0,"cards_obtained":["Good Instincts"]},{"damage_healed":0,"gold_gain":0,"player_choice":"Donut","damage_taken":0,"max_hp_gain":5,"max_hp_loss":0,"event_name":"Big Fish","floor":14,"gold_loss":0},{"damage_healed":0,"gold_gain":0,"player_choice":"Fought Bandits","damage_taken":0,"max_hp_gain":0,"max_hp_loss":0,"event_name":"Masked Bandits","floor":19,"gold_loss":0}],"is_beta":false,"boss_relics":[{"not_picked":["FrozenCore","Lizard Tail"],"picked":"Runic Pyramid"}],"items_purged_floors":[10],"is_endless":false,"potions_floor_spawned":[4,11,13],"killed_by":"Masked Bandits","ascension_level":10}