{"gold_per_floor":[118,193,193,193,193,193,231,244,244,258,287,287,306,306,306,306],"floor_reached":16,"playtime":415,"items_purged":[],"score":185,"play_id":"b524029d-c9b4-4471-962a-4059f160a3f4","local_time":"20190715161828","is_ascension_mode":true,"campfire_choices":[{"floor":6,"key":"REST"},{"floor":12,"key":"REST"},{"floor":15,"key":"REST"}],"neow_cost":"NONE","seed_source_timestamp":316637937884963,"circlet_count":0,"master_deck":["AscendersBane","Strike_R","Strike_R","Strike_R","Strike_R","Strike_R","Defend_R","Defend_R+1","Defend_R","Defend_R","Bash+1","Impervious"],"relics":["Burning Blood","NeowsBlessing","Golden Idol","Gremlin Horn","Dodecahedron","Odd Mushroom"],"potions_floor_usage":[16,16,16],"damage_taken":[{"damage":0,"enemies":"Cultist","floor":1,"turns":1},{"damage":0,"enemies":"Gremlin Nob","floor":7,"turns":1},{"damage":0,"enemies":"Small Slimes","floor":8,"turns":1},{"damage":4,"enemies":"Jaw Worm","floor":10,"turns":4},{"damage":19,"enemies":"The Mushroom Lair","floor":11,"turns":7},{"damage":33,"enemies":"Large Slime","floor":13,"turns":9},{"damage":105,"enemies":"Hexaghost","floor":16,"turns":14}],"seed_played":"-8143089191681733784","potions_obtained":[{"floor":1,"key":"BloodPotion"},{"floor":10,"key":"Dexterity Potion"},{"floor":13,"key":"Block Potion"}],"is_trial":false,"path_per_floor":["M","?","?","?","?","R","E","M","T","M","?","R","M","?","R","B"],"character_chosen":"IRONCLAD","items_purchased":[],"campfire_rested":3,"item_purchase_floors":[],"current_hp_per_floor":[78,67,72,51,34,59,65,71,71,73,60,85,58,58,83,0],"gold":306,"neow_bonus":"THREE_ENEMY_KILL","is_prod":false,"is_daily":false,"chose_seed":false,"campfire_upgraded":0,"win_rate":0,"timestamp":1563225508,"path_taken":["M","?","?","?","?","R","E","M","T","M","?","R","?","?","R","BOSS"],"build_version":"2019-07-05","purchased_purges":0,"victory":false,"max_hp_per_floor":[80,80,85,85,85,85,85,85,85,85,85,85,85,85,85,85],"card_choices":[{"not_picked":["Pommel Strike","Clothesline","Cleave"],"picked":"SKIP","floor":1},{"not_picked":["Uppercut","Shockwave","True Grit"],"picked":"SKIP","floor":7},{"not_picked":["Inflame","Sentinel","Bloodletting"],"picked":"SKIP","floor":8},{"not_picked":["Thunderclap","Clothesline","Wild Strike"],"picked":"SKIP","floor":10},{"not_picked":["Warcry","Clothesline"],"picked":"Impervious","floor":11},{"not_picked":["Clash","Dual Wield","Flex"],"picked":"SKIP","floor":13}],"player_experience":2338126,"relics_obtained":[{"floor":7,"key":"Gremlin Horn"},{"floor":9,"key":"Dodecahedron"},{"floor":11,"key":"Odd Mushroom"}],"event_choices":[{"damage_healed":0,"gold_gain":75,"player_choice":"Gather Gold","damage_taken":11,"max_hp_gain":0,"max_hp_loss":0,"event_name":"World of Goop","floor":2,"gold_loss":0},{"damage_healed":0,"gold_gain":0,"player_choice":"Donut","damage_taken":0,"max_hp_gain":5,"max_hp_loss":0,"event_name":"Big Fish","floor":3,"gold_loss":0},{"damage_healed":0,"gold_gain":0,"player_choice":"Take Damage","damage_taken":21,"relics_obtained":["Golden Idol"],"max_hp_gain":0,"max_hp_loss":0,"event_name":"Golden Idol","floor":4,"gold_loss":0},{"damage_healed":0,"gold_gain":0,"player_choice":"Entered Light","damage_taken":17,"max_hp_gain":0,"max_hp_loss":0,"event_name":"Shining Light","floor":5,"gold_loss":0,"cards_upgraded":["Bash","Defend_R"]},{"damage_healed":0,"gold_gain":0,"player_choice":"Fought Mushrooms","damage_taken":0,"max_hp_gain":0,"max_hp_loss":0,"event_name":"Mushrooms","floor":11,"gold_loss":0},{"damage_healed":0,"gold_gain":0,"player_choice":"Ignored","damage_taken":0,"max_hp_gain":0,"max_hp_loss":0,"event_name":"Liars Game","floor":14,"gold_loss":0}],"is_beta":false,"boss_relics":[],"items_purged_floors":[],"is_endless":false,"potions_floor_spawned":[1,10,13],"killed_by":"Hexaghost","ascension_level":10}