{"gold_per_floor":[119,194,144,144,158,158,9,9,9,9,20,53,53,53,53,158,158,170,170,170,188,204,204,224,149,223,223,239,46,58,58,70,185,197,219,242,270,302,325,337,363,375,387,417,462,474,518,550,562,574,586,598,36,63,63],"floor_reached":56,"playtime":9914,"items_purged":["Strike_G","Doubt"],"score":1502,"play_id":"b5ca0337-a70f-4e31-bd74-2575f5589ee7","local_time":"20190224192111","is_ascension_mode":true,"campfire_choices":[{"floor":6,"key":"REST"},{"floor":10,"key":"REST"},{"floor":15,"key":"REST"},{"data":"Tools of the Trade","floor":23,"key":"SMITH"},{"data":"Footwork","floor":27,"key":"SMITH"},{"data":"Blur","floor":32,"key":"SMITH"},{"data":"Caltrops","floor":40,"key":"SMITH"},{"data":"Noxious Fumes","floor":42,"key":"SMITH"},{"data":"Backflip","floor":46,"key":"SMITH"},{"floor":49,"key":"RECALL"},{"data":"Cloak And Dagger","floor":52,"key":"SMITH"}],"neow_cost":"NONE","seed_source_timestamp":1016788455283272,"circlet_count":0,"master_deck":["Defend_G+1","Defend_G","Defend_G+1","Defend_G","Defend_G","Strike_G","Survivor","Neutralize","Backflip+1","Cloak And Dagger","Caltrops+1","Noxious Fumes+1","Infinite Blades","Tools of the Trade+1","Cloak And Dagger+1","Footwork+1","Blur+1","Footwork+1","Writhe","Infinite Blades","Master of Strategy+1","Backflip+1","Burst+1","Crippling Poison+1","Apotheosis+1","Footwork"],"relics":["Ring of the Snake","Darkstone Periapt","Oddly Smooth Stone","Regal Pillow","Cursed Key","Toxic Egg 2","MawBank","Busted Crown","Ancient Tea Set","Anchor","Medical Kit","Turnip"],"potions_floor_usage":[12,12,12,33,33,45,45,50,50],"damage_taken":[{"damage":10,"enemies":"Small Slimes","floor":1,"turns":6},{"damage":0,"enemies":"2 Louse","floor":5,"turns":3},{"damage":0,"enemies":"Jaw Worm","floor":11,"turns":5},{"damage":34,"enemies":"Gremlin Nob","floor":12,"turns":6},{"damage":52,"enemies":"Slime Boss","floor":16,"turns":16},{"damage":0,"enemies":"3 Byrds","floor":18,"turns":4},{"damage":3,"enemies":"Chosen","floor":21,"turns":8},{"damage":0,"enemies":"Centurion and Healer","floor":22,"turns":13},{"damage":0,"enemies":"Shelled Parasite and Fungi","floor":24,"turns":11},{"damage":0,"enemies":"Chosen and Byrds","floor":28,"turns":10},{"damage":0,"enemies":"Snake Plant","floor":30,"turns":8},{"damage":41,"enemies":"Collector","floor":33,"turns":15},{"damage":0,"enemies":"3 Darklings","floor":35,"turns":7},{"damage":0,"enemies":"Orb Walker","floor":36,"turns":8},{"damage":0,"enemies":"Transient","floor":37,"turns":5},{"damage":0,"enemies":"Spire Growth","floor":38,"turns":9},{"damage":0,"enemies":"3 Darklings","floor":39,"turns":6},{"damage":12,"enemies":"Maw","floor":41,"turns":12},{"damage":0,"enemies":"Writhing Mass","floor":44,"turns":10},{"damage":4,"enemies":"Giant Head","floor":45,"turns":17},{"damage":11,"enemies":"Reptomancer","floor":47,"turns":9},{"damage":46,"enemies":"Sphere and 2 Shapes","floor":48,"turns":8},{"damage":4,"enemies":"Donu and Deca","floor":50,"turns":17},{"damage":0,"enemies":"Shield and Spear","floor":54,"turns":9},{"damage":14,"enemies":"The Heart","floor":55,"turns":15}],"seed_played":"-6546532778550365515","potions_obtained":[{"floor":0,"key":"Strength Potion"},{"floor":0,"key":"LiquidBronze"},{"floor":0,"key":"SmokeBomb"},{"floor":5,"key":"Block Potion"},{"floor":21,"key":"AttackPotion"},{"floor":24,"key":"FairyPotion"},{"floor":30,"key":"Dexterity Potion"},{"floor":36,"key":"GamblersBrew"},{"floor":37,"key":"SkillPotion"},{"floor":39,"key":"Swift Potion"},{"floor":47,"key":"SteroidPotion"},{"floor":48,"key":"Dexterity Potion"}],"is_trial":false,"path_per_floor":["M","?","?","?","M","R","$","?","T","R","M","E","?","?","R","B",null,"M","?","?","M","M","R","M","?","T","R","M","$","M","?","R","B",null,"M","M","M","M","M","R","M","R","T","M","E","R","E","M","R","B",null,"R","$","E","B",null],"character_chosen":"THE_SILENT","items_purchased":["Caltrops","Master of Strategy+1","Apotheosis+1","Medical Kit","Footwork"],"campfire_rested":3,"item_purchase_floors":[7,29,53,53,53],"current_hp_per_floor":[53,42,42,28,28,49,49,49,49,70,70,36,24,24,60,8,55,55,55,55,52,52,52,52,52,58,58,58,58,58,58,58,17,61,61,61,61,61,61,61,49,49,55,55,51,51,40,8,8,4,63,63,63,63,49],"gold":63,"neow_bonus":"THREE_SMALL_POTIONS","is_prod":false,"is_daily":false,"chose_seed":false,"campfire_upgraded":7,"win_rate":0,"timestamp":1551057671,"path_taken":["M","?","?","?","M","R","$","?","T","R","?","E","?","?","R","BOSS","M","?","?","M","M","R","M","?","T","R","M","?","M","?","R","BOSS","M","M","M","M","M","R","M","R","T","M","E","R","E","M","R","BOSS","R","$","E","BOSS"],"build_version":"2019-01-23","purchased_purges":2,"victory":true,"max_hp_per_floor":[70,70,70,70,70,70,70,70,70,70,70,70,70,70,70,70,70,70,70,70,70,70,70,70,70,76,76,76,76,76,76,76,76,76,76,76,76,76,76,76,76,76,82,82,82,82,82,82,82,82,82,82,82,82,82],"card_choices":[{"not_picked":["Accuracy","Infinite Blades"],"picked":"Backflip","floor":1},{"not_picked":["Dodge and Roll","Concentrate"],"picked":"Cloak And Dagger","floor":5},{"not_picked":["PiercingWail","Bouncing Flask"],"picked":"Noxious Fumes","floor":11},{"not_picked":["Blade Dance","Underhanded Strike"],"picked":"Infinite Blades","floor":12},{"not_picked":["Venomology","Phantasmal Killer"],"picked":"Tools of the Trade","floor":16},{"not_picked":["Poisoned Stab","Dagger Spray"],"picked":"Cloak And Dagger","floor":18},{"not_picked":["Flying Knee","Backflip"],"picked":"Blur","floor":21},{"not_picked":["Dagger Throw","Reflex","Sucker Punch+1"],"picked":"SKIP","floor":22},{"not_picked":["Unload","Blade Dance"],"picked":"Footwork+1","floor":24},{"not_picked":["Blade Dance+1","Setup+1"],"picked":"Infinite Blades","floor":28},{"not_picked":["Blade Dance+1","Leg Sweep+1"],"picked":"Backflip+1","floor":30},{"not_picked":["Grand Finale","A Thousand Cuts"],"picked":"Burst+1","floor":33},{"not_picked":["Quick Slash"],"picked":"SKIP","floor":35},{"not_picked":["Acrobatics+1"],"picked":"SKIP","floor":36},{"not_picked":[],"picked":"Crippling Poison+1","floor":37},{"not_picked":["Predator+1"],"picked":"SKIP","floor":38},{"not_picked":["Distraction+1"],"picked":"SKIP","floor":39},{"not_picked":["Quick Slash+1"],"picked":"SKIP","floor":41},{"not_picked":["Prepared+1"],"picked":"SKIP","floor":44},{"not_picked":["Dagger Throw"],"picked":"SKIP","floor":45},{"not_picked":["Dagger Throw+1"],"picked":"SKIP","floor":47},{"not_picked":["Tactician+1"],"picked":"SKIP","floor":48},{"not_picked":["Terror+1"],"picked":"SKIP","floor":54}],"player_experience":1507125,"relics_obtained":[{"floor":9,"key":"Darkstone Periapt"},{"floor":12,"key":"Oddly Smooth Stone"},{"floor":26,"key":"Toxic Egg 2"},{"floor":45,"key":"Ancient Tea Set"},{"floor":47,"key":"Anchor"},{"floor":54,"key":"Turnip"}],"event_choices":[{"damage_healed":0,"gold_gain":75,"player_choice":"Gather Gold","damage_taken":11,"max_hp_gain":0,"max_hp_loss":0,"event_name":"World of Goop","floor":2,"gold_loss":0},{"cards_removed":["Strike_G"],"damage_healed":0,"gold_gain":0,"player_choice":"Card Removal","damage_taken":0,"max_hp_gain":0,"max_hp_loss":0,"event_name":"The Cleric","floor":3,"gold_loss":50},{"damage_healed":0,"gold_gain":0,"player_choice":"Entered Light","damage_taken":14,"max_hp_gain":0,"max_hp_loss":0,"event_name":"Shining Light","floor":4,"gold_loss":0,"cards_upgraded":["Defend_G","Defend_G"]},{"damage_healed":0,"gold_gain":0,"player_choice":"Ignored","damage_taken":0,"max_hp_gain":0,"max_hp_loss":0,"event_name":"Liars Game","floor":8,"gold_loss":0},{"damage_healed":0,"gold_gain":0,"player_choice":"Success","damage_taken":12,"relics_obtained":["Regal Pillow"],"max_hp_gain":0,"max_hp_loss":0,"event_name":"Scrap Ooze","floor":13,"gold_loss":0},{"cards_removed":["Strike_G"],"damage_healed":0,"gold_gain":0,"player_choice":"Forget","damage_taken":0,"max_hp_gain":0,"max_hp_loss":0,"event_name":"Living Wall","floor":14,"gold_loss":0},{"damage_healed":0,"gold_gain":0,"player_choice":"Read","damage_taken":0,"max_hp_gain":0,"max_hp_loss":0,"event_name":"The Library","floor":19,"gold_loss":0,"cards_obtained":["Footwork"]},{"damage_healed":0,"gold_gain":0,"player_choice":"Ignored","damage_taken":0,"max_hp_gain":0,"max_hp_loss":0,"event_name":"Ghosts","floor":20,"gold_loss":0},{"cards_removed":["Strike_G"],"damage_healed":0,"gold_gain":0,"player_choice":"Gave Gold","damage_taken":0,"max_hp_gain":0,"max_hp_loss":0,"event_name":"Beggar","floor":25,"gold_loss":75},{"damage_healed":0,"gold_gain":0,"player_choice":"Opened","damage_taken":0,"relics_obtained":["MawBank"],"max_hp_gain":0,"max_hp_loss":0,"event_name":"The Mausoleum","floor":31,"gold_loss":0}],"is_beta":false,"boss_relics":[{"not_picked":["Ring of the Serpent","Runic Pyramid"],"picked":"Cursed Key"},{"not_picked":["Tiny House","Coffee Dripper"],"picked":"Busted Crown"}],"items_purged_floors":[7,53],"is_endless":false,"potions_floor_spawned":[5,21,24,30,36,37,38,39,47,48],"ascension_level":7}