{"gold_per_floor":[13,29,29,42,62,62,81,81,81,96,96],"floor_reached":11,"playtime":597,"items_purged":[],"score":90,"play_id":"3b7db82c-89b1-4404-8d24-1f41259b5e87","local_time":"20190224144319","is_ascension_mode":true,"campfire_choices":[{"data":"Bash","floor":6,"key":"SMITH"},{"data":"Defend_R","floor":8,"key":"SMITH"}],"neow_cost":"NO_GOLD","seed_source_timestamp":1009468021450637,"circlet_count":0,"master_deck":["Strike_R","Strike_R","Strike_R","Strike_R","Strike_R","Defend_R","Defend_R","Defend_R","Defend_R+1","Bash+1"],"relics":["Burning Blood","Pocketwatch","Kunai"],"potions_floor_usage":[],"damage_taken":[{"damage":1,"enemies":"2 Louse","floor":1,"turns":6},{"damage":7,"enemies":"Jaw Worm","floor":2,"turns":5},{"damage":6,"enemies":"Cultist","floor":4,"turns":3},{"damage":14,"enemies":"Blue Slaver","floor":5,"turns":12},{"damage":1,"enemies":"2 Fungi Beasts","floor":7,"turns":5},{"damage":9,"enemies":"Exordium Wildlife","floor":10,"turns":6},{"damage":79,"enemies":"The Mushroom Lair","floor":11,"turns":7}],"seed_played":"-6726992613231378692","potions_obtained":[{"floor":5,"key":"PowerPotion"},{"floor":7,"key":"EntropicBrew"},{"floor":10,"key":"SkillPotion"}],"is_trial":false,"path_per_floor":["M","M","?","M","M","R","M","R","T","M","?"],"character_chosen":"IRONCLAD","items_purchased":[],"campfire_rested":0,"item_purchase_floors":[],"current_hp_per_floor":[77,76,81,81,73,73,78,78,78,75,0],"gold":96,"neow_bonus":"ONE_RARE_RELIC","is_prod":false,"is_daily":false,"chose_seed":false,"campfire_upgraded":2,"win_rate":0,"timestamp":1551040999,"path_taken":["M","M","?","M","M","R","M","R","T","M","?"],"build_version":"2019-01-23","purchased_purges":0,"victory":false,"max_hp_per_floor":[80,80,85,85,85,85,85,85,85,85,85],"card_choices":[{"not_picked":["Clothesline","Heavy Blade","Pummel"],"picked":"SKIP","floor":1},{"not_picked":["True Grit","Pummel","Thunderclap"],"picked":"SKIP","floor":2},{"not_picked":["Infernal Blade","Perfected Strike","Heavy Blade"],"picked":"SKIP","floor":4},{"not_picked":["Evolve","Power Through","Intimidate"],"picked":"SKIP","floor":5},{"not_picked":["Wild Strike","Clash","Thunderclap"],"picked":"SKIP","floor":7},{"not_picked":["Uppercut","Clash","Corruption"],"picked":"SKIP","floor":10}],"player_experience":1503654,"relics_obtained":[{"floor":9,"key":"Kunai"}],"event_choices":[{"damage_healed":0,"gold_gain":0,"player_choice":"Donut","damage_taken":0,"max_hp_gain":5,"max_hp_loss":0,"event_name":"Big Fish","floor":3,"gold_loss":0},{"damage_healed":0,"gold_gain":0,"player_choice":"Fought Mushrooms","damage_taken":0,"max_hp_gain":0,"max_hp_loss":0,"event_name":"Mushrooms","floor":11,"gold_loss":0}],"is_beta":false,"boss_relics":[],"items_purged_floors":[],"is_endless":false,"potions_floor_spawned":[5,7,10],"killed_by":"The Mushroom Lair","ascension_level":7}