{"gold_per_floor":[118,135,152,227,242,242,269,269,269,287,287,307,333,358,358,462,462,462,10,10,10,10,10,10,10,10,10,10,10,10,10,10,10,10,10,10,10,10,10,10,10,10,10,10,10,10,10,0,0,0],"floor_reached":51,"playtime":6258,"items_purged":["Strike_B"],"score":842,"play_id":"9dc06b6b-887a-4e15-9647-d0f4da4f8e5f","local_time":"20190816192322","is_ascension_mode":true,"campfire_choices":[{"data":"Hyperbeam","floor":6,"key":"SMITH"},{"data":"Zap","floor":8,"key":"SMITH"},{"data":"Dualcast","floor":15,"key":"SMITH"},{"data":"Go for the Eyes","floor":24,"key":"SMITH"},{"data":"Tempest","floor":27,"key":"SMITH"},{"data":"Strike_B","floor":32,"key":"PURGE"},{"data":"Skim","floor":40,"key":"SMITH"},{"data":"Strike_B","floor":42,"key":"PURGE"},{"floor":44,"key":"REST"},{"data":"Strike_B","floor":47,"key":"PURGE"},{"data":"Barrage","floor":49,"key":"SMITH"}],"neow_cost":"TEN_PERCENT_HP_LOSS","seed_source_timestamp":162841508208700,"circlet_count":0,"master_deck":["Defend_B","Defend_B","Defend_B","Defend_B","Zap+1","Dualcast+1","Hyperbeam+1","Beam Cell","Ball Lightning","Genetic Algorithm","Self Repair","White Noise","Go for the Eyes+1","Undo","Capacitor+1","Compile Driver","Core Surge","Skim+1","Loop+1","Barrage+1","Stack","Conserve Battery","Biased Cognition+1","Static Discharge+1","Tempest+1","Electrodynamics+1","Barrage+1","Buffer+1","Defragment+1","Multi-Cast+1","Reprogram+1","Ball Lightning+1","Defragment+1","Compile Driver+1","Go for the Eyes","Leap+1","Parasite","Glacier+1"],"relics":["Cracked Core","Symbiotic Virus","Frozen Egg 2","Pantograph","Thread and Needle","Odd Mushroom","Ectoplasm","Peace Pipe","Juzu Bracelet","Smiling Mask","Toxic Egg 2","Cursed Key","StoneCalendar","Regal Pillow","Ice Cream","Red Mask"],"potions_floor_usage":[5,18,22,33,33,46,46,50],"damage_taken":[{"damage":3,"enemies":"Jaw Worm","floor":1,"turns":4},{"damage":0,"enemies":"2 Louse","floor":2,"turns":2},{"damage":0,"enemies":"Small Slimes","floor":3,"turns":1},{"damage":17,"enemies":"Gremlin Gang","floor":5,"turns":2},{"damage":10,"enemies":"3 Sentries","floor":7,"turns":4},{"damage":0,"enemies":"3 Louse","floor":10,"turns":1},{"damage":4,"enemies":"Exordium Wildlife","floor":12,"turns":3},{"damage":2,"enemies":"Lagavulin","floor":13,"turns":6},{"damage":8,"enemies":"The Mushroom Lair","floor":14,"turns":3},{"damage":12,"enemies":"The Guardian","floor":16,"turns":9},{"damage":0,"enemies":"Chosen","floor":18,"turns":4},{"damage":0,"enemies":"Spheric Guardian","floor":20,"turns":4},{"damage":4,"enemies":"Centurion and Healer","floor":21,"turns":4},{"damage":3,"enemies":"Snecko","floor":22,"turns":6},{"damage":7,"enemies":"Cultist and Chosen","floor":25,"turns":5},{"damage":4,"enemies":"Book of Stabbing","floor":28,"turns":5},{"damage":14,"enemies":"Chosen and Byrds","floor":29,"turns":4},{"damage":40,"enemies":"Gremlin Leader","floor":30,"turns":5},{"damage":0,"enemies":"Centurion and Healer","floor":31,"turns":4},{"damage":52,"enemies":"Collector","floor":33,"turns":6},{"damage":1,"enemies":"Orb Walker","floor":35,"turns":3},{"damage":2,"enemies":"3 Shapes","floor":36,"turns":3},{"damage":26,"enemies":"Sphere and 2 Shapes","floor":37,"turns":4},{"damage":16,"enemies":"3 Darklings","floor":38,"turns":4},{"damage":0,"enemies":"Maw","floor":39,"turns":5},{"damage":18,"enemies":"2 Orb Walkers","floor":41,"turns":3},{"damage":26,"enemies":"Nemesis","floor":46,"turns":6},{"damage":47,"enemies":"Time Eater","floor":50,"turns":8}],"seed_played":"8511483840691157917","potions_obtained":[{"floor":3,"key":"AttackPotion"},{"floor":7,"key":"FairyPotion"},{"floor":10,"key":"Poison Potion"},{"floor":16,"key":"SkillPotion"},{"floor":18,"key":"Fruit Juice"},{"floor":21,"key":"FocusPotion"},{"floor":31,"key":"GamblersBrew"},{"floor":33,"key":"SpeedPotion"},{"floor":35,"key":"Fire Potion"},{"floor":37,"key":"FearPotion"},{"floor":41,"key":"Regen Potion"}],"is_trial":false,"path_per_floor":["M","M","M","?","M","R","E","R","T","M","?","M","E","?","R","B",null,"M","$","M","M","M","?","R","M","T","R","E","M","E","M","R","B",null,"M","M","M","M","M","R","?","R","T","R","?","E","R","?","R","B",null],"character_chosen":"DEFECT","items_purchased":["Loop+1","Barrage","Peace Pipe"],"campfire_rested":1,"item_purchase_floors":[19,19,19],"current_hp_per_floor":[65,65,65,54,37,37,34,34,34,34,34,37,42,41,41,61,68,73,73,73,73,73,73,73,73,73,73,73,66,33,40,40,13,73,73,71,52,43,50,50,32,32,32,68,61,57,57,57,57,26],"gold":0,"neow_bonus":"THREE_RARE_CARDS","is_prod":false,"is_daily":false,"chose_seed":false,"campfire_upgraded":7,"win_rate":0,"timestamp":1565951002,"path_taken":["M","M","M","?","M","R","E","R","T","M","?","M","E","?","R","BOSS","M","$","M","M","M","?","R","M","T","R","E","M","E","M","R","BOSS","M","M","M","M","M","R","?","R","T","R","?","E","R","?","R","BOSS"],"build_version":"2019-07-17","purchased_purges":1,"victory":true,"max_hp_per_floor":[68,68,68,68,68,68,68,68,68,68,68,68,68,68,68,68,68,73,73,73,73,73,73,73,73,73,73,73,73,73,73,73,73,73,73,73,73,73,73,73,73,73,73,73,73,73,73,73,73,73],"card_choices":[{"not_picked":["Seek","Biased Cognition"],"picked":"Hyperbeam","floor":0},{"not_picked":["Stack","Turbo"],"picked":"Beam Cell","floor":1},{"not_picked":["Barrage","Streamline"],"picked":"Ball Lightning","floor":2},{"not_picked":["Lockon","Multi-Cast"],"picked":"Genetic Algorithm","floor":3},{"not_picked":["Conserve Battery","Hologram"],"picked":"Self Repair","floor":5},{"not_picked":["Reprogram","Sweeping Beam"],"picked":"White Noise","floor":7},{"not_picked":["Chaos","Force Field"],"picked":"Go for the Eyes","floor":10},{"not_picked":["Sweeping Beam","Sunder"],"picked":"Undo","floor":12},{"not_picked":["Turbo","Consume"],"picked":"Capacitor+1","floor":13},{"not_picked":["Rebound","Heatsinks+1"],"picked":"Compile Driver","floor":14},{"not_picked":["Reboot","Thunder Strike"],"picked":"Core Surge","floor":16},{"not_picked":["Turbo","Cold Snap"],"picked":"Skim","floor":18},{"not_picked":["Barrage","Darkness"],"picked":"Stack","floor":20},{"not_picked":["Barrage+1","Go for the Eyes"],"picked":"Conserve Battery","floor":21},{"not_picked":["Defragment+1","Steam Power"],"picked":"Biased Cognition+1","floor":22},{"not_picked":["Auto Shields","Reprogram+1"],"picked":"Tempest","floor":25},{"not_picked":["Reboot","Meteor Strike"],"picked":"Electrodynamics+1","floor":28},{"not_picked":["Beam Cell","Gash"],"picked":"Barrage+1","floor":29},{"not_picked":["Hologram+1","Sweeping Beam"],"picked":"Buffer+1","floor":30},{"not_picked":["Turbo+1","Coolheaded+1"],"picked":"Defragment+1","floor":31},{"not_picked":["Machine Learning+1","Rainbow+1"],"picked":"Multi-Cast+1","floor":33},{"not_picked":["Scrape+1","Sweeping Beam"],"picked":"Reprogram+1","floor":35},{"not_picked":["Rebound+1","Coolheaded+1"],"picked":"Ball Lightning+1","floor":36},{"not_picked":["Cold Snap","Barrage"],"picked":"Defragment+1","floor":37},{"not_picked":["Sunder+1","Steam+1"],"picked":"Compile Driver+1","floor":38},{"not_picked":["Compile Driver+1","Beam Cell"],"picked":"Go for the Eyes","floor":39},{"not_picked":["Self Repair+1","Lockon"],"picked":"Leap+1","floor":41},{"not_picked":["Tempest+1","All For One"],"picked":"Glacier+1","floor":46}],"player_experience":334210,"relics_obtained":[{"floor":7,"key":"Symbiotic Virus"},{"floor":9,"key":"Frozen Egg 2"},{"floor":13,"key":"Thread and Needle"},{"floor":14,"key":"Odd Mushroom"},{"floor":26,"key":"Juzu Bracelet"},{"floor":28,"key":"Smiling Mask"},{"floor":30,"key":"Toxic Egg 2"},{"floor":41,"key":"StoneCalendar"},{"floor":43,"key":"Regal Pillow"},{"floor":46,"key":"Ice Cream"}],"event_choices":[{"damage_healed":0,"gold_gain":75,"player_choice":"Gather Gold","damage_taken":11,"max_hp_gain":0,"max_hp_loss":0,"event_name":"World of Goop","floor":4,"gold_loss":0},{"damage_healed":0,"gold_gain":0,"player_choice":"Searched \u00272\u0027 times","damage_taken":0,"relics_obtained":["Pantograph"],"max_hp_gain":0,"max_hp_loss":0,"event_name":"Dead Adventurer","floor":11,"gold_loss":0},{"damage_healed":0,"gold_gain":0,"player_choice":"Fought Mushrooms","damage_taken":0,"max_hp_gain":0,"max_hp_loss":0,"event_name":"Mushrooms","floor":14,"gold_loss":0},{"damage_healed":0,"gold_gain":0,"player_choice":"Read","damage_taken":0,"max_hp_gain":0,"max_hp_loss":0,"event_name":"The Library","floor":23,"gold_loss":0,"cards_obtained":["Static Discharge"]},{"damage_healed":0,"gold_gain":0,"player_choice":"Fight","damage_taken":0,"max_hp_gain":0,"max_hp_loss":0,"event_name":"Mysterious Sphere","floor":41,"gold_loss":0},{"damage_healed":0,"gold_gain":0,"player_choice":"Damaged","damage_taken":7,"max_hp_gain":0,"max_hp_loss":0,"event_name":"Wheel of Change","floor":45,"gold_loss":0},{"damage_healed":0,"gold_gain":0,"player_choice":"Paid","damage_taken":0,"relics_obtained":["Red Mask"],"max_hp_gain":0,"max_hp_loss":0,"event_name":"Tomb of Lord Red Mask","floor":48,"gold_loss":10}],"is_beta":false,"boss_relics":[{"not_picked":["Lizard Tail","White Beast Statue"],"picked":"Ectoplasm"},{"not_picked":["Tiny House","Snecko Eye"],"picked":"Cursed Key"}],"items_purged_floors":[19],"is_endless":false,"potions_floor_spawned":[3,7,10,16,18,21,31,33,35,37,41],"ascension_level":4}