{"gold_per_floor":[114,114,114,130,130,130,158,158,158,158,174,174,124,124,124,245,245,269,269,282,282,282],"floor_reached":22,"playtime":7574,"items_purged":[],"score":328,"play_id":"39a69003-03dd-45e3-8253-9ea7d36747ba","local_time":"20190818113203","is_ascension_mode":true,"campfire_choices":[{"floor":6.0,"key":"REST"},{"data":"Zap","floor":8.0,"key":"SMITH"},{"data":"Chill","floor":12.0,"key":"SMITH"},{"floor":15.0,"key":"REST"}],"neow_cost":"NONE","seed_source_timestamp":0,"circlet_count":0,"master_deck":["AscendersBane","Strike_B","Strike_B+1","Defend_B+1","Defend_B","Defend_B","Defend_B","Zap+1","Chill+1","Echo Form","Redo+1"],"special_seed":0,"relics":["Cracked Core","NeowsBlessing","Ornamental Fan","Meat on the Bone","Question Card","Bloody Idol","Busted Crown","Nilry\u0027s Codex"],"potions_floor_usage":[],"damage_taken":[{"damage":0.0,"enemies":"Cultist","floor":1.0,"turns":1.0},{"damage":0.0,"enemies":"Jaw Worm","floor":4.0,"turns":1.0},{"damage":0.0,"enemies":"Lagavulin","floor":7.0,"turns":1.0},{"damage":0.0,"enemies":"2 Louse","floor":11.0,"turns":3.0},{"damage":15.0,"enemies":"The Guardian","floor":16.0,"turns":16.0},{"damage":36.0,"enemies":"Chosen","floor":18.0,"turns":7.0},{"damage":26.0,"enemies":"3 Byrds","floor":20.0,"turns":5.0},{"damage":26,"enemies":"Snake Plant","floor":22,"turns":2}],"seed_played":"-3559653073676096127","potions_obtained":[{"floor":4.0,"key":"Fire Potion"},{"floor":18.0,"key":"LiquidBronze"},{"floor":20.0,"key":"SneckoOil"}],"is_trial":false,"path_per_floor":["M","?","?","M","?","R","E","R","T","T","M","R","?","?","R","B",null,"M","?","M","?","M"],"character_chosen":"DEFECT","items_purchased":[],"campfire_rested":2,"item_purchase_floors":[],"current_hp_per_floor":[68,68,53,53,46,68,68,68,68,68,68,68,68,50,72,57,71,47,47,38,22,0],"gold":282,"neow_bonus":"THREE_ENEMY_KILL","is_prod":false,"is_daily":false,"chose_seed":false,"campfire_upgraded":2,"win_rate":0,"timestamp":1566145923,"path_taken":["M","?","?","M","?","R","E","R","T","?","M","R","?","?","R","BOSS","M","?","M","?","M"],"build_version":"2019-07-17","purchased_purges":0,"victory":false,"max_hp_per_floor":[75,75,75,75,75,75,75,75,75,75,75,75,75,75,75,75,75,75,75,75,75,75],"card_choices":[{"not_picked":["Barrage","Steam","Rebound"],"picked":"SKIP","floor":1.0},{"not_picked":["Barrage","Ball Lightning"],"picked":"Chill","floor":4.0},{"not_picked":["Steam","Rebound","Beam Cell"],"picked":"SKIP","floor":7.0},{"not_picked":["Stack","Consume","Auto Shields","Leap"],"picked":"SKIP","floor":11.0},{"not_picked":["Machine Learning","Amplify","Meteor Strike"],"picked":"Echo Form","floor":16.0},{"not_picked":["Steam"],"picked":"Redo+1","floor":18.0},{"not_picked":["Ball Lightning","Streamline"],"picked":"SKIP","floor":20.0}],"player_experience":2850685,"relics_obtained":[{"floor":7.0,"key":"Ornamental Fan"},{"floor":9.0,"key":"Meat on the Bone"},{"floor":10.0,"key":"Question Card"},{"floor":21,"key":"Nilry\u0027s Codex"}],"event_choices":[{"cards_removed":["Dualcast"],"damage_healed":0.0,"max_hp_gain":0.0,"max_hp_loss":0.0,"gold_gain":0.0,"event_name":"Living Wall","player_choice":"Forget","floor":2.0,"gold_loss":0.0,"damage_taken":0.0},{"damage_healed":0.0,"max_hp_gain":0.0,"max_hp_loss":0.0,"gold_gain":0.0,"event_name":"Shining Light","player_choice":"Entered Light","floor":3.0,"gold_loss":0.0,"damage_taken":15.0,"cards_upgraded":["Defend_B","Strike_B"]},{"cards_removed":["Strike_B"],"damage_healed":0.0,"max_hp_gain":0.0,"max_hp_loss":0.0,"gold_gain":0.0,"event_name":"Golden Wing","player_choice":"Card Removal","floor":5.0,"gold_loss":0.0,"damage_taken":7.0},{"cards_removed":["Strike_B"],"damage_healed":0.0,"max_hp_gain":0.0,"max_hp_loss":0.0,"gold_gain":0.0,"event_name":"The Cleric","player_choice":"Card Removal","floor":13.0,"gold_loss":50.0,"damage_taken":0.0},{"damage_healed":0.0,"max_hp_gain":0.0,"max_hp_loss":0.0,"gold_gain":0.0,"event_name":"Golden Idol","player_choice":"Take Damage","floor":14.0,"gold_loss":0.0,"damage_taken":18.0,"relics_obtained":["Golden Idol"]},{"damage_healed":0.0,"max_hp_gain":0.0,"max_hp_loss":0.0,"gold_gain":0.0,"event_name":"Forgotten Altar","player_choice":"Gave Idol","floor":19.0,"relics_lost":["Golden Idol"],"gold_loss":0.0,"damage_taken":0.0,"relics_obtained":["Bloody Idol"]},{"damage_healed":0,"gold_gain":0,"player_choice":"Obtained Book","damage_taken":16,"max_hp_gain":0,"max_hp_loss":0,"event_name":"Cursed Tome","floor":21,"gold_loss":0}],"is_beta":false,"boss_relics":[{"not_picked":["Tiny House","Coffee Dripper"],"picked":"Busted Crown"}],"items_purged_floors":[],"is_endless":false,"potions_floor_spawned":[4,18,20],"killed_by":"Snake Plant","ascension_level":12}