{"gold_per_floor":[109,120,120,120,45,71,71,90,90,100,0,0,13,14,14,112,112,131,6,105,105,94,94,107,107,107,117,117,137,137],"floor_reached":30,"playtime":1675,"items_purged":["Dualcast","Strike_B","Strike_B"],"score":385,"play_id":"d422ad0a-cff3-4d8d-b753-f88bd94a3d99","local_time":"20190406001240","is_ascension_mode":true,"campfire_choices":[{"data":"Zap","floor":7,"key":"SMITH"},{"floor":15,"key":"REST"},{"floor":23,"key":"REST"},{"floor":28,"key":"REST"}],"neow_cost":"NONE","seed_source_timestamp":84677234160499,"circlet_count":0,"master_deck":["Strike_B","Defend_B","Defend_B","Defend_B","Defend_B","Zap+1","Streamline","Conserve Battery","Cold Snap","Conserve Battery","Conserve Battery+1"],"relics":["Cracked Core","NeowsBlessing","FossilizedHelix","Darkstone Periapt","Singing Bowl","Fusion Hammer","Question Card"],"potions_floor_usage":[16,16,16,16,16],"damage_taken":[{"damage":0,"enemies":"Jaw Worm","floor":1,"turns":1},{"damage":0,"enemies":"2 Louse","floor":2,"turns":1},{"damage":0,"enemies":"Lagavulin","floor":6,"turns":1},{"damage":0,"enemies":"Small Slimes","floor":8,"turns":3},{"damage":8,"enemies":"3 Louse","floor":10,"turns":4},{"damage":5,"enemies":"Gremlin Gang","floor":13,"turns":5},{"damage":4,"enemies":"Exordium Thugs","floor":14,"turns":4},{"damage":30,"enemies":"Slime Boss","floor":16,"turns":10},{"damage":15,"enemies":"Shell Parasite","floor":18,"turns":7},{"damage":7,"enemies":"2 Thieves","floor":22,"turns":4},{"damage":33,"enemies":"Snecko","floor":24,"turns":8},{"damage":15,"enemies":"Snake Plant","floor":27,"turns":6},{"damage":13,"enemies":"3 Cultists","floor":29,"turns":8},{"damage":81,"enemies":"Centurion and Healer","floor":30,"turns":32}],"seed_played":"-6409877800576822472","potions_obtained":[{"floor":6,"key":"EntropicBrew"},{"floor":10,"key":"Block Potion"},{"floor":14,"key":"FocusPotion"},{"floor":16,"key":"Poison Potion"},{"floor":22,"key":"PowerPotion"},{"floor":29,"key":"LiquidBronze"}],"is_trial":false,"path_per_floor":["M","M","?","?","$","E","R","M","T","M","$","?","M","M","R","B",null,"M","$","?","?","M","R","M","?","T","M","R","M","M"],"character_chosen":"DEFECT","items_purchased":[],"campfire_rested":3,"item_purchase_floors":[],"current_hp_per_floor":[68,68,73,66,66,66,66,66,66,60,60,60,57,55,80,52,79,66,66,66,66,61,88,55,55,55,42,70,57,0],"gold":137,"neow_bonus":"THREE_ENEMY_KILL","is_prod":false,"is_daily":false,"chose_seed":false,"campfire_upgraded":1,"win_rate":0,"timestamp":1554527560,"path_taken":["M","M","?","?","$","E","R","M","T","?","$","?","M","M","R","BOSS","M","$","?","?","M","R","M","?","T","?","R","M","M"],"build_version":"2019-01-23","purchased_purges":3,"victory":false,"max_hp_per_floor":[75,75,80,80,80,80,80,80,80,82,82,82,84,86,86,88,88,90,90,90,90,92,92,92,92,92,94,94,94,94],"card_choices":[{"not_picked":["Tempest","Coolheaded"],"picked":"Streamline","floor":1},{"not_picked":["Static Discharge","Fusion","Barrage"],"picked":"SKIP","floor":2},{"not_picked":["Redo","Heatsinks","Darkness"],"picked":"SKIP","floor":6},{"not_picked":["Reprogram","Beam Cell"],"picked":"Conserve Battery","floor":8},{"not_picked":["Sweeping Beam","Skim","Doom and Gloom"],"picked":"Singing Bowl","floor":10},{"not_picked":["Recycle","Streamline","Sweeping Beam"],"picked":"Singing Bowl","floor":13},{"not_picked":["Heatsinks","Meteor Strike","Skim"],"picked":"Singing Bowl","floor":14},{"not_picked":["Multi-Cast","Rainbow","Hyperbeam"],"picked":"Singing Bowl","floor":16},{"not_picked":["Compile Driver+1","Sweeping Beam","Streamline"],"picked":"Singing Bowl","floor":18},{"not_picked":["Sweeping Beam","Melter","Rip and Tear"],"picked":"Singing Bowl","floor":22},{"not_picked":["Redo","Sweeping Beam+1"],"picked":"Cold Snap","floor":24},{"not_picked":["Compile Driver","Doom and Gloom","Hologram+1","Sweeping Beam"],"picked":"Singing Bowl","floor":27},{"not_picked":["Coolheaded","Hello World","Leap"],"picked":"Conserve Battery+1","floor":29}],"player_experience":1804538,"relics_obtained":[{"floor":6,"key":"Darkstone Periapt"},{"floor":9,"key":"Singing Bowl"},{"floor":26,"key":"Question Card"}],"event_choices":[{"damage_healed":0,"gold_gain":0,"player_choice":"Donut","damage_taken":0,"max_hp_gain":5,"max_hp_loss":0,"event_name":"Big Fish","floor":3,"gold_loss":0},{"damage_healed":0,"gold_gain":0,"player_choice":"Success","damage_taken":7,"relics_obtained":["FossilizedHelix"],"max_hp_gain":0,"max_hp_loss":0,"event_name":"Scrap Ooze","floor":4,"gold_loss":0},{"damage_healed":0,"gold_gain":0,"player_choice":"Leave","damage_taken":0,"max_hp_gain":0,"max_hp_loss":0,"event_name":"The Cleric","floor":12,"gold_loss":0},{"damage_healed":0,"gold_gain":99,"player_choice":"Stole From Cult","damage_taken":0,"max_hp_gain":0,"max_hp_loss":0,"event_name":"Nest","floor":20,"gold_loss":0},{"cards_removed":["Strike_B"],"damage_healed":0,"gold_gain":0,"player_choice":"Elegance","damage_taken":0,"max_hp_gain":0,"max_hp_loss":0,"event_name":"Back to Basics","floor":21,"gold_loss":0},{"damage_healed":0,"gold_gain":0,"player_choice":"Copied","damage_taken":0,"max_hp_gain":0,"max_hp_loss":0,"event_name":"Duplicator","floor":25,"gold_loss":0,"cards_obtained":["Conserve Battery"]}],"is_beta":false,"boss_relics":[{"not_picked":["Eternal Feather","Busted Crown"],"picked":"Fusion Hammer"}],"items_purged_floors":[5,11,19],"is_endless":false,"potions_floor_spawned":[6,10,14,16,22,24,29],"killed_by":"Centurion and Healer","ascension_level":8}