{"gold_per_floor":[116,131,131,131,206,206,306,316,393,403,403,414,437,387,387,387],"floor_reached":16,"playtime":527,"items_purged":[],"score":135,"play_id":"97ecff1d-f5fb-4629-b6ef-06d01193d39d","local_time":"20190715151134","is_ascension_mode":true,"campfire_choices":[{"floor":6,"key":"REST"},{"data":"Defend_R","floor":11,"key":"SMITH"},{"floor":15,"key":"REST"}],"neow_cost":"NONE","seed_source_timestamp":312510018858977,"circlet_count":0,"master_deck":["AscendersBane","Strike_R","Strike_R","Strike_R","Strike_R","Defend_R","Defend_R","Defend_R","Defend_R+1","Bash","Havoc","Battle Trance"],"relics":["Cursed Key","Pantograph","Odd Mushroom"],"potions_floor_usage":[16],"damage_taken":[{"damage":0,"enemies":"Cultist","floor":1,"turns":3},{"damage":7,"enemies":"Jaw Worm","floor":2,"turns":4},{"damage":10,"enemies":"2 Louse","floor":8,"turns":3},{"damage":0,"enemies":"Large Slime","floor":10,"turns":5},{"damage":9,"enemies":"Red Slaver","floor":12,"turns":3},{"damage":42,"enemies":"The Mushroom Lair","floor":13,"turns":8},{"damage":76,"enemies":"Hexaghost","floor":16,"turns":10}],"seed_played":"-2573241791574736716","potions_obtained":[{"floor":8,"key":"EssenceOfSteel"},{"floor":13,"key":"SpeedPotion"}],"is_trial":false,"path_per_floor":["M","M","?","?","?","R","?","M","T","M","R","M","?","?","R","B"],"character_chosen":"IRONCLAD","items_purchased":[],"campfire_rested":2,"item_purchase_floors":[],"current_hp_per_floor":[72,65,65,70,59,84,84,74,74,74,74,65,23,23,48,0],"gold":387,"neow_bonus":"BOSS_RELIC","is_prod":false,"is_daily":false,"chose_seed":false,"campfire_upgraded":1,"win_rate":0,"timestamp":1563221494,"path_taken":["M","M","?","?","?","R","?","M","T","M","R","?","?","?","R","BOSS"],"build_version":"2019-07-05","purchased_purges":0,"victory":false,"max_hp_per_floor":[80,80,80,85,85,85,85,85,85,85,85,85,85,85,85,85],"card_choices":[{"not_picked":["Clothesline","Spot Weakness","Bloodletting"],"picked":"SKIP","floor":1},{"not_picked":["Power Through","Searing Blow","Infernal Blade"],"picked":"SKIP","floor":2},{"not_picked":["Spot Weakness","Sword Boomerang","Feel No Pain"],"picked":"SKIP","floor":8},{"not_picked":["Searing Blow","Burning Pact","Clash"],"picked":"SKIP","floor":10},{"not_picked":["Clothesline","Headbutt","Perfected Strike"],"picked":"SKIP","floor":12},{"not_picked":["Wild Strike","Rampage"],"picked":"Battle Trance","floor":13}],"player_experience":2336773,"relics_obtained":[{"floor":9,"key":"Pantograph"},{"floor":13,"key":"Odd Mushroom"}],"event_choices":[{"damage_healed":0,"gold_gain":0,"cards_transformed":["Strike_R"],"player_choice":"Change","damage_taken":0,"max_hp_gain":0,"max_hp_loss":0,"event_name":"Living Wall","floor":3,"gold_loss":0,"cards_obtained":["Havoc"]},{"damage_healed":0,"gold_gain":0,"player_choice":"Donut","damage_taken":0,"max_hp_gain":5,"max_hp_loss":0,"event_name":"Big Fish","floor":4,"gold_loss":0},{"damage_healed":0,"gold_gain":75,"player_choice":"Gather Gold","damage_taken":11,"max_hp_gain":0,"max_hp_loss":0,"event_name":"World of Goop","floor":5,"gold_loss":0},{"damage_healed":0,"gold_gain":100,"player_choice":"Gold","damage_taken":0,"max_hp_gain":0,"max_hp_loss":0,"event_name":"Wheel of Change","floor":7,"gold_loss":0},{"damage_healed":0,"gold_gain":0,"player_choice":"Fought Mushrooms","damage_taken":0,"max_hp_gain":0,"max_hp_loss":0,"event_name":"Mushrooms","floor":13,"gold_loss":0},{"cards_removed":["Shame"],"damage_healed":0,"gold_gain":0,"player_choice":"Card Removal","damage_taken":0,"max_hp_gain":0,"max_hp_loss":0,"event_name":"The Cleric","floor":14,"gold_loss":50}],"is_beta":false,"boss_relics":[],"items_purged_floors":[],"is_endless":false,"potions_floor_spawned":[8,13],"killed_by":"Hexaghost","ascension_level":10}