{"gold_per_floor":[12,25,41,41,41,41,60,90,172,172,188,188,213,230,230,335,335,355,355,388,405,405,433,451,451,451,461,461,486,486,499,499,594,594,607,619,634,81,94,94,120,220,220,220,232,1,14,24,24,24],"floor_reached":51,"playtime":6455,"items_purged":["Strike_G","Strike_G"],"score":965,"play_id":"92f9bcfb-0490-4b28-b2c6-3cc0982db3c7","local_time":"20190827185353","is_ascension_mode":true,"campfire_choices":[{"data":"Neutralize","floor":6,"key":"SMITH"},{"data":"Dash","floor":10,"key":"SMITH"},{"data":"Deadly Poison","floor":12,"key":"SMITH"},{"floor":15,"key":"REST"},{"floor":28,"key":"REST"},{"floor":30,"key":"REST"},{"floor":32,"key":"REST"},{"data":"Cloak And Dagger","floor":40,"key":"SMITH"},{"data":"Envenom","floor":44,"key":"SMITH"},{"data":"Bouncing Flask","floor":49,"key":"SMITH"}],"neow_cost":"NO_GOLD","seed_source_timestamp":675470081966800,"circlet_count":0,"master_deck":["Defend_G","Defend_G","Defend_G","Defend_G","Survivor","Neutralize+1","Deadly Poison+1","Footwork+1","Deflect","Dash+1","Dagger Spray","A Thousand Cuts","Noxious Fumes","Die Die Die","Malaise+1","Glass Knife+1","Underhanded Strike+1","Outmaneuver","Acrobatics","Backflip","Cloak And Dagger+1","Envenom+1","Adrenaline","Leg Sweep+1","Corpse Explosion","Blur","Bouncing Flask+1","Blur","Tools of the Trade","Blur","Cloak And Dagger+1","Finisher+1","Dodge and Roll+1","Doubt","Blade Dance+1","Well Laid Plans","Acrobatics+1","Catalyst+1"],"relics":["Ring of the Snake","Incense Burner","Pear","Snake Skull","Astrolabe","Enchiridion","Red Mask","Oddly Smooth Stone","FossilizedHelix","Potion Belt","Centennial Puzzle","Cursed Key","Ancient Tea Set","Toxic Egg 2","Bird Faced Urn","Blood Vial"],"potions_floor_usage":[16,23,35,45,50,50,50],"damage_taken":[{"damage":0,"enemies":"Small Slimes","floor":1,"turns":3},{"damage":3,"enemies":"Jaw Worm","floor":2,"turns":4},{"damage":3,"enemies":"2 Louse","floor":3,"turns":3},{"damage":0,"enemies":"2 Fungi Beasts","floor":7,"turns":6},{"damage":0,"enemies":"Lots of Slimes","floor":11,"turns":5},{"damage":22,"enemies":"3 Sentries","floor":13,"turns":9},{"damage":0,"enemies":"3 Louse","floor":14,"turns":4},{"damage":12,"enemies":"Slime Boss","floor":16,"turns":8},{"damage":22,"enemies":"2 Thieves","floor":18,"turns":4},{"damage":9,"enemies":"Masked Bandits","floor":20,"turns":4},{"damage":0,"enemies":"Spheric Guardian","floor":21,"turns":3},{"damage":22,"enemies":"Slavers","floor":23,"turns":7},{"damage":12,"enemies":"Centurion and Healer","floor":24,"turns":7},{"damage":0,"enemies":"Chosen and Byrds","floor":27,"turns":6},{"damage":23,"enemies":"Gremlin Leader","floor":29,"turns":9},{"damage":0,"enemies":"Cultist and Chosen","floor":31,"turns":6},{"damage":19,"enemies":"Champ","floor":33,"turns":15},{"damage":0,"enemies":"3 Shapes","floor":35,"turns":4},{"damage":0,"enemies":"Orb Walker","floor":36,"turns":4},{"damage":0,"enemies":"Maw","floor":37,"turns":8},{"damage":0,"enemies":"Sphere and 2 Shapes","floor":39,"turns":5},{"damage":0,"enemies":"Reptomancer","floor":41,"turns":6},{"damage":0,"enemies":"Mind Bloom Boss Battle","floor":42,"turns":7},{"damage":0,"enemies":"Jaw Worm Horde","floor":45,"turns":4},{"damage":0,"enemies":"3 Darklings","floor":47,"turns":3},{"damage":0,"enemies":"Sphere and 2 Shapes","floor":48,"turns":6},{"damage":3,"enemies":"Time Eater","floor":50,"turns":13}],"seed_played":"906366643360254048","potions_obtained":[{"floor":13,"key":"Explosive Potion"},{"floor":14,"key":"Fire Potion"},{"floor":16,"key":"Regen Potion"},{"floor":18,"key":"Ancient Potion"},{"floor":21,"key":"FearPotion"},{"floor":27,"key":"Ancient Potion"},{"floor":31,"key":"Block Potion"},{"floor":33,"key":"Block Potion"},{"floor":36,"key":"Regen Potion"},{"floor":42,"key":"LiquidBronze"},{"floor":47,"key":"Regen Potion"}],"is_trial":false,"path_per_floor":["M","M","M","?","?","R","M","?","T","R","M","R","E","M","R","B",null,"M","?","?","M","?","E","M","?","T","M","R","E","R","M","R","B",null,"M","M","M","$","M","R","E","?","T","R","M","$","M","M","R","B",null],"character_chosen":"THE_SILENT","items_purchased":["Tools of the Trade","Blur","Cloak And Dagger","GhostInAJar","Ancient Tea Set","Well Laid Plans","PowerPotion"],"campfire_rested":4,"item_purchase_floors":[38,38,38,38,38,46,46],"current_hp_per_floor":[63,60,57,50,50,50,50,50,60,60,60,60,38,38,62,50,73,51,35,26,26,26,19,7,7,7,7,31,8,32,32,56,37,69,69,69,69,69,69,69,69,69,69,69,80,80,80,80,80,79],"gold":24,"neow_bonus":"ONE_RARE_RELIC","is_prod":false,"is_daily":false,"chose_seed":false,"campfire_upgraded":6,"win_rate":0,"timestamp":1566899633,"path_taken":["M","M","M","?","?","R","M","?","T","R","M","R","E","M","R","BOSS","M","?","?","M","?","E","M","?","T","M","R","E","R","M","R","BOSS","M","M","?","$","M","R","E","?","T","R","M","$","M","M","R","BOSS"],"build_version":"2019-07-17","purchased_purges":2,"victory":true,"max_hp_per_floor":[70,70,70,70,70,70,70,70,80,80,80,80,80,80,80,80,80,80,80,80,80,80,80,80,80,80,80,80,80,80,80,80,80,80,80,80,80,80,80,80,80,80,80,80,80,80,80,80,80,80],"card_choices":[{"not_picked":["Deflect","Slice"],"picked":"Deadly Poison","floor":1},{"not_picked":["Prepared","Tactician"],"picked":"Footwork","floor":2},{"not_picked":["Concentrate","Underhanded Strike"],"picked":"Deflect","floor":3},{"not_picked":["Bane","Sucker Punch"],"picked":"Dash","floor":7},{"not_picked":["Dagger Throw","Underhanded Strike"],"picked":"Dagger Spray","floor":11},{"not_picked":["Venomology","Dagger Throw"],"picked":"A Thousand Cuts","floor":13},{"not_picked":["All Out Attack","Leg Sweep"],"picked":"Noxious Fumes","floor":14},{"not_picked":["Phantasmal Killer","Bullet Time"],"picked":"Die Die Die","floor":16},{"not_picked":["Prepared+1","Poisoned Stab"],"picked":"Outmaneuver","floor":18},{"not_picked":["All Out Attack","Deflect"],"picked":"Acrobatics","floor":20},{"not_picked":["Dagger Spray","Tactician","Bane"],"picked":"SKIP","floor":21},{"not_picked":["Dagger Spray","Flying Knee"],"picked":"Backflip","floor":23},{"not_picked":["Prepared","Outmaneuver"],"picked":"Cloak And Dagger+1","floor":24},{"not_picked":["Deflect+1","Dagger Spray"],"picked":"Envenom","floor":27},{"not_picked":["Blade Dance","Dash"],"picked":"Adrenaline","floor":29},{"not_picked":["Cloak And Dagger","Endless Agony"],"picked":"Leg Sweep+1","floor":31},{"not_picked":["After Image","Malaise"],"picked":"Corpse Explosion","floor":33},{"not_picked":["Setup+1","Slice+1"],"picked":"Blur","floor":35},{"not_picked":["Quick Slash","Setup"],"picked":"Bouncing Flask","floor":36},{"not_picked":["Prepared","Dodge and Roll"],"picked":"Blur","floor":37},{"not_picked":["Dagger Spray+1","Flying Knee"],"picked":"Finisher+1","floor":39},{"not_picked":["Sucker Punch+1","Corpse Explosion","Quick Slash"],"picked":"SKIP","floor":41},{"not_picked":["Dagger Throw","Cloak And Dagger+1"],"picked":"Dodge and Roll+1","floor":42},{"not_picked":["Crippling Poison+1","Outmaneuver+1"],"picked":"Blade Dance+1","floor":45},{"not_picked":["Underhanded Strike+1","Dagger Spray"],"picked":"Acrobatics+1","floor":47},{"not_picked":["Flying Knee+1","Poisoned Stab"],"picked":"Catalyst+1","floor":48}],"player_experience":427978,"relics_obtained":[{"floor":9,"key":"Pear"},{"floor":13,"key":"Snake Skull"},{"floor":19,"key":"Enchiridion"},{"floor":20,"key":"Red Mask"},{"floor":23,"key":"FossilizedHelix"},{"floor":26,"key":"Potion Belt"},{"floor":29,"key":"Centennial Puzzle"},{"floor":41,"key":"Toxic Egg 2"},{"floor":42,"key":"Bird Faced Urn"},{"floor":43,"key":"Blood Vial"}],"event_choices":[{"cards_removed":["Strike_G"],"damage_healed":0,"gold_gain":0,"player_choice":"Card Removal","damage_taken":7,"max_hp_gain":0,"max_hp_loss":0,"event_name":"Golden Wing","floor":4,"gold_loss":0},{"damage_healed":0,"gold_gain":0,"player_choice":"Grow","damage_taken":0,"max_hp_gain":0,"max_hp_loss":0,"event_name":"Living Wall","floor":5,"gold_loss":0,"cards_upgraded":["Footwork"]},{"damage_healed":0,"gold_gain":30,"player_choice":"Searched \u00272\u0027 times","damage_taken":0,"max_hp_gain":0,"max_hp_loss":0,"event_name":"Dead Adventurer","floor":8,"gold_loss":0},{"damage_healed":0,"gold_gain":0,"player_choice":"Obtained Book","damage_taken":16,"max_hp_gain":0,"max_hp_loss":0,"event_name":"Cursed Tome","floor":19,"gold_loss":0},{"damage_healed":0,"gold_gain":0,"player_choice":"Fought Bandits","damage_taken":0,"max_hp_gain":0,"max_hp_loss":0,"event_name":"Masked Bandits","floor":20,"gold_loss":0},{"damage_healed":0,"gold_gain":0,"player_choice":"Opened","damage_taken":0,"relics_obtained":["Oddly Smooth Stone"],"max_hp_gain":0,"max_hp_loss":0,"event_name":"The Mausoleum","floor":22,"gold_loss":0,"cards_obtained":["Writhe"]},{"cards_removed":["Writhe"],"damage_healed":0,"gold_gain":0,"player_choice":"Purged","damage_taken":0,"max_hp_gain":0,"max_hp_loss":0,"event_name":"Purifier","floor":25,"gold_loss":0},{"damage_healed":0,"gold_gain":0,"player_choice":"Fight","damage_taken":0,"max_hp_gain":0,"max_hp_loss":0,"event_name":"MindBloom","floor":42,"gold_loss":0}],"is_beta":false,"boss_relics":[{"not_picked":["Fusion Hammer","Tiny House"],"picked":"Astrolabe"},{"not_picked":["Runic Dome","Snecko Eye"],"picked":"Cursed Key"}],"items_purged_floors":[38,46],"is_endless":false,"potions_floor_spawned":[13,14,16,18,21,27,31,33,36,39,41,42,47],"ascension_level":7}