{"gold_per_floor":[117,117,192,117,117,117,130,130,200,200,215,115,168,184,184,284,284,273,293,218,218,234,234,254,254,254,254,254,265,265,277,277,277],"floor_reached":33,"playtime":13515,"items_purged":["Strike_R","Defend_R"],"score":282,"play_id":"0ebbdd8d-52ab-4861-9288-c4a11213f055","local_time":"20181225192233","is_ascension_mode":true,"campfire_choices":[{"floor":6,"key":"REST"},{"data":"Bash","floor":8,"key":"SMITH"},{"data":"Defend_R","floor":10,"key":"SMITH"},{"data":"Defend_R","floor":15,"key":"SMITH"},{"data":"Flame Barrier","floor":23,"key":"SMITH"},{"floor":30,"key":"REST"},{"floor":32,"key":"REST"}],"neow_cost":"NONE","seed_source_timestamp":465965498820786,"circlet_count":0,"master_deck":["Strike_R","Strike_R","Defend_R+1","Defend_R+1","Bash+1","Impervious","Uppercut","Flame Barrier+1","Metallicize","Shockwave+1"],"relics":["Burning Blood","NeowsBlessing","Mercury Hourglass","Singing Bowl","Happy Flower","Black Star","Matryoshka"],"potions_floor_usage":[16,16,24,33],"damage_taken":[{"damage":0,"enemies":"Small Slimes","floor":1,"turns":1},{"damage":0,"enemies":"2 Louse","floor":7,"turns":1},{"damage":0,"enemies":"Jaw Worm","floor":11,"turns":1},{"damage":4,"enemies":"Red Slaver","floor":14,"turns":4},{"damage":26,"enemies":"Slime Boss","floor":16,"turns":12},{"damage":2,"enemies":"2 Thieves","floor":18,"turns":4},{"damage":10,"enemies":"Chosen","floor":19,"turns":6},{"damage":11,"enemies":"Snake Plant","floor":22,"turns":5},{"damage":19,"enemies":"Cultist and Chosen","floor":24,"turns":8},{"damage":57,"enemies":"Centurion and Healer","floor":29,"turns":16},{"damage":10,"enemies":"Snake Plant","floor":31,"turns":6},{"damage":68,"enemies":"Collector","floor":33,"turns":6}],"seed_played":"-6483309844456205232","potions_obtained":[{"floor":1,"key":"SpeedPotion"},{"floor":14,"key":"Weak Potion"},{"floor":22,"key":"Energy Potion"},{"floor":24,"key":"Energy Potion"}],"is_trial":false,"path_per_floor":["M","?","?","$","?","R","M","R","T","R","M","$","T","M","R","B",null,"M","M","?","?","M","R","M","?","T","?","?","M","R","M","R","B"],"character_chosen":"IRONCLAD","items_purchased":[],"campfire_rested":3,"item_purchase_floors":[],"current_hp_per_floor":[80,80,69,69,51,75,80,80,80,80,82,82,82,84,84,64,84,84,80,80,80,77,77,66,66,66,66,66,15,41,39,66,0],"gold":277,"neow_bonus":"THREE_ENEMY_KILL","is_prod":false,"is_daily":false,"chose_seed":false,"campfire_upgraded":4,"win_rate":0,"timestamp":1545787353,"path_taken":["M","?","?","$","?","R","?","R","T","R","M","$","?","M","R","BOSS","M","M","?","?","M","R","M","?","T","?","?","M","R","M","R","BOSS"],"build_version":"2018-12-20","purchased_purges":2,"victory":false,"max_hp_per_floor":[80,80,80,80,80,80,80,80,80,80,82,82,82,84,84,84,84,84,84,84,84,86,86,88,88,88,88,88,88,88,90,90,90],"card_choices":[{"not_picked":["Bloodletting","Clothesline","Armaments"],"picked":"SKIP","floor":1},{"not_picked":["Blood for Blood","Sentinel","Intimidate"],"picked":"SKIP","floor":7},{"not_picked":["Headbutt","Heavy Blade","Rupture"],"picked":"Singing Bowl","floor":11},{"not_picked":["Pummel","Sever Soul","Offering"],"picked":"Singing Bowl","floor":14},{"not_picked":["Double Tap","Dark Embrace"],"picked":"Impervious","floor":16},{"not_picked":["Headbutt","Thunderclap"],"picked":"Uppercut","floor":18},{"not_picked":["Armaments","Thunderclap"],"picked":"Flame Barrier","floor":19},{"not_picked":["Clash","True Grit","Flex"],"picked":"Singing Bowl","floor":22},{"not_picked":["Heavy Blade","Thunderclap+1","True Grit+1"],"picked":"Singing Bowl","floor":24},{"not_picked":["Iron Wave+1","Havoc"],"picked":"Shockwave+1","floor":29},{"not_picked":["Burning Pact","Warcry","Twin Strike"],"picked":"Singing Bowl","floor":31}],"player_experience":897237,"relics_obtained":[{"floor":9,"key":"Singing Bowl"},{"floor":13,"key":"Happy Flower"},{"floor":26,"key":"Matryoshka"}],"event_choices":[{"cards_removed":["Strike_R"],"damage_healed":0,"gold_gain":0,"player_choice":"Forget","damage_taken":0,"max_hp_gain":0,"max_hp_loss":0,"event_name":"Living Wall","floor":2,"gold_loss":0},{"damage_healed":0,"gold_gain":75,"player_choice":"Gather Gold","damage_taken":11,"max_hp_gain":0,"max_hp_loss":0,"event_name":"World of Goop","floor":3,"gold_loss":0},{"damage_healed":0,"gold_gain":0,"player_choice":"Success","damage_taken":18,"relics_obtained":["Mercury Hourglass"],"max_hp_gain":0,"max_hp_loss":0,"event_name":"Scrap Ooze","floor":5,"gold_loss":0},{"cards_removed":["Defend_R"],"damage_healed":0,"gold_gain":0,"player_choice":"Gave Gold","damage_taken":0,"max_hp_gain":0,"max_hp_loss":0,"event_name":"Beggar","floor":20,"gold_loss":75},{"damage_healed":0,"gold_gain":0,"player_choice":"Ignored","damage_taken":0,"max_hp_gain":0,"max_hp_loss":0,"event_name":"Vampires","floor":21,"gold_loss":0},{"damage_healed":0,"gold_gain":0,"player_choice":"Ignored","damage_taken":0,"max_hp_gain":0,"max_hp_loss":0,"event_name":"Ghosts","floor":25,"gold_loss":0},{"cards_removed":["Strike_R"],"damage_healed":0,"gold_gain":0,"player_choice":"Elegance","damage_taken":0,"max_hp_gain":0,"max_hp_loss":0,"event_name":"Back to Basics","floor":27,"gold_loss":0},{"damage_healed":0,"gold_gain":0,"player_choice":"Read","damage_taken":0,"max_hp_gain":0,"max_hp_loss":0,"event_name":"The Library","floor":28,"gold_loss":0,"cards_obtained":["Metallicize"]}],"is_beta":false,"boss_relics":[{"not_picked":["Calling Bell","Pandora\u0027s Box"],"picked":"Black Star"}],"items_purged_floors":[4,12],"is_endless":false,"potions_floor_spawned":[1,14,22,24],"killed_by":"Collector","ascension_level":4}