{"gold_per_floor":[118,43,60,60,36,36,67,67,115,131,141,160,260,278,278,381,381,351,383,383,402,414,414,414],"floor_reached":24,"playtime":1154,"items_purged":["Dualcast"],"score":357,"play_id":"63b95296-c9bb-43aa-9cae-3fcd75016d28","local_time":"20190817100513","is_ascension_mode":true,"campfire_choices":[{"data":"Zap","floor":6,"key":"SMITH"},{"data":"Core Surge","floor":8,"key":"SMITH"},{"data":"FTL","floor":15,"key":"SMITH"},{"data":"Glacier","floor":23,"key":"SMITH"}],"neow_cost":"NONE","seed_source_timestamp":288671625539000,"circlet_count":0,"master_deck":["AscendersBane","Strike_B","Strike_B","Strike_B","Strike_B","Defend_B","Defend_B","Defend_B","Defend_B","Zap+1","Gash","Core Surge+1","Self Repair","Conserve Battery","Gash","Self Repair","FTL+1","Glacier+1","Self Repair","Chill"],"relics":["Cracked Core","NeowsBlessing","Gambling Chip","Happy Flower","Coffee Dripper","Red Mask"],"potions_floor_usage":[16,16,19,19,24],"damage_taken":[{"damage":0,"enemies":"Small Slimes","floor":1,"turns":1},{"damage":0,"enemies":"Cultist","floor":3,"turns":1},{"damage":0,"enemies":"Gremlin Nob","floor":7,"turns":1},{"damage":0,"enemies":"Jaw Worm","floor":10,"turns":3},{"damage":5,"enemies":"Exordium Thugs","floor":11,"turns":4},{"damage":1,"enemies":"Looter","floor":12,"turns":2},{"damage":13,"enemies":"Exordium Wildlife","floor":14,"turns":5},{"damage":32,"enemies":"The Guardian","floor":16,"turns":12},{"damage":30,"enemies":"2 Thieves","floor":18,"turns":5},{"damage":45,"enemies":"Masked Bandits","floor":19,"turns":6},{"damage":21,"enemies":"Shell Parasite","floor":21,"turns":7},{"damage":12,"enemies":"Snecko","floor":22,"turns":7},{"damage":28,"enemies":"Snake Plant","floor":24,"turns":5}],"seed_played":"2222580408367926011","potions_obtained":[{"floor":7,"key":"AttackPotion"},{"floor":11,"key":"Dexterity Potion"},{"floor":16,"key":"EssenceOfSteel"},{"floor":18,"key":"FocusPotion"},{"floor":21,"key":"SpeedPotion"}],"is_trial":false,"path_per_floor":["M","$","M","?","$","R","E","R","T","M","M","M","?","M","R","B",null,"M","?","?","M","M","R","M"],"character_chosen":"DEFECT","items_purchased":["Gash"],"campfire_rested":0,"item_purchase_floors":[5],"current_hp_per_floor":[68,68,68,68,68,68,68,68,68,75,75,74,74,75,75,57,71,55,24,24,17,26,26,0],"gold":414,"neow_bonus":"THREE_ENEMY_KILL","is_prod":false,"is_daily":false,"chose_seed":false,"campfire_upgraded":4,"win_rate":0,"timestamp":1566054313,"path_taken":["M","$","M","?","$","R","E","R","T","M","?","M","?","M","R","BOSS","M","?","?","M","?","R","M"],"build_version":"2019-07-17","purchased_purges":1,"victory":false,"max_hp_per_floor":[75,75,75,75,75,75,75,75,75,75,75,75,75,75,75,75,75,75,75,75,75,75,75,75],"card_choices":[{"not_picked":["Barrage","Rebound"],"picked":"Gash","floor":1},{"not_picked":["Coolheaded","Compile Driver"],"picked":"Core Surge","floor":3},{"not_picked":["Tempest","Sunder","Turbo"],"picked":"SKIP","floor":7},{"not_picked":["Redo","Conserve Battery"],"picked":"Self Repair","floor":10},{"not_picked":["Barrage","Redo","Steam"],"picked":"SKIP","floor":11},{"not_picked":["Leap","Reinforced Body"],"picked":"FTL","floor":12},{"not_picked":["Beam Cell","Coolheaded","Hologram"],"picked":"SKIP","floor":14},{"not_picked":["Barrage","Coolheaded","Sweeping Beam"],"picked":"SKIP","floor":18},{"not_picked":["Sunder","Skim"],"picked":"Glacier","floor":19},{"not_picked":["Doom and Gloom+1","Skim"],"picked":"Self Repair","floor":21},{"not_picked":["Hologram+1","Heatsinks"],"picked":"Chill","floor":22}],"player_experience":2840904,"relics_obtained":[{"floor":7,"key":"Gambling Chip"},{"floor":9,"key":"Happy Flower"},{"floor":19,"key":"Red Mask"}],"event_choices":[{"damage_healed":0,"gold_gain":0,"player_choice":"2 cards matched","damage_taken":0,"max_hp_gain":0,"max_hp_loss":0,"event_name":"Match and Keep!","floor":4,"gold_loss":0,"cards_obtained":["Self Repair","Conserve Battery"]},{"damage_healed":0,"gold_gain":100,"player_choice":"Pray","damage_taken":0,"max_hp_gain":0,"max_hp_loss":0,"event_name":"Golden Shrine","floor":13,"gold_loss":0},{"damage_healed":0,"gold_gain":0,"player_choice":"Fought Bandits","damage_taken":0,"max_hp_gain":0,"max_hp_loss":0,"event_name":"Masked Bandits","floor":19,"gold_loss":0},{"damage_healed":0,"gold_gain":0,"player_choice":"Ignored","damage_taken":0,"max_hp_gain":0,"max_hp_loss":0,"event_name":"Ghosts","floor":20,"gold_loss":0}],"is_beta":false,"boss_relics":[{"not_picked":["White Beast Statue","Velvet Choker"],"picked":"Coffee Dripper"}],"items_purged_floors":[2],"is_endless":false,"potions_floor_spawned":[7,11,16,18,21],"killed_by":"Snake Plant","ascension_level":12}