{"gold_per_floor":[109,109,133,153,172,216,216,247,297,309,321,333,370,405,417,555,567,603,386,409,409],"floor_reached":21,"playtime":970,"items_purged":["Strike_R"],"score":296,"play_id":"dd63b943-fba8-4c19-a097-0bdaa773b218","local_time":"20190803104121","is_ascension_mode":true,"campfire_choices":[{"floor":7,"key":"REST"},{"floor":12,"key":"REST"},{"floor":15,"key":"REST"}],"neow_cost":"NONE","seed_source_timestamp":36099027242700,"circlet_count":0,"master_deck":["AscendersBane","Strike_R","Strike_R","Strike_R","Defend_R","Defend_R","Defend_R","Defend_R","Bash","Rampage","Inflame","Armaments","Body Slam","Demon Form"],"relics":["Lizard Tail","Golden Idol","Orichalcum","Kunai","MawBank","Busted Crown","Bronze Scales"],"potions_floor_usage":[6,6,13,16,16],"damage_taken":[{"damage":3,"enemies":"2 Louse","floor":1,"turns":5},{"damage":2,"enemies":"Jaw Worm","floor":3,"turns":3},{"damage":9,"enemies":"Cultist","floor":4,"turns":5},{"damage":1,"enemies":"2 Fungi Beasts","floor":5,"turns":5},{"damage":35,"enemies":"Gremlin Nob","floor":6,"turns":5},{"damage":33,"enemies":"3 Sentries","floor":8,"turns":10},{"damage":1,"enemies":"Looter","floor":13,"turns":4},{"damage":6,"enemies":"Blue Slaver","floor":14,"turns":7},{"damage":30,"enemies":"The Guardian","floor":16,"turns":16},{"damage":34,"enemies":"2 Thieves","floor":18,"turns":5},{"damage":30,"enemies":"Chosen","floor":20,"turns":7},{"damage":21,"enemies":"Shelled Parasite and Fungi","floor":21,"turns":3}],"seed_played":"-5210124391397488243","potions_obtained":[{"floor":3,"key":"FearPotion"},{"floor":5,"key":"Dexterity Potion"},{"floor":6,"key":"FearPotion"},{"floor":13,"key":"SkillPotion"},{"floor":14,"key":"Regen Potion"},{"floor":18,"key":"Explosive Potion"},{"floor":20,"key":"LiquidBronze"}],"is_trial":false,"path_per_floor":["M","?","M","M","M","E","R","E","T","?","?","R","M","M","R","B",null,"M","$","M","M"],"character_chosen":"IRONCLAD","items_purchased":["Bronze Scales"],"campfire_rested":3,"item_purchase_floors":[19],"current_hp_per_floor":[69,49,47,38,37,2,26,36,36,36,36,60,59,53,77,62,76,42,42,12,0],"gold":409,"neow_bonus":"BOSS_RELIC","is_prod":false,"is_daily":false,"chose_seed":false,"campfire_upgraded":0,"win_rate":0,"timestamp":1564846881,"path_taken":["M","?","M","M","M","E","R","E","T","?","?","R","?","M","R","BOSS","M","$","M","M"],"build_version":"2019-07-17","purchased_purges":1,"victory":false,"max_hp_per_floor":[80,80,80,80,80,80,80,80,80,80,80,80,80,80,80,80,80,80,80,80,80],"card_choices":[{"not_picked":["Iron Wave","True Grit","Clothesline"],"picked":"SKIP","floor":1},{"not_picked":["Dropkick","Warcry","Perfected Strike"],"picked":"SKIP","floor":3},{"not_picked":["Heavy Blade","Corruption"],"picked":"Rampage","floor":4},{"not_picked":["Carnage","Iron Wave","Evolve"],"picked":"SKIP","floor":5},{"not_picked":["Power Through","Feel No Pain"],"picked":"Inflame","floor":6},{"not_picked":["Fiend Fire","Heavy Blade"],"picked":"Armaments","floor":8},{"not_picked":["Thunderclap","Iron Wave"],"picked":"Body Slam","floor":13},{"not_picked":["Iron Wave","Headbutt","Heavy Blade"],"picked":"SKIP","floor":14},{"not_picked":["Impervious","Immolate"],"picked":"Demon Form","floor":16},{"not_picked":["Heavy Blade"],"picked":"SKIP","floor":18},{"not_picked":["Disarm+1"],"picked":"SKIP","floor":20}],"player_experience":2636362,"relics_obtained":[{"floor":6,"key":"Orichalcum"},{"floor":8,"key":"Kunai"},{"floor":9,"key":"MawBank"}],"event_choices":[{"damage_healed":0,"gold_gain":0,"player_choice":"Take Damage","damage_taken":20,"relics_obtained":["Golden Idol"],"max_hp_gain":0,"max_hp_loss":0,"event_name":"Golden Idol","floor":2,"gold_loss":0},{"cards_removed":["Strike_R"],"damage_healed":0,"gold_gain":0,"player_choice":"Forget","damage_taken":0,"max_hp_gain":0,"max_hp_loss":0,"event_name":"Living Wall","floor":10,"gold_loss":0},{"damage_healed":0,"gold_gain":0,"player_choice":"Bought 0 Potions","damage_taken":0,"max_hp_gain":0,"max_hp_loss":0,"event_name":"The Woman in Blue","floor":11,"gold_loss":0}],"is_beta":false,"boss_relics":[{"not_picked":["Coffee Dripper","Empty Cage"],"picked":"Busted Crown"}],"items_purged_floors":[19],"is_endless":false,"potions_floor_spawned":[3,5,6,13,14,18,20],"killed_by":"Shelled Parasite and Fungi","ascension_level":11}