{"gold_per_floor":[118,134,144,144,17,17,33,33,111,121,138,45,45,45,45,142,142,155,70,81,91,108,108],"floor_reached":23,"playtime":15487,"items_purged":["Strike_B"],"score":259,"play_id":"f1eae766-db2e-4d1c-ac07-674b6ef5067b","local_time":"20190610221159","is_ascension_mode":true,"campfire_choices":[{"data":"Zap","floor":6,"key":"SMITH"},{"floor":13,"key":"REST"},{"data":"Madness","floor":15,"key":"SMITH"}],"neow_cost":"NONE","seed_source_timestamp":2141317882905047,"circlet_count":0,"master_deck":["Strike_B","Defend_B","Defend_B","Defend_B","Defend_B","Zap+1","Streamline","FTL","Cold Snap","FTL","Conserve Battery","Madness+1","Electrodynamics","Loop","Defragment","Self Repair+1"],"relics":["Cracked Core","Happy Flower","Sundial","Empty Cage","Omamori"],"potions_floor_usage":[18,23,23],"damage_taken":[{"damage":3,"enemies":"2 Louse","floor":1,"turns":5},{"damage":0,"enemies":"Cultist","floor":2,"turns":4},{"damage":7,"enemies":"Jaw Worm","floor":3,"turns":3},{"damage":0,"enemies":"Exordium Thugs","floor":7,"turns":3},{"damage":9,"enemies":"Red Slaver","floor":10,"turns":3},{"damage":13,"enemies":"Large Slime","floor":11,"turns":3},{"damage":32,"enemies":"Slime Boss","floor":16,"turns":13},{"damage":17,"enemies":"2 Thieves","floor":18,"turns":3},{"damage":12,"enemies":"Chosen","floor":20,"turns":3},{"damage":26,"enemies":"Centurion and Healer","floor":21,"turns":5},{"damage":18,"enemies":"3 Cultists","floor":22,"turns":4},{"damage":18,"enemies":"Slavers","floor":23,"turns":1}],"seed_played":"-4609113401987715404","potions_obtained":[{"floor":1,"key":"FairyPotion"},{"floor":3,"key":"Energy Potion"},{"floor":20,"key":"LiquidBronze"},{"floor":22,"key":"SkillPotion"}],"is_trial":false,"path_per_floor":["M","M","M","?","$","R","M","?","T","M","M","$","R","?","R","B",null,"M","?","M","M","M","E"],"character_chosen":"DEFECT","items_purchased":["Cold Snap","Madness"],"campfire_rested":1,"item_purchase_floors":[5,12],"current_hp_per_floor":[72,72,65,65,65,65,65,65,65,56,43,43,67,72,72,40,75,58,58,46,20,2,0],"gold":108,"neow_bonus":"TEN_PERCENT_HP_BONUS","is_prod":false,"is_daily":false,"chose_seed":false,"campfire_upgraded":2,"win_rate":0,"timestamp":1560222719,"path_taken":["M","M","M","?","?","R","M","?","T","M","?","?","R","?","R","BOSS","M","?","M","M","M","E"],"build_version":"2019-01-23","purchased_purges":1,"victory":false,"max_hp_per_floor":[82,82,82,82,82,82,82,82,82,82,82,82,82,87,87,87,87,87,87,87,87,87,87],"card_choices":[{"not_picked":["Genetic Algorithm","Steam","Hologram"],"picked":"SKIP","floor":1},{"not_picked":["Coolheaded","Hologram"],"picked":"Streamline","floor":2},{"not_picked":["Rebound","Redo","Steam"],"picked":"SKIP","floor":3},{"not_picked":["Rebound","Gash"],"picked":"Glacier","floor":7},{"not_picked":["Stack","Cold Snap"],"picked":"FTL","floor":10},{"not_picked":["Ball Lightning","Lockon"],"picked":"Conserve Battery","floor":11},{"not_picked":["Amplify","Rainbow"],"picked":"Electrodynamics","floor":16},{"not_picked":["Turbo","Aggregate"],"picked":"Loop","floor":18},{"not_picked":["Cold Snap","Beam Cell"],"picked":"Defragment","floor":20},{"not_picked":["Darkness","Sunder+1","Stack"],"picked":"SKIP","floor":21},{"not_picked":["Gash","Fusion"],"picked":"Self Repair+1","floor":22}],"player_experience":2006299,"relics_obtained":[{"floor":9,"key":"Sundial"}],"event_choices":[{"damage_healed":0,"gold_gain":0,"cards_transformed":["Dualcast"],"player_choice":"Transformed","damage_taken":0,"max_hp_gain":0,"max_hp_loss":0,"event_name":"Transmorgrifier","floor":4,"gold_loss":0,"cards_obtained":["FTL"]},{"cards_removed":["Glacier"],"damage_healed":0,"gold_gain":0,"player_choice":"Gave Card","damage_taken":0,"relics_obtained":["Happy Flower"],"max_hp_gain":0,"max_hp_loss":0,"event_name":"WeMeetAgain","floor":8,"gold_loss":0},{"damage_healed":0,"gold_gain":0,"player_choice":"Donut","damage_taken":0,"max_hp_gain":5,"max_hp_loss":0,"event_name":"Big Fish","floor":14,"gold_loss":0},{"damage_healed":0,"gold_gain":0,"player_choice":"Obtained Relic","damage_taken":0,"relics_obtained":["Omamori"],"max_hp_gain":0,"max_hp_loss":0,"event_name":"Addict","floor":19,"gold_loss":85}],"is_beta":false,"boss_relics":[{"not_picked":["Velvet Choker","Eternal Feather"],"picked":"Empty Cage"}],"items_purged_floors":[5],"is_endless":false,"potions_floor_spawned":[1,3,20,22],"killed_by":"Slavers","ascension_level":8}