{"gold_per_floor":[117,117,42,53,71,89,89,59,59,77,152,52,67,84,84,187,187,198,198,198,213,41,52,72,72,118,118,138,148,167,185,185,185],"floor_reached":33,"playtime":1649,"items_purged":["Strike_R","Strike_R","Writhe"],"score":368,"play_id":"13c04291-0f76-4ab2-8df3-e8ea24a07aa5","local_time":"20190716130230","is_ascension_mode":true,"campfire_choices":[{"floor":7,"key":"REST"},{"data":"Body Slam","floor":15,"key":"SMITH"},{"floor":25,"key":"REST"},{"floor":27,"key":"RECALL"},{"floor":32,"key":"REST"}],"neow_cost":"NONE","seed_source_timestamp":390048478224879,"circlet_count":0,"master_deck":["AscendersBane","Strike_R","Strike_R","Strike_R","Defend_R","Defend_R","Defend_R","Defend_R","Bash","Ghostly Armor","Ghostly Armor","Body Slam+1","Juggernaut","Armaments+1","Battle Trance","Shrug It Off","Metallicize+1","Regret","Shrug It Off","Shrug It Off","Whirlwind"],"relics":["Burning Blood","NeowsBlessing","Bag of Preparation","Cursed Key","Paper Frog","Juzu Bracelet"],"potions_floor_usage":[13,16,16,16,33,33],"damage_taken":[{"damage":0,"enemies":"Small Slimes","floor":1,"turns":1},{"damage":0,"enemies":"Cultist","floor":4,"turns":1},{"damage":0,"enemies":"Jaw Worm","floor":5,"turns":1},{"damage":30,"enemies":"Exordium Wildlife","floor":6,"turns":9},{"damage":1,"enemies":"Looter","floor":8,"turns":4},{"damage":3,"enemies":"Blue Slaver","floor":10,"turns":7},{"damage":0,"enemies":"Gremlin Gang","floor":13,"turns":11},{"damage":11,"enemies":"2 Fungi Beasts","floor":14,"turns":6},{"damage":52,"enemies":"Slime Boss","floor":16,"turns":19},{"damage":24,"enemies":"2 Thieves","floor":18,"turns":5},{"damage":0,"enemies":"Spheric Guardian","floor":21,"turns":4},{"damage":6,"enemies":"Snake Plant","floor":23,"turns":3},{"damage":4,"enemies":"Cultist and Chosen","floor":24,"turns":7},{"damage":12,"enemies":"Shelled Parasite and Fungi","floor":28,"turns":6},{"damage":14,"enemies":"Centurion and Healer","floor":29,"turns":8},{"damage":32,"enemies":"Cultist and Chosen","floor":30,"turns":8},{"damage":22,"enemies":"Snake Plant","floor":31,"turns":5},{"damage":64,"enemies":"Automaton","floor":33,"turns":8}],"seed_played":"1580663284552499810","potions_obtained":[{"floor":1,"key":"FearPotion"},{"floor":6,"key":"FearPotion"},{"floor":10,"key":"SkillPotion"},{"floor":14,"key":"AttackPotion"},{"floor":23,"key":"Swift Potion"},{"floor":28,"key":"Explosive Potion"},{"floor":29,"key":"FairyPotion"}],"is_trial":false,"path_per_floor":["M","?","$","M","M","M","R","M","T","M","?","$","M","M","R","B",null,"M","?","?","M","$","M","M","R","T","R","M","M","M","M","R","B"],"character_chosen":"IRONCLAD","items_purchased":["Shrug It Off"],"campfire_rested":3,"item_purchase_floors":[22],"current_hp_per_floor":[78,78,78,80,80,56,80,80,80,80,72,72,78,73,73,27,67,49,49,34,40,40,40,42,67,67,67,61,53,27,11,36,0],"gold":185,"neow_bonus":"THREE_ENEMY_KILL","is_prod":false,"is_daily":false,"chose_seed":false,"campfire_upgraded":1,"win_rate":0,"timestamp":1563300150,"path_taken":["M","?","?","M","?","M","R","M","T","M","?","$","M","M","R","BOSS","M","?","?","M","$","M","M","R","T","R","M","M","M","M","R","BOSS"],"build_version":"2019-07-05","purchased_purges":3,"victory":false,"max_hp_per_floor":[80,80,80,80,80,80,80,80,80,80,80,80,80,80,80,80,80,80,80,85,85,85,85,85,85,85,85,85,85,85,85,85,85],"card_choices":[{"not_picked":["Clothesline","Pummel"],"picked":"Ghostly Armor","floor":1},{"not_picked":["Clothesline","Wild Strike","Fire Breathing"],"picked":"SKIP","floor":4},{"not_picked":["Cleave","Rage"],"picked":"Ghostly Armor","floor":5},{"not_picked":["Bloodletting","Sentinel","Flex"],"picked":"SKIP","floor":6},{"not_picked":["Wild Strike","Rampage"],"picked":"Body Slam","floor":8},{"not_picked":["Searing Blow","Perfected Strike","Armaments"],"picked":"SKIP","floor":10},{"not_picked":["Blood for Blood","Intimidate","Second Wind"],"picked":"SKIP","floor":13},{"not_picked":["Armaments","True Grit","Limit Break"],"picked":"SKIP","floor":14},{"not_picked":["Offering","Impervious"],"picked":"Juggernaut","floor":16},{"not_picked":["Iron Wave","Clash+1"],"picked":"Armaments+1","floor":18},{"not_picked":["Thunderclap","Havoc"],"picked":"Battle Trance","floor":21},{"not_picked":["Rage+1","Flex"],"picked":"Metallicize+1","floor":23},{"not_picked":["Pommel Strike","Power Through","Heavy Blade"],"picked":"SKIP","floor":24},{"not_picked":["Armaments","Spot Weakness"],"picked":"Shrug It Off","floor":28},{"not_picked":["Immolate","Wild Strike"],"picked":"Shrug It Off","floor":29},{"not_picked":["Dropkick+1","Pommel Strike"],"picked":"Whirlwind","floor":30},{"not_picked":["Havoc","Carnage","Exhume"],"picked":"SKIP","floor":31}],"player_experience":2351097,"relics_obtained":[{"floor":9,"key":"Bag of Preparation"},{"floor":26,"key":"Juzu Bracelet"}],"event_choices":[{"damage_healed":0,"gold_gain":0,"player_choice":"0 cards matched","damage_taken":0,"max_hp_gain":0,"max_hp_loss":0,"event_name":"Match and Keep!","floor":2,"gold_loss":0,"cards_obtained":[]},{"damage_healed":0,"gold_gain":75,"player_choice":"Touch","damage_taken":8,"max_hp_gain":0,"max_hp_loss":0,"event_name":"FaceTrader","floor":11,"gold_loss":0},{"damage_healed":0,"gold_gain":0,"player_choice":"Opened","damage_taken":0,"relics_obtained":["Paper Frog"],"max_hp_gain":0,"max_hp_loss":0,"event_name":"The Mausoleum","floor":19,"gold_loss":0,"cards_obtained":["Writhe"]},{"damage_healed":0,"gold_gain":0,"player_choice":"Shed Blood","damage_taken":20,"max_hp_gain":5,"max_hp_loss":0,"event_name":"Forgotten Altar","floor":20,"gold_loss":0}],"is_beta":false,"boss_relics":[{"not_picked":["Orrery","White Beast Statue"],"picked":"Cursed Key"}],"items_purged_floors":[3,12,22],"is_endless":false,"potions_floor_spawned":[1,6,10,14,23,28,29],"killed_by":"Automaton","ascension_level":10}