{"gold_per_floor":[118,118,136,153,153,228,276,276,276,293,40,51,51,51,51,51],"floor_reached":16,"playtime":623,"items_purged":["Dualcast+1"],"score":90,"play_id":"f79efe00-adc4-410f-ae5e-14dae8b1df43","local_time":"20181112170723","is_ascension_mode":false,"campfire_choices":[{"floor":8,"key":"REST"},{"floor":13,"key":"REST"},{"data":"Master of Strategy","floor":15,"key":"SMITH"}],"neow_cost":"PERCENT_DAMAGE","seed_source_timestamp":2914973781433755,"circlet_count":0,"master_deck":["Strike_B","Strike_B","Defend_B","Defend_B","Defend_B+1","Zap","Master of Strategy+1"],"relics":["Cracked Core","Art of War","War Paint","Meat on the Bone","Pantograph"],"potions_floor_usage":[16],"damage_taken":[{"damage":3,"enemies":"2 Louse","floor":1,"turns":4},{"damage":5,"enemies":"Jaw Worm","floor":3,"turns":5},{"damage":6,"enemies":"Cultist","floor":4,"turns":4},{"damage":2,"enemies":"Exordium Thugs","floor":10,"turns":5},{"damage":0,"enemies":"Blue Slaver","floor":12,"turns":3},{"damage":79,"enemies":"Hexaghost","floor":16,"turns":11}],"seed_played":"6446358740348147648","potions_obtained":[{"floor":1,"key":"EssenceOfSteel"}],"is_trial":false,"path_per_floor":["M","?","M","M","?","?","T","R","T","M","$","M","R","T","R","B"],"character_chosen":"DEFECT","items_purchased":["Master of Strategy"],"campfire_rested":2,"item_purchase_floors":[11],"current_hp_per_floor":[51,44,39,33,26,15,15,37,37,47,47,47,69,69,69,0],"gold":51,"neow_bonus":"REMOVE_TWO","is_prod":false,"is_daily":false,"chose_seed":false,"campfire_upgraded":1,"win_rate":0.0,"timestamp":1542064043,"path_taken":["M","?","M","M","?","?","?","R","T","?","$","M","R","?","R","BOSS"],"build_version":"2018-11-08","purchased_purges":1,"victory":false,"max_hp_per_floor":[75,75,75,75,75,75,75,75,75,75,75,75,75,75,75,75],"card_choices":[{"not_picked":["Stack","Beam Cell","Heatsinks"],"picked":"SKIP","floor":1},{"not_picked":["Stack","Conserve Battery","Leap"],"picked":"SKIP","floor":3},{"not_picked":["Beam Cell","Hologram","Creative AI"],"picked":"SKIP","floor":4},{"not_picked":["Stack","Storm","Leap"],"picked":"SKIP","floor":10},{"not_picked":["Stack","Darkness","Sweeping Beam"],"picked":"SKIP","floor":12}],"player_experience":157989,"relics_obtained":[{"floor":7,"key":"War Paint"},{"floor":9,"key":"Meat on the Bone"},{"floor":14,"key":"Pantograph"}],"event_choices":[{"damage_healed":0,"gold_gain":0,"player_choice":"Success","damage_taken":7,"relics_obtained":["Art of War"],"max_hp_gain":0,"max_hp_loss":0,"event_name":"Scrap Ooze","floor":2,"gold_loss":0},{"cards_removed":["Strike_B"],"damage_healed":0,"gold_gain":0,"player_choice":"Card Removal","damage_taken":7,"max_hp_gain":0,"max_hp_loss":0,"event_name":"Golden Wing","floor":5,"gold_loss":0},{"damage_healed":0,"gold_gain":75,"player_choice":"Gather Gold","damage_taken":11,"max_hp_gain":0,"max_hp_loss":0,"event_name":"World of Goop","floor":6,"gold_loss":0}],"is_beta":false,"boss_relics":[],"items_purged_floors":[11],"is_endless":false,"potions_floor_spawned":[1],"killed_by":"Hexaghost","ascension_level":0}