{"path_per_floor":["M","?","M","?","$","R","?","R","T","M","$","R","M","M","R","B",null,"M","M","$","M"],"character_chosen":"THE_SILENT","items_purchased":["Heel Hook","Infinite Blades","Poisoned Stab","Sucker Punch","Mind Blast","Dagger Spray"],"gold_per_floor":[115,190,204,204,13,13,36,36,36,55,9,9,19,38,38,139,139,154,173,53,73],"floor_reached":22,"campfire_rested":2,"playtime":2027,"current_hp_per_floor":[70,59,58,63,63,63,39,61,61,61,61,61,60,60,75,38,75,63,48,48,28],"items_purged":[],"gold":73,"play_id":"0948f0af-c12e-4f04-bee3-bb787796f346","is_prod":false,"is_daily":false,"campfire_rituals":0,"campfire_upgraded":2,"is_hardmode":false,"path_taken":["M","?","M","?","?","R","?","R","T","?","?","R","?","M","R","BOSS","M","?","$","M","M"],"build_version":"2018-01-04-PROD1","purchased_purges":0,"victory":false,"master_deck":["Defend_G","Defend_G","Defend_G","Defend_G","Defend_G","Strike_G","Strike_G","Strike_G","Strike_G","Strike_G","Survivor","Neutralize","Sucker Punch","Finisher","Heel Hook","Infinite Blades","Poisoned Stab","Envenom","Slice","Sucker Punch","Distraction","Quick Slash","Adrenaline","Quick Slash","Dash","Flying Knee","Eviscerate","Calculated Gamble","Flechettes","Deadly Poison","Mind Blast","Dagger Spray","Dagger Throw"],"max_hp_per_floor":[70,70,70,75,75,75,75,75,75,75,75,75,75,75,75,75,75,75,75,75,75],"relics":["Ring of the Snake","Odd Mushroom","Happy Flower","Orrery"],"campfire_meditates":0,"card_choices":[{"not_picked":["Caltrops","Dodge and Roll"],"picked":"Sucker Punch"},{"not_picked":["PiercingWail","Dodge and Roll"],"picked":"Finisher"},{"not_picked":["Deflect","Deadly Poison"],"picked":"Envenom"},{"not_picked":["Blur","Backflip"],"picked":"Slice"},{"not_picked":["Slice","PiercingWail"],"picked":"Distraction"},{"not_picked":["Riddle With Holes","Heel Hook"],"picked":"Quick Slash"},{"not_picked":["Envenom","Bullet Time"],"picked":"Adrenaline"},{"not_picked":["Predator","Acrobatics"],"picked":"Quick Slash"},{"not_picked":["Dodge and Roll","Acrobatics"],"picked":"Dash"},{"not_picked":["Malaise","Outmaneuver"],"picked":"Flying Knee"},{"not_picked":["Dodge and Roll","Choke"],"picked":"Eviscerate"},{"not_picked":["Wraith Form","PiercingWail"],"picked":"Calculated Gamble"},{"not_picked":["Slice","Prepared"],"picked":"Flechettes"},{"not_picked":["Slice","Acrobatics"],"picked":"Deadly Poison"},{"not_picked":["Blur","Slice"],"picked":"Dagger Throw"}],"player_experience":10824,"potions_floor_usage":[7,21],"damage_taken":[{"damage":0,"enemies":"Cultist","floor":1,"turns":3},{"damage":1,"enemies":"Blue Slaver","floor":3,"turns":5},{"damage":24,"enemies":"The Mushroom Lair","floor":7,"turns":5},{"damage":0,"enemies":"Small Slimes","floor":10,"turns":3},{"damage":1,"enemies":"Exordium Wildlife","floor":13,"turns":4},{"damage":0,"enemies":"Large Slime","floor":14,"turns":3},{"damage":37,"enemies":"Slime Boss","floor":16,"turns":12},{"damage":12,"enemies":"Chosen","floor":18,"turns":6},{"damage":15,"enemies":"3 Byrds","floor":19,"turns":6},{"damage":20,"enemies":"Snake Plant","floor":21,"turns":6},{"damage":31,"enemies":"3 Cultists","floor":22,"turns":3}],"event_choices":[{"event_name":"World of Goop","player_choice":"Gather Gold","floor":2,"damage_taken":0},{"event_name":"Big Fish","player_choice":"Donut","floor":4,"damage_taken":0},{"event_name":"Mushrooms","player_choice":"Fought Mushrooms","floor":7,"damage_taken":0}],"boss_relics":[{"not_picked":["Tiny House","Ectoplasm"],"picked":"Orrery"}],"potions_floor_spawned":[1,7,13,16,18,19],"seed_played":"3634045513435599136","killed_by":"3 Cultists","is_trial":false}