{"gold_per_floor":[115,133,58,58,68,99,99,111,137,137,151,151,166,181,181,279,279,298,223,241,241,141,171,171,183,208,208,224,224,224,224,224,224],"floor_reached":33,"playtime":8065,"items_purged":["Dualcast","Strike_B"],"score":401,"play_id":"08f4369d-0673-4e66-b36c-6c25c19128f6","local_time":"20190725160318","is_ascension_mode":true,"campfire_choices":[{"floor":7,"key":"REST"},{"floor":10,"key":"REST"},{"data":"Zap","floor":15,"key":"SMITH"},{"floor":24,"key":"REST"},{"floor":27,"key":"REST"},{"floor":30,"key":"REST"},{"floor":32,"key":"REST"}],"neow_cost":"NONE","seed_source_timestamp":1172093073401924,"circlet_count":0,"master_deck":["AscendersBane","Defend_B","Defend_B","Defend_B","Defend_B","Zap+1","Conserve Battery","Defragment","Reinforced Body","Glacier","Cold Snap","All For One","Reinforced Body","Reinforced Body","Shame","Defragment","Regret","Self Repair","Tempest"],"relics":["Cracked Core","NeowsBlessing","Potion Belt","Bronze Scales","Boot","Cursed Key","Bottled Tornado","Blood Vial","Bottled Flame"],"potions_floor_usage":[6,16,33,33,33],"damage_taken":[{"damage":0,"enemies":"Jaw Worm","floor":1,"turns":1},{"damage":0,"enemies":"Cultist","floor":2,"turns":1},{"damage":0,"enemies":"Small Slimes","floor":5,"turns":1},{"damage":28,"enemies":"Gremlin Nob","floor":6,"turns":4},{"damage":16,"enemies":"Blue Slaver","floor":8,"turns":5},{"damage":0,"enemies":"3 Louse","floor":11,"turns":4},{"damage":2,"enemies":"Large Slime","floor":13,"turns":9},{"damage":7,"enemies":"Exordium Wildlife","floor":14,"turns":7},{"damage":18,"enemies":"Hexaghost","floor":16,"turns":13},{"damage":7,"enemies":"Shell Parasite","floor":18,"turns":9},{"damage":8,"enemies":"Spheric Guardian","floor":20,"turns":4},{"damage":28,"enemies":"Book of Stabbing","floor":23,"turns":9},{"damage":52,"enemies":"Centurion and Healer","floor":25,"turns":30},{"damage":8,"enemies":"Cultist and Chosen","floor":28,"turns":9},{"damage":86,"enemies":"Champ","floor":33,"turns":22}],"seed_played":"7591438470917783094","potions_obtained":[{"floor":2,"key":"Strength Potion"},{"floor":5,"key":"FairyPotion"},{"floor":8,"key":"Poison Potion"},{"floor":16,"key":"EntropicBrew"},{"floor":25,"key":"Dexterity Potion"},{"floor":28,"key":"FearPotion"}],"is_trial":false,"path_per_floor":["M","M","$","?","M","E","R","M","T","R","M","?","M","M","R","B",null,"M","?","M","?","$","E","R","M","T","R","M","T","R","?","R","B"],"character_chosen":"DEFECT","items_purchased":[],"campfire_rested":6,"item_purchase_floors":[],"current_hp_per_floor":[68,68,68,75,75,47,69,53,53,75,75,75,73,66,66,48,68,61,61,53,53,53,25,47,7,7,29,23,23,45,45,67,0],"gold":224,"neow_bonus":"THREE_ENEMY_KILL","is_prod":false,"is_daily":false,"chose_seed":false,"campfire_upgraded":1,"win_rate":0,"timestamp":1564088598,"path_taken":["M","M","$","?","?","E","R","M","T","R","M","?","M","M","R","BOSS","M","?","M","?","$","E","R","M","T","R","M","?","R","?","R","BOSS"],"build_version":"2019-07-17","purchased_purges":2,"victory":false,"max_hp_per_floor":[75,75,75,75,75,75,75,75,75,75,75,75,75,75,75,75,75,75,75,75,75,75,75,75,75,75,75,75,75,75,75,75,75],"card_choices":[{"not_picked":["Force Field","Steam Power"],"picked":"Conserve Battery","floor":1},{"not_picked":["Rebound","Ball Lightning","Leap"],"picked":"SKIP","floor":2},{"not_picked":["Barrage","Sweeping Beam"],"picked":"Defragment","floor":5},{"not_picked":["Ball Lightning","Fission"],"picked":"Reinforced Body","floor":6},{"not_picked":["Sweeping Beam","Stack"],"picked":"Glacier","floor":8},{"not_picked":["Lockon","Fusion","Stack"],"picked":"SKIP","floor":11},{"not_picked":["Gash","Turbo","Melter"],"picked":"SKIP","floor":13},{"not_picked":["Steam","Rip and Tear"],"picked":"Cold Snap","floor":14},{"not_picked":["Creative AI","Hyperbeam"],"picked":"All For One","floor":16},{"not_picked":["Go for the Eyes","Barrage","Coolheaded"],"picked":"SKIP","floor":18},{"not_picked":["Sweeping Beam","Coolheaded","Gash+1"],"picked":"SKIP","floor":20},{"not_picked":["Stack","Ball Lightning"],"picked":"Reinforced Body","floor":23},{"not_picked":["Coolheaded","Darkness+1","Ball Lightning+1"],"picked":"SKIP","floor":25},{"not_picked":["Redo","Seek"],"picked":"Defragment","floor":28}],"player_experience":2482629,"relics_obtained":[{"floor":6,"key":"Potion Belt"},{"floor":9,"key":"Bronze Scales"},{"floor":23,"key":"Bottled Tornado"},{"floor":26,"key":"Blood Vial"},{"floor":29,"key":"Bottled Flame"}],"event_choices":[{"damage_healed":7,"gold_gain":0,"player_choice":"Full Heal","damage_taken":0,"max_hp_gain":0,"max_hp_loss":0,"event_name":"Wheel of Change","floor":4,"gold_loss":0},{"damage_healed":0,"gold_gain":0,"player_choice":"Searched \u00272\u0027 times","damage_taken":0,"relics_obtained":["Boot"],"max_hp_gain":0,"max_hp_loss":0,"event_name":"Dead Adventurer","floor":12,"gold_loss":0},{"cards_removed":["Strike_B"],"damage_healed":0,"gold_gain":0,"player_choice":"Gave Gold","damage_taken":0,"max_hp_gain":0,"max_hp_loss":0,"event_name":"Beggar","floor":19,"gold_loss":75},{"damage_healed":0,"gold_gain":0,"player_choice":"Read","damage_taken":0,"max_hp_gain":0,"max_hp_loss":0,"event_name":"The Library","floor":21,"gold_loss":0,"cards_obtained":["Reinforced Body"]},{"damage_healed":0,"gold_gain":0,"cards_transformed":["Strike_B","Strike_B"],"player_choice":"Became Test Subject","damage_taken":0,"max_hp_gain":0,"max_hp_loss":0,"event_name":"Drug Dealer","floor":31,"gold_loss":0,"cards_obtained":["Self Repair","Tempest"]}],"is_beta":false,"boss_relics":[{"not_picked":["Nuclear Battery","Calling Bell"],"picked":"Cursed Key"}],"items_purged_floors":[3,22],"is_endless":false,"potions_floor_spawned":[2,5,8,16,25,28],"killed_by":"Champ","ascension_level":10}