{"gold_per_floor":[109,124,124,199,199,199,72,72,98,98,118,138,150,161,161,161],"floor_reached":16,"playtime":1069,"items_purged":["Strike_R"],"score":143,"play_id":"c7a9b6e4-e033-4088-bfaa-fc2bedd98409","local_time":"20190802165430","is_ascension_mode":true,"campfire_choices":[{"floor":6,"key":"REST"},{"data":"Whirlwind","floor":10,"key":"SMITH"},{"data":"Body Slam","floor":15,"key":"SMITH"}],"neow_cost":"NONE","seed_source_timestamp":22764681018900,"circlet_count":0,"master_deck":["AscendersBane","Strike_R","Strike_R","Strike_R","Strike_R","Defend_R","Defend_R","Defend_R","Defend_R","Whirlwind+1","Shrug It Off","Body Slam+1","Shrug It Off"],"relics":["Sozu","Mummified Hand"],"potions_floor_usage":[],"damage_taken":[{"damage":4,"enemies":"2 Louse","floor":1,"turns":3},{"damage":3,"enemies":"Small Slimes","floor":2,"turns":3},{"damage":0,"enemies":"Jaw Worm","floor":11,"turns":3},{"damage":0,"enemies":"3 Louse","floor":12,"turns":2},{"damage":6,"enemies":"Lots of Slimes","floor":13,"turns":3},{"damage":0,"enemies":"Exordium Thugs","floor":14,"turns":3},{"damage":68,"enemies":"Hexaghost","floor":16,"turns":14}],"seed_played":"3076113604822226410","potions_obtained":[],"is_trial":false,"path_per_floor":["M","M","?","?","?","R","$","?","T","R","M","M","M","M","R","B"],"character_chosen":"IRONCLAD","items_purchased":["Shrug It Off"],"campfire_rested":1,"item_purchase_floors":[7],"current_hp_per_floor":[68,65,58,47,40,64,64,69,69,69,69,69,63,63,63,0],"gold":161,"neow_bonus":"BOSS_RELIC","is_prod":false,"is_daily":false,"chose_seed":false,"campfire_upgraded":2,"win_rate":0,"timestamp":1564782870,"path_taken":["M","M","?","?","?","R","$","?","T","R","M","M","M","M","R","BOSS"],"build_version":"2019-07-17","purchased_purges":1,"victory":false,"max_hp_per_floor":[80,80,80,80,80,80,80,85,85,85,85,85,85,85,85,85],"card_choices":[{"not_picked":["Iron Wave","Anger"],"picked":"Whirlwind","floor":1},{"not_picked":["Wild Strike","Whirlwind","Perfected Strike"],"picked":"SKIP","floor":2},{"not_picked":["Spot Weakness","Clothesline"],"picked":"Body Slam","floor":11},{"not_picked":["Sword Boomerang","Perfected Strike"],"picked":"Shrug It Off","floor":12},{"not_picked":["Clothesline","Hemokinesis","Havoc"],"picked":"SKIP","floor":13},{"not_picked":["Uppercut","Pommel Strike","Power Through"],"picked":"SKIP","floor":14}],"player_experience":2615239,"relics_obtained":[],"event_choices":[{"damage_healed":0,"gold_gain":0,"player_choice":"Success","damage_taken":7,"relics_obtained":["Mummified Hand"],"max_hp_gain":0,"max_hp_loss":0,"event_name":"Scrap Ooze","floor":3,"gold_loss":0},{"damage_healed":0,"gold_gain":75,"player_choice":"Gather Gold","damage_taken":11,"max_hp_gain":0,"max_hp_loss":0,"event_name":"World of Goop","floor":4,"gold_loss":0},{"cards_removed":["Bash"],"damage_healed":0,"gold_gain":0,"player_choice":"Card Removal","damage_taken":7,"max_hp_gain":0,"max_hp_loss":0,"event_name":"Golden Wing","floor":5,"gold_loss":0},{"damage_healed":0,"gold_gain":0,"player_choice":"Donut","damage_taken":0,"max_hp_gain":5,"max_hp_loss":0,"event_name":"Big Fish","floor":8,"gold_loss":0}],"is_beta":false,"boss_relics":[],"items_purged_floors":[7],"is_endless":false,"potions_floor_spawned":[13],"killed_by":"Hexaghost","ascension_level":11}