{"gold_per_floor":[116,130,144,158,176,176,176,7,34,34,45,58,58,58,58,160,160,173,173],"floor_reached":19,"playtime":6463,"items_purged":[],"score":392,"play_id":"68f35b63-b1f3-4961-9145-bdcc0d341d27","local_time":"20190715223759","is_ascension_mode":true,"campfire_choices":[{"floor":6,"key":"REST"},{"floor":10,"key":"REST"},{"floor":13,"key":"REST"},{"floor":15,"key":"REST"}],"neow_cost":"NONE","seed_source_timestamp":0,"circlet_count":0,"master_deck":["AscendersBane","Strike_R","Strike_R","Strike_R","Strike_R","Strike_R","Defend_R","Defend_R","Defend_R","Defend_R","Bash","Body Slam","The Bomb","Pain","Shrug It Off","Shrug It Off","Shrug It Off","Demon Form","Body Slam+1"],"special_seed":0,"relics":["White Beast Statue","Potion Belt","WarpedTongs","Orrery"],"potions_floor_usage":[16,16,16,16],"damage_taken":[{"damage":4.0,"enemies":"Small Slimes","floor":1.0,"turns":4.0},{"damage":10.0,"enemies":"Cultist","floor":2.0,"turns":4.0},{"damage":0.0,"enemies":"2 Louse","floor":3.0,"turns":4.0},{"damage":47.0,"enemies":"Gremlin Gang","floor":4.0,"turns":9.0},{"damage":3,"enemies":"2 Fungi Beasts","floor":5,"turns":5},{"damage":23,"enemies":"Exordium Thugs","floor":11,"turns":4},{"damage":12,"enemies":"3 Louse","floor":12,"turns":3},{"damage":56,"enemies":"Hexaghost","floor":16,"turns":11},{"damage":35,"enemies":"Spheric Guardian","floor":18,"turns":13},{"damage":28,"enemies":"Chosen","floor":19,"turns":8}],"seed_played":"743459470810880999","potions_obtained":[{"floor":1.0,"key":"EssenceOfSteel"},{"floor":2.0,"key":"SkillPotion"},{"floor":3.0,"key":"Swift Potion"},{"floor":4.0,"key":"SteroidPotion"},{"floor":5,"key":"Weak Potion"},{"floor":11,"key":"Weak Potion"},{"floor":12,"key":"FearPotion"},{"floor":16,"key":"EntropicBrew"},{"floor":18,"key":"Ancient Potion"}],"is_trial":false,"path_per_floor":["M","M","M","M","M","R","?","$","T","R","M","M","R","?","R","B",null,"M","M"],"character_chosen":"IRONCLAD","items_purchased":["The Bomb"],"campfire_rested":4,"item_purchase_floors":[8],"current_hp_per_floor":[68,58,58,11,8,32,32,32,32,56,33,21,45,45,69,13,63,28,0],"gold":173,"neow_bonus":"BOSS_RELIC","is_prod":false,"is_daily":false,"chose_seed":false,"campfire_upgraded":0,"win_rate":0,"timestamp":1563248279,"path_taken":["M","M","M","M","M","R","?","?","T","R","?","M","R","?","R","BOSS","M","?"],"build_version":"2019-07-05","purchased_purges":0,"victory":false,"max_hp_per_floor":[80,80,80,80,80,80,80,80,80,80,80,80,80,80,80,80,80,80,80],"card_choices":[{"not_picked":["Disarm","Iron Wave"],"picked":"Body Slam","floor":1.0},{"not_picked":["Flex","Perfected Strike","Combust"],"picked":"SKIP","floor":2.0},{"not_picked":["True Grit","Warcry","Rupture"],"picked":"SKIP","floor":3.0},{"not_picked":["Feel No Pain","Second Wind","Cleave"],"picked":"SKIP","floor":4.0},{"not_picked":["Iron Wave","Rage","Inflame"],"picked":"SKIP","floor":5},{"not_picked":["Rupture","Clash","Thunderclap"],"picked":"SKIP","floor":11},{"not_picked":["Infernal Blade","Rage","Pommel Strike"],"picked":"SKIP","floor":12},{"not_picked":["Blood for Blood","Wild Strike"],"picked":"Shrug It Off","floor":17},{"not_picked":["Iron Wave","Perfected Strike"],"picked":"Shrug It Off","floor":17},{"not_picked":["Searing Blow","Anger"],"picked":"Shrug It Off","floor":17},{"not_picked":["Iron Wave","Flex"],"picked":"Demon Form","floor":17},{"not_picked":["Shrug It Off+1","Headbutt+1"],"picked":"Body Slam+1","floor":18}],"player_experience":2339003,"relics_obtained":[{"floor":9,"key":"Potion Belt"}],"event_choices":[{"damage_healed":0,"gold_gain":0,"player_choice":"Bought 0 Potions","damage_taken":0,"max_hp_gain":0,"max_hp_loss":0,"event_name":"The Woman in Blue","floor":7,"gold_loss":0},{"damage_healed":0,"gold_gain":0,"player_choice":"Rummage","damage_taken":0,"relics_obtained":["WarpedTongs"],"max_hp_gain":0,"max_hp_loss":0,"event_name":"Accursed Blacksmith","floor":14,"gold_loss":0,"cards_obtained":["Pain"]}],"is_beta":false,"boss_relics":[{"not_picked":["Velvet Choker","Pandora\u0027s Box"],"picked":"Orrery"}],"items_purged_floors":[],"is_endless":false,"potions_floor_spawned":[1,2,3,4,5,11,12,16,18],"killed_by":"Chosen","ascension_level":10}