{"gold_per_floor":[10,21,41,58,8,83,99,99,99,114,114,114,126,143,143,241,291,261,261,261],"floor_reached":20,"playtime":10659,"items_purged":[],"score":252,"play_id":"25d90d01-a671-40d9-882d-e0d2ca07443f","local_time":"20190714151005","is_ascension_mode":true,"campfire_choices":[{"floor":8,"key":"REST"},{"floor":15,"key":"REST"}],"neow_cost":"NO_GOLD","seed_source_timestamp":215803270289660,"circlet_count":0,"master_deck":["AscendersBane","Strike_R","Strike_R+1","Defend_R","Defend_R","Defend_R","Defend_R","Bash","Body Slam+1","Armaments","Armaments","Battle Trance","Metallicize","Demon Form+1","Barricade"],"relics":["Burning Blood","Charon\u0027s Ashes","Dodecahedron","Tiny House"],"potions_floor_usage":[16,16,16,20,20],"damage_taken":[{"damage":0,"enemies":"Small Slimes","floor":1,"turns":3},{"damage":7,"enemies":"Jaw Worm","floor":2,"turns":3},{"damage":0,"enemies":"2 Louse","floor":3,"turns":4},{"damage":10,"enemies":"Exordium Wildlife","floor":4,"turns":5},{"damage":34,"enemies":"Large Slime","floor":7,"turns":11},{"damage":8,"enemies":"Blue Slaver","floor":10,"turns":5},{"damage":0,"enemies":"2 Fungi Beasts","floor":13,"turns":5},{"damage":10,"enemies":"Exordium Wildlife","floor":14,"turns":5},{"damage":64,"enemies":"Slime Boss","floor":16,"turns":15},{"damage":36,"enemies":"2 Thieves","floor":18,"turns":5},{"damage":42,"enemies":"3 Byrds","floor":20,"turns":12}],"seed_played":"-6540036723794864148","potions_obtained":[{"floor":2,"key":"Ancient Potion"},{"floor":7,"key":"Energy Potion"},{"floor":13,"key":"Fire Potion"},{"floor":16,"key":"GamblersBrew"},{"floor":17,"key":"AttackPotion"},{"floor":18,"key":"LiquidBronze"}],"is_trial":false,"path_per_floor":["M","M","M","M","?","?","M","R","T","M","?","?","M","M","R","B",null,"M","?","M"],"character_chosen":"IRONCLAD","items_purchased":[],"campfire_rested":2,"item_purchase_floors":[],"current_hp_per_floor":[78,77,80,76,76,65,37,61,61,59,59,43,49,45,69,11,68,38,38,0],"gold":261,"neow_bonus":"ONE_RARE_RELIC","is_prod":false,"is_daily":false,"chose_seed":false,"campfire_upgraded":0,"win_rate":0,"timestamp":1563135005,"path_taken":["M","M","M","M","?","?","M","R","T","M","?","?","?","M","R","BOSS","M","?","M"],"build_version":"2019-07-05","purchased_purges":0,"victory":false,"max_hp_per_floor":[80,80,80,80,80,80,80,80,80,80,80,80,80,80,80,80,85,85,85,85],"card_choices":[{"not_picked":["Headbutt","Twin Strike","Cleave"],"picked":"SKIP","floor":1},{"not_picked":["Clothesline","Heavy Blade"],"picked":"Body Slam","floor":2},{"not_picked":["Shrug It Off","Anger"],"picked":"Armaments","floor":3},{"not_picked":["Wild Strike","Rupture"],"picked":"Armaments","floor":4},{"not_picked":["Heavy Blade","Blood for Blood"],"picked":"Battle Trance","floor":7},{"not_picked":["Twin Strike","Clash"],"picked":"Metallicize","floor":10},{"not_picked":["Twin Strike","Cleave","Havoc"],"picked":"SKIP","floor":13},{"not_picked":["Spot Weakness","Body Slam"],"picked":"Demon Form","floor":14},{"not_picked":["Fiend Fire","Bludgeon"],"picked":"Barricade","floor":16},{"not_picked":["Intimidate","Rupture","Burning Pact"],"picked":"SKIP","floor":18}],"player_experience":2309859,"relics_obtained":[{"floor":9,"key":"Dodecahedron"}],"event_choices":[{"cards_removed":["Strike_R"],"damage_healed":0,"gold_gain":0,"player_choice":"Card Removal","damage_taken":0,"max_hp_gain":0,"max_hp_loss":0,"event_name":"The Cleric","floor":5,"gold_loss":50},{"damage_healed":0,"gold_gain":75,"player_choice":"Gather Gold","damage_taken":11,"max_hp_gain":0,"max_hp_loss":0,"event_name":"World of Goop","floor":6,"gold_loss":0},{"cards_removed":["Strike_R"],"damage_healed":0,"gold_gain":0,"player_choice":"Forget","damage_taken":0,"max_hp_gain":0,"max_hp_loss":0,"event_name":"Living Wall","floor":11,"gold_loss":0},{"damage_healed":0,"gold_gain":0,"player_choice":"Entered Light","damage_taken":16,"max_hp_gain":0,"max_hp_loss":0,"event_name":"Shining Light","floor":12,"gold_loss":0,"cards_upgraded":["Strike_R","Body Slam"]},{"cards_removed":["Strike_R"],"damage_healed":0,"gold_gain":0,"player_choice":"Elegance","damage_taken":0,"max_hp_gain":0,"max_hp_loss":0,"event_name":"Back to Basics","floor":19,"gold_loss":0}],"is_beta":false,"boss_relics":[{"not_picked":["Coffee Dripper","White Beast Statue"],"picked":"Tiny House"}],"items_purged_floors":[],"is_endless":false,"potions_floor_spawned":[2,7,13,16,18],"killed_by":"3 Byrds","ascension_level":10}