{"gold_per_floor":[112,212,222,222,232,263,263,263,313,313,332,332,346,374,374,474,474,488,507,523,14,28,28,39,39,66,66,77,103,28,43,43,43],"floor_reached":33,"playtime":2227,"items_purged":[],"score":279,"play_id":"442f2417-b028-45df-821c-a36bf0d65625","local_time":"20190816175810","is_ascension_mode":false,"campfire_choices":[{"floor":7,"key":"REST"},{"data":"Cloak And Dagger","floor":10,"key":"SMITH"},{"floor":12,"key":"REST"},{"floor":15,"key":"REST"},{"floor":23,"key":"REST"},{"floor":25,"key":"REST"},{"floor":27,"key":"REST"},{"floor":32,"key":"REST"}],"neow_cost":"NONE","seed_source_timestamp":107314792032707,"circlet_count":0,"master_deck":["Strike_G","Strike_G","Strike_G","Strike_G","Defend_G","Defend_G+1","Defend_G","Defend_G","Survivor","Neutralize","Cloak And Dagger+1","Terror+1","Endless Agony","Accuracy","Dagger Throw","Burst","PiercingWail","Cloak And Dagger","Blade Dance","Flechettes+1"],"relics":["Ring of the Snake","NeowsBlessing","Calipers","Dodecahedron","Anchor","Ornamental Fan","Runic Pyramid","Bottled Tornado","Sling","War Paint","Centennial Puzzle"],"potions_floor_usage":[16,16,16,22,22],"damage_taken":[{"damage":0,"enemies":"Small Slimes","floor":1,"turns":1},{"damage":0,"enemies":"Cultist","floor":3,"turns":1},{"damage":0,"enemies":"2 Louse","floor":5,"turns":1},{"damage":49,"enemies":"3 Sentries","floor":6,"turns":15},{"damage":0,"enemies":"Lots of Slimes","floor":11,"turns":4},{"damage":1,"enemies":"Exordium Wildlife","floor":13,"turns":4},{"damage":17,"enemies":"Lagavulin","floor":14,"turns":5},{"damage":53,"enemies":"Slime Boss","floor":16,"turns":18},{"damage":0,"enemies":"2 Thieves","floor":18,"turns":4},{"damage":0,"enemies":"3 Byrds","floor":19,"turns":7},{"damage":0,"enemies":"Snecko","floor":20,"turns":6},{"damage":23,"enemies":"Cultist and Chosen","floor":22,"turns":9},{"damage":49,"enemies":"3 Cultists","floor":24,"turns":9},{"damage":8,"enemies":"Centurion and Healer","floor":28,"turns":6},{"damage":40,"enemies":"Slavers","floor":29,"turns":9},{"damage":0,"enemies":"Snecko","floor":31,"turns":6},{"damage":60,"enemies":"Collector","floor":33,"turns":6}],"seed_played":"4081530920793525672","potions_obtained":[{"floor":1,"key":"Strength Potion"},{"floor":5,"key":"Dexterity Potion"},{"floor":6,"key":"GamblersBrew"},{"floor":14,"key":"Explosive Potion"},{"floor":16,"key":"Weak Potion"},{"floor":18,"key":"GhostInAJar"},{"floor":20,"key":"FearPotion"},{"floor":28,"key":"EssenceOfSteel"}],"is_trial":false,"path_per_floor":["M","?","M","?","M","E","R","T","T","R","M","R","M","E","R","B",null,"M","M","M","$","M","R","M","R","T","R","M","E","?","M","R","B"],"character_chosen":"THE_SILENT","items_purchased":["Bottled Tornado","Cloak And Dagger","Sling"],"campfire_rested":7,"item_purchase_floors":[21,21,21],"current_hp_per_floor":[70,70,70,70,70,21,42,42,42,42,42,63,62,45,66,13,70,70,70,70,70,47,68,19,40,40,61,53,13,13,13,34,0],"gold":43,"neow_bonus":"THREE_ENEMY_KILL","is_prod":false,"is_daily":false,"chose_seed":false,"campfire_upgraded":1,"win_rate":0.0,"timestamp":1565992690,"path_taken":["M","?","?","?","?","E","R","?","T","R","M","R","M","E","R","BOSS","M","?","?","$","M","R","M","R","T","R","M","E","?","M","R","BOSS"],"build_version":"2019-07-17","purchased_purges":0,"victory":false,"max_hp_per_floor":[70,70,70,70,70,70,70,70,70,70,70,70,70,70,70,70,70,70,70,70,70,70,70,70,70,70,70,70,70,70,70,70,70],"card_choices":[{"not_picked":["Skewer","Heel Hook","Deflect"],"picked":"SKIP","floor":1},{"not_picked":["Slice","Caltrops"],"picked":"Cloak And Dagger","floor":3},{"not_picked":["Calculated Gamble","Riddle With Holes"],"picked":"Terror","floor":5},{"not_picked":["Skewer","Night Terror"],"picked":"Endless Agony","floor":6},{"not_picked":["Quick Slash","Cloak And Dagger"],"picked":"Accuracy","floor":11},{"not_picked":["Dodge and Roll","Backstab"],"picked":"Dagger Throw","floor":13},{"not_picked":["Dagger Spray","Deflect","Flechettes"],"picked":"SKIP","floor":14},{"not_picked":["Glass Knife","Bullet Time"],"picked":"Burst","floor":16},{"not_picked":["All Out Attack+1","Dagger Throw","Dagger Spray+1"],"picked":"SKIP","floor":18},{"not_picked":["Choke","Reflex"],"picked":"PiercingWail","floor":19},{"not_picked":["Deflect","Dagger Spray","Sucker Punch"],"picked":"SKIP","floor":20},{"not_picked":["Backflip","Backstab+1"],"picked":"Blade Dance","floor":22},{"not_picked":["Caltrops+1","Dodge and Roll","PiercingWail+1"],"picked":"SKIP","floor":24},{"not_picked":["PiercingWail","Prepared","Outmaneuver"],"picked":"SKIP","floor":28},{"not_picked":["Dagger Throw","Phantasmal Killer","PiercingWail"],"picked":"SKIP","floor":29},{"not_picked":["Bane","Backflip"],"picked":"Flechettes+1","floor":31}],"player_experience":101638,"relics_obtained":[{"floor":6,"key":"Calipers"},{"floor":8,"key":"Dodecahedron"},{"floor":9,"key":"Anchor"},{"floor":14,"key":"Ornamental Fan"},{"floor":26,"key":"War Paint"},{"floor":29,"key":"Centennial Puzzle"}],"event_choices":[{"damage_healed":0,"gold_gain":100,"player_choice":"Gold","damage_taken":0,"max_hp_gain":0,"max_hp_loss":0,"event_name":"Wheel of Change","floor":2,"gold_loss":0},{"cards_removed":["Defend_G"],"damage_healed":0,"gold_gain":0,"player_choice":"Offered Basic","damage_taken":0,"max_hp_gain":0,"max_hp_loss":0,"event_name":"Bonfire Elementals","floor":4,"gold_loss":0},{"cards_removed":["Strike_G"],"damage_healed":0,"gold_gain":0,"player_choice":"Gave Gold","damage_taken":0,"max_hp_gain":0,"max_hp_loss":0,"event_name":"Beggar","floor":30,"gold_loss":75}],"is_beta":false,"boss_relics":[{"not_picked":["Calling Bell","Orrery"],"picked":"Runic Pyramid"}],"items_purged_floors":[],"is_endless":false,"potions_floor_spawned":[1,5,6,14,16,18,20,28],"killed_by":"Collector","ascension_level":0}