{"gold_per_floor":[111,61,73,73,73,73,107,125,173,204,18,33,6,21,21,21],"floor_reached":16,"playtime":1243,"items_purged":["Strike_G"],"score":160,"play_id":"6edf70f9-b29e-44b2-ad75-eff0307b91dd","local_time":"20190708093721","is_ascension_mode":true,"campfire_choices":[{"floor":6,"key":"REST"},{"floor":15,"key":"REST"}],"neow_cost":"TEN_PERCENT_HP_LOSS","seed_source_timestamp":1060356045008451,"circlet_count":0,"master_deck":["Strike_G","Strike_G","Strike_G","Defend_G","Defend_G+1","Defend_G+1","Defend_G","Defend_G","Survivor","Neutralize","Madness","Impatience","Deadly Poison","Cloak And Dagger","Deadly Poison","Flying Knee","Noxious Fumes","Cloak And Dagger"],"relics":["Ring of the Snake","Paper Crane","Mummified Hand","Pen Nib","The Courier","Blood Vial"],"potions_floor_usage":[10,12],"damage_taken":[{"damage":0,"enemies":"Jaw Worm","floor":1,"turns":5},{"damage":4,"enemies":"Small Slimes","floor":3,"turns":5},{"damage":6,"enemies":"Lagavulin","floor":7,"turns":10},{"damage":0,"enemies":"Cultist","floor":8,"turns":4},{"damage":60,"enemies":"3 Sentries","floor":10,"turns":22},{"damage":0,"enemies":"Lots of Slimes","floor":12,"turns":6},{"damage":0,"enemies":"2 Fungi Beasts","floor":14,"turns":4},{"damage":40,"enemies":"Slime Boss","floor":16,"turns":6}],"seed_played":"-1828690576759580149","potions_obtained":[{"floor":7,"key":"Regen Potion"},{"floor":10,"key":"Block Potion"},{"floor":14,"key":"Explosive Potion"}],"is_trial":false,"path_per_floor":["M","?","M","?","T","R","E","M","T","E","$","M","$","M","R","B"],"character_chosen":"THE_SILENT","items_purchased":["Blood Vial","Noxious Fumes"],"campfire_rested":2,"item_purchase_floors":[11,13],"current_hp_per_floor":[63,63,59,46,46,63,57,57,57,12,12,14,14,16,34,0],"gold":21,"neow_bonus":"RANDOM_COLORLESS_2","is_prod":false,"is_daily":false,"chose_seed":false,"campfire_upgraded":0,"win_rate":0,"timestamp":1562596641,"path_taken":["M","?","M","?","?","R","E","?","T","E","?","M","$","M","R","BOSS"],"build_version":"2019-07-05","purchased_purges":1,"victory":false,"max_hp_per_floor":[63,63,63,63,63,63,63,63,63,63,63,63,63,63,63,63],"card_choices":[{"not_picked":["Slice","PiercingWail","Caltrops"],"picked":"SKIP","floor":1},{"not_picked":["Underhanded Strike","Flying Knee"],"picked":"Deadly Poison","floor":3},{"not_picked":["Sucker Punch","Bane","Slice"],"picked":"SKIP","floor":7},{"not_picked":["Skewer","Caltrops"],"picked":"Cloak And Dagger","floor":8},{"not_picked":["Endless Agony","Glass Knife"],"picked":"Deadly Poison","floor":10},{"not_picked":["Backflip","Dodge and Roll"],"picked":"Flying Knee","floor":12},{"not_picked":["Tactician","Finisher"],"picked":"Cloak And Dagger","floor":14}],"player_experience":2161574,"relics_obtained":[{"floor":5,"key":"Paper Crane"},{"floor":7,"key":"Mummified Hand"},{"floor":9,"key":"Pen Nib"},{"floor":10,"key":"The Courier"}],"event_choices":[{"cards_removed":["Strike_G"],"damage_healed":0,"gold_gain":0,"player_choice":"Card Removal","damage_taken":0,"max_hp_gain":0,"max_hp_loss":0,"event_name":"The Cleric","floor":2,"gold_loss":50},{"damage_healed":0,"gold_gain":0,"player_choice":"Entered Light","damage_taken":13,"max_hp_gain":0,"max_hp_loss":0,"event_name":"Shining Light","floor":4,"gold_loss":0,"cards_upgraded":["Defend_G","Defend_G"]}],"is_beta":false,"boss_relics":[],"items_purged_floors":[11],"is_endless":false,"potions_floor_spawned":[7,10,14],"killed_by":"Slime Boss","ascension_level":9}