{"gold_per_floor":[114,125,12,12,31,31,31,31,58,58,70,40,40,115,115,220,220,238,23,23,38,38,38,38],"floor_reached":24,"playtime":2371,"items_purged":["Dualcast","Strike_B"],"score":282,"play_id":"ed449608-10bc-4c20-b115-ffb607779c57","local_time":"20190804141948","is_ascension_mode":true,"campfire_choices":[{"data":"Zap","floor":6,"key":"SMITH"},{"floor":8,"key":"REST"},{"data":"Auto Shields","floor":10,"key":"SMITH"},{"data":"Glacier","floor":13,"key":"SMITH"},{"floor":15,"key":"REST"},{"data":"Echo Form","floor":23,"key":"SMITH"}],"neow_cost":"TEN_PERCENT_HP_LOSS","seed_source_timestamp":134203090718800,"circlet_count":0,"master_deck":["AscendersBane","Defend_B","Defend_B","Defend_B","Defend_B","Zap+1","Capacitor","Auto Shields+1","Self Repair","Glacier+1","Echo Form+1","Rip and Tear+1","Core Surge+1","Multi-Cast+1","Self Repair","Reinforced Body","Finesse","Glacier"],"relics":["Cracked Core","StoneCalendar","Astrolabe","Enchiridion"],"potions_floor_usage":[16],"damage_taken":[{"damage":8,"enemies":"Jaw Worm","floor":1,"turns":4},{"damage":0,"enemies":"Cultist","floor":2,"turns":4},{"damage":10,"enemies":"Small Slimes","floor":5,"turns":6},{"damage":9,"enemies":"3 Louse","floor":11,"turns":5},{"damage":2,"enemies":"Looter","floor":12,"turns":4},{"damage":31,"enemies":"Slime Boss","floor":16,"turns":10},{"damage":0,"enemies":"Shell Parasite","floor":18,"turns":7},{"damage":16,"enemies":"Spheric Guardian","floor":21,"turns":6},{"damage":67,"enemies":"Chosen and Byrds","floor":24,"turns":5}],"seed_played":"-8195353404396351358","potions_obtained":[{"floor":4,"key":"FairyPotion"},{"floor":4,"key":"Block Potion"},{"floor":5,"key":"Dexterity Potion"}],"is_trial":false,"path_per_floor":["M","M","$","?","M","R","?","R","T","R","M","M","R","?","R","B",null,"M","$","?","M","?","R","M"],"character_chosen":"DEFECT","items_purchased":["Capacitor","Reinforced Body","Finesse"],"campfire_rested":2,"item_purchase_floors":[3,19,19],"current_hp_per_floor":[60,60,60,60,50,50,36,56,56,56,47,52,52,41,61,37,60,67,67,51,49,49,49,0],"gold":38,"neow_bonus":"ONE_RARE_RELIC","is_prod":false,"is_daily":false,"chose_seed":false,"campfire_upgraded":4,"win_rate":0,"timestamp":1564946388,"path_taken":["M","M","$","?","?","R","?","R","T","R","M","M","R","?","R","BOSS","M","$","?","M","?","R","M"],"build_version":"2019-07-17","purchased_purges":2,"victory":false,"max_hp_per_floor":[68,68,68,68,68,68,68,68,68,68,68,68,68,68,68,68,68,68,68,68,68,68,68,68],"card_choices":[{"not_picked":["Barrage","Ball Lightning","Redo"],"picked":"SKIP","floor":1},{"not_picked":["Hello World","Ball Lightning","Lockon"],"picked":"SKIP","floor":2},{"not_picked":["Go for the Eyes","Skim"],"picked":"Auto Shields","floor":5},{"not_picked":["Go for the Eyes","Force Field"],"picked":"Self Repair","floor":11},{"not_picked":["Reprogram","BootSequence"],"picked":"Glacier","floor":12},{"not_picked":["Reboot","Buffer"],"picked":"Echo Form","floor":16},{"not_picked":["Conserve Battery","Auto Shields+1"],"picked":"Self Repair","floor":18},{"not_picked":["Sweeping Beam+1","Steam Power"],"picked":"Glacier","floor":21}],"player_experience":2672573,"relics_obtained":[{"floor":20,"key":"Enchiridion"}],"event_choices":[{"damage_healed":0,"gold_gain":0,"player_choice":"Got Potions","damage_taken":0,"max_hp_gain":0,"max_hp_loss":0,"event_name":"Lab","floor":4,"gold_loss":0},{"damage_healed":0,"gold_gain":0,"player_choice":"Entered Light","damage_taken":14,"max_hp_gain":0,"max_hp_loss":0,"event_name":"Shining Light","floor":7,"gold_loss":0,"cards_upgraded":["Strike_B","Strike_B"]},{"damage_healed":0,"gold_gain":75,"player_choice":"Gather Gold","damage_taken":11,"max_hp_gain":0,"max_hp_loss":0,"event_name":"World of Goop","floor":14,"gold_loss":0},{"damage_healed":0,"gold_gain":0,"player_choice":"Obtained Book","damage_taken":16,"max_hp_gain":0,"max_hp_loss":0,"event_name":"Cursed Tome","floor":20,"gold_loss":0},{"damage_healed":0,"gold_gain":0,"player_choice":"Ignored","damage_taken":0,"max_hp_gain":0,"max_hp_loss":0,"event_name":"Vampires","floor":22,"gold_loss":0}],"is_beta":false,"boss_relics":[{"not_picked":["Runic Dome","Coffee Dripper"],"picked":"Astrolabe"}],"items_purged_floors":[3,19],"is_endless":false,"potions_floor_spawned":[5],"killed_by":"Chosen and Byrds","ascension_level":11}