{"gold_per_floor":[117,117,132,132,146,146,174,174,174,174,194,213,313,328,328,424,424,440,235,235,7,7,7],"floor_reached":23,"playtime":1136,"items_purged":["Strike_B","Dualcast"],"score":262,"play_id":"e6fdc78b-7991-4af6-a47d-8b4fc0f51bf5","local_time":"20190407165611","is_ascension_mode":true,"campfire_choices":[{"data":"Zap","floor":6,"key":"SMITH"},{"floor":10,"key":"REST"},{"floor":15,"key":"REST"}],"neow_cost":"NONE","seed_source_timestamp":231828470980881,"circlet_count":0,"master_deck":["Strike_B+1","Strike_B+1","Defend_B+1","Defend_B","Defend_B+1","Defend_B","Zap+1","FTL","Loop","Buffer","BootSequence","Conserve Battery","Seek","Loop","Self Repair","Conserve Battery","Doom and Gloom","Panache"],"relics":["Cracked Core","Whetstone","The Courier","War Paint","Symbiotic Virus","Odd Mushroom","Fusion Hammer"],"potions_floor_usage":[7,7,16,16,16,16,16,23,23],"damage_taken":[{"damage":2,"enemies":"Jaw Worm","floor":1,"turns":4},{"damage":4,"enemies":"Small Slimes","floor":3,"turns":3},{"damage":0,"enemies":"Cultist","floor":5,"turns":4},{"damage":10,"enemies":"Lagavulin","floor":7,"turns":5},{"damage":15,"enemies":"The Mushroom Lair","floor":11,"turns":5},{"damage":17,"enemies":"Large Slime","floor":12,"turns":5},{"damage":0,"enemies":"2 Fungi Beasts","floor":14,"turns":4},{"damage":6,"enemies":"Slime Boss","floor":16,"turns":7},{"damage":0,"enemies":"Chosen","floor":18,"turns":5},{"damage":61,"enemies":"Gremlin Leader","floor":23,"turns":7}],"seed_played":"-6420365307563045087","potions_obtained":[{"floor":4,"key":"Poison Potion"},{"floor":4,"key":"GamblersBrew"},{"floor":4,"key":"SkillPotion"},{"floor":7,"key":"Swift Potion"},{"floor":11,"key":"EntropicBrew"},{"floor":12,"key":"LiquidBronze"},{"floor":16,"key":"PowerPotion"},{"floor":18,"key":"Fire Potion"}],"is_trial":false,"path_per_floor":["M","?","M","?","M","R","E","?","T","R","?","M","?","M","R","B",null,"M","$","?","$","?","E"],"character_chosen":"DEFECT","items_purchased":["Self Repair","Conserve Battery","Doom and Gloom","Panache"],"campfire_rested":2,"item_purchase_floors":[19,19,19,21],"current_hp_per_floor":[66,66,62,62,62,62,52,52,52,74,59,42,42,42,64,58,71,71,71,71,71,57,0],"gold":7,"neow_bonus":"RANDOM_COMMON_RELIC","is_prod":false,"is_daily":false,"chose_seed":false,"campfire_upgraded":1,"win_rate":0,"timestamp":1554674171,"path_taken":["M","?","M","?","?","R","E","?","T","R","?","M","?","M","R","BOSS","M","?","?","$","?","E"],"build_version":"2019-01-23","purchased_purges":2,"victory":false,"max_hp_per_floor":[75,75,75,75,75,75,75,75,75,75,75,75,75,75,75,75,75,75,75,75,75,80,80],"card_choices":[{"not_picked":["Go for the Eyes","Tempest"],"picked":"FTL","floor":1},{"not_picked":["Scrape","Undo","Darkness"],"picked":"SKIP","floor":3},{"not_picked":["Compile Driver","Go for the Eyes"],"picked":"Loop","floor":5},{"not_picked":["Hologram","Auto Shields"],"picked":"Buffer","floor":7},{"not_picked":["Cold Snap","Aggregate"],"picked":"BootSequence","floor":12},{"not_picked":["Ball Lightning","Barrage"],"picked":"Conserve Battery","floor":14},{"not_picked":["Hyperbeam","Reboot"],"picked":"Seek","floor":16},{"not_picked":["Conserve Battery","Recycle+1"],"picked":"Loop","floor":18}],"player_experience":1811586,"relics_obtained":[{"floor":7,"key":"The Courier"},{"floor":9,"key":"Symbiotic Virus"},{"floor":11,"key":"Odd Mushroom"}],"event_choices":[{"damage_healed":0,"gold_gain":0,"player_choice":"Ignored","damage_taken":0,"max_hp_gain":0,"max_hp_loss":0,"event_name":"Liars Game","floor":2,"gold_loss":0},{"damage_healed":0,"gold_gain":0,"player_choice":"Got Potions","damage_taken":0,"max_hp_gain":0,"max_hp_loss":0,"event_name":"Lab","floor":4,"gold_loss":0},{"damage_healed":0,"gold_gain":0,"player_choice":"Searched \u00271\u0027 times","damage_taken":0,"relics_obtained":["War Paint"],"max_hp_gain":0,"max_hp_loss":0,"event_name":"Dead Adventurer","floor":8,"gold_loss":0},{"damage_healed":0,"gold_gain":0,"player_choice":"Fought Mushrooms","damage_taken":0,"max_hp_gain":0,"max_hp_loss":0,"event_name":"Mushrooms","floor":11,"gold_loss":0},{"damage_healed":0,"gold_gain":100,"player_choice":"Gold","damage_taken":0,"max_hp_gain":0,"max_hp_loss":0,"event_name":"Wheel of Change","floor":13,"gold_loss":0},{"cards_removed":["Strike_B"],"damage_healed":0,"gold_gain":0,"player_choice":"Elegance","damage_taken":0,"max_hp_gain":0,"max_hp_loss":0,"event_name":"Back to Basics","floor":20,"gold_loss":0},{"damage_healed":0,"gold_gain":0,"player_choice":"Shed Blood","damage_taken":19,"max_hp_gain":5,"max_hp_loss":0,"event_name":"Forgotten Altar","floor":22,"gold_loss":0}],"is_beta":false,"boss_relics":[{"not_picked":["Black Star","Lizard Tail"],"picked":"Fusion Hammer"}],"items_purged_floors":[19,21],"is_endless":false,"potions_floor_spawned":[7,11,12,16,18],"killed_by":"Gremlin Leader","ascension_level":8}