{"gold_per_floor":[114,114,114,131,145,170,170,16,40,53,73,91,91,91,91,188,188,204,129,149,5,5,40,40],"floor_reached":24,"playtime":1832,"items_purged":[],"score":241,"play_id":"a345a4bf-af36-4bca-8e9e-9eacb3a60336","local_time":"20190814185237","is_ascension_mode":false,"campfire_choices":[{"data":"Limit Break","floor":7,"key":"SMITH"},{"floor":13,"key":"REST"},{"data":"Armaments","floor":15,"key":"SMITH"}],"neow_cost":"NONE","seed_source_timestamp":441110692272917,"circlet_count":0,"master_deck":["Strike_R","Strike_R","Strike_R","Defend_R","Defend_R","Defend_R","Defend_R","Bash","Battle Trance","Heavy Blade+1","Thunderclap","Whirlwind","Limit Break+1","Shrug It Off","Flex","Inflame","Rampage","Armaments+1","Demon Form","Bloodletting+1","Limit Break","Metallicize"],"relics":["Burning Blood","PreservedInsect","Ancient Tea Set","Black Star","MutagenicStrength","Regal Pillow","FossilizedHelix"],"potions_floor_usage":[6,6,16,18,20,20,24],"damage_taken":[{"damage":15,"enemies":"Jaw Worm","floor":1,"turns":6},{"damage":0,"enemies":"Small Slimes","floor":4,"turns":3},{"damage":1,"enemies":"Cultist","floor":5,"turns":3},{"damage":50,"enemies":"Lagavulin","floor":6,"turns":7},{"damage":8,"enemies":"2 Fungi Beasts","floor":10,"turns":3},{"damage":14,"enemies":"Large Slime","floor":11,"turns":4},{"damage":22,"enemies":"Exordium Wildlife","floor":12,"turns":5},{"damage":48,"enemies":"Hexaghost","floor":16,"turns":8},{"damage":21,"enemies":"Shell Parasite","floor":18,"turns":5},{"damage":8,"enemies":"3 Byrds","floor":20,"turns":6},{"damage":62,"enemies":"Gremlin Leader","floor":23,"turns":5},{"damage":14,"enemies":"Sentry and Sphere","floor":24,"turns":3}],"seed_played":"8024340688488485945","potions_obtained":[{"floor":1,"key":"Dexterity Potion"},{"floor":5,"key":"Strength Potion"},{"floor":10,"key":"SkillPotion"},{"floor":11,"key":"Weak Potion"},{"floor":12,"key":"Regen Potion"},{"floor":18,"key":"Strength Potion"},{"floor":23,"key":"SteroidPotion"}],"is_trial":false,"path_per_floor":["M","?","?","M","M","E","R","$","T","M","M","M","R","?","R","B",null,"M","?","M","$","?","E","M"],"character_chosen":"IRONCLAD","items_purchased":["Shrug It Off","Flex","Inflame","Limit Break"],"campfire_rested":1,"item_purchase_floors":[8,8,8,21],"current_hp_per_floor":[71,71,71,77,80,36,36,36,36,34,26,10,34,60,60,33,80,65,65,63,63,63,7,0],"gold":40,"neow_bonus":"TRANSFORM_CARD","is_prod":false,"is_daily":false,"chose_seed":false,"campfire_upgraded":2,"win_rate":0,"timestamp":1565823157,"path_taken":["M","?","?","?","M","E","R","$","T","M","M","M","R","?","R","BOSS","M","?","M","$","?","E","?"],"build_version":"2019-07-17","purchased_purges":0,"victory":false,"max_hp_per_floor":[80,80,80,80,80,80,80,80,80,80,80,80,80,80,80,80,80,80,80,80,80,80,80,80],"card_choices":[{"not_picked":["Disarm","Carnage"],"picked":"Heavy Blade","floor":1},{"not_picked":["Sword Boomerang","Intimidate"],"picked":"Thunderclap","floor":4},{"not_picked":["Hemokinesis","Armaments"],"picked":"Whirlwind","floor":5},{"not_picked":["Cleave","Heavy Blade"],"picked":"Limit Break","floor":6},{"not_picked":["Headbutt","Clash"],"picked":"Rampage","floor":10},{"not_picked":["Iron Wave","Blood for Blood","Rupture"],"picked":"SKIP","floor":11},{"not_picked":["Clash","Impervious"],"picked":"Armaments","floor":12},{"not_picked":["Bludgeon","Fiend Fire"],"picked":"Demon Form","floor":16},{"not_picked":["Havoc","Perfected Strike+1"],"picked":"Bloodletting+1","floor":18},{"not_picked":["Twin Strike","Thunderclap","Uppercut+1"],"picked":"SKIP","floor":20},{"not_picked":["Infernal Blade","Dark Embrace"],"picked":"Metallicize","floor":23}],"player_experience":82576,"relics_obtained":[{"floor":6,"key":"PreservedInsect"},{"floor":9,"key":"Ancient Tea Set"},{"floor":23,"key":"Regal Pillow"},{"floor":23,"key":"FossilizedHelix"}],"event_choices":[{"damage_healed":0,"gold_gain":0,"player_choice":"Ignored","damage_taken":0,"max_hp_gain":0,"max_hp_loss":0,"event_name":"Golden Idol","floor":2,"gold_loss":0},{"damage_healed":0,"gold_gain":0,"player_choice":"Forge","damage_taken":0,"max_hp_gain":0,"max_hp_loss":0,"event_name":"Accursed Blacksmith","floor":3,"gold_loss":0,"cards_upgraded":["Heavy Blade"]},{"damage_healed":26,"gold_gain":0,"player_choice":"Banana","damage_taken":0,"max_hp_gain":0,"max_hp_loss":0,"event_name":"Big Fish","floor":14,"gold_loss":0},{"cards_removed":["Strike_R"],"damage_healed":0,"gold_gain":0,"player_choice":"Gave Gold","damage_taken":0,"max_hp_gain":0,"max_hp_loss":0,"event_name":"Beggar","floor":19,"gold_loss":75},{"damage_healed":0,"gold_gain":0,"player_choice":"Inject Mutagens","damage_taken":0,"relics_obtained":["MutagenicStrength"],"max_hp_gain":0,"max_hp_loss":0,"event_name":"Drug Dealer","floor":22,"gold_loss":0}],"is_beta":false,"boss_relics":[{"not_picked":["Runic Dome","Fusion Hammer"],"picked":"Black Star"}],"items_purged_floors":[],"is_endless":false,"potions_floor_spawned":[1,5,10,11,12,18,23],"killed_by":"Sentry and Sphere","ascension_level":0}