{"gold_per_floor":[10,10,10,10,35,49,49,63,63,86,96,96,96,108,108,207,207,219,27,46,66,66,66,80,98,125,125,125],"floor_reached":28,"playtime":1719,"items_purged":[],"score":340,"play_id":"64ce0f7d-709c-47a9-9987-091245a56ca8","local_time":"20190726222824","is_ascension_mode":true,"campfire_choices":[{"floor":7,"key":"REST"},{"data":"Zap","floor":12,"key":"SMITH"},{"floor":15,"key":"REST"},{"floor":23,"key":"REST"},{"floor":27,"key":"REST"}],"neow_cost":"NO_GOLD","seed_source_timestamp":1287957989780283,"circlet_count":0,"master_deck":["AscendersBane","Strike_B","Strike_B","Strike_B+1","Strike_B","Defend_B","Defend_B","Defend_B","Defend_B+1","Zap+1","Seek","Chill","Defragment","Sunder","Cold Snap","Conserve Battery","Defragment","BootSequence+1"],"relics":["Cracked Core","Boot","Singing Bowl","Regal Pillow","Inserter","DollysMirror","Happy Flower"],"potions_floor_usage":[16],"damage_taken":[{"damage":18,"enemies":"2 Louse","floor":1,"turns":3},{"damage":0,"enemies":"Small Slimes","floor":6,"turns":3},{"damage":12,"enemies":"Jaw Worm","floor":8,"turns":4},{"damage":5,"enemies":"Blue Slaver","floor":11,"turns":4},{"damage":11,"enemies":"Exordium Thugs","floor":14,"turns":5},{"damage":44,"enemies":"Slime Boss","floor":16,"turns":12},{"damage":7,"enemies":"Chosen","floor":18,"turns":5},{"damage":16,"enemies":"3 Byrds","floor":20,"turns":5},{"damage":7,"enemies":"Centurion and Healer","floor":21,"turns":14},{"damage":10,"enemies":"Chosen and Byrds","floor":24,"turns":9},{"damage":16,"enemies":"Shelled Parasite and Fungi","floor":25,"turns":7},{"damage":86,"enemies":"Book of Stabbing","floor":28,"turns":6}],"seed_played":"7274905594539138286","potions_obtained":[{"floor":11,"key":"LiquidBronze"},{"floor":16,"key":"LiquidBronze"},{"floor":21,"key":"GamblersBrew"}],"is_trial":false,"path_per_floor":["M","?","?","$","T","M","R","M","T","T","M","R","?","M","R","B",null,"M","$","M","M","?","R","M","M","T","R","E"],"character_chosen":"DEFECT","items_purchased":["DollysMirror"],"campfire_rested":4,"item_purchase_floors":[19],"current_hp_per_floor":[50,50,35,35,35,35,57,45,45,45,42,42,42,31,69,27,66,59,59,43,38,23,63,55,41,41,83,0],"gold":125,"neow_bonus":"THREE_RARE_CARDS","is_prod":false,"is_daily":false,"chose_seed":false,"campfire_upgraded":1,"win_rate":0,"timestamp":1564198104,"path_taken":["M","?","?","?","?","M","R","?","T","?","M","R","?","M","R","BOSS","M","$","M","M","?","R","M","M","T","R","E"],"build_version":"2019-07-17","purchased_purges":0,"victory":false,"max_hp_per_floor":[75,75,75,75,75,75,75,75,75,75,77,77,77,77,77,79,79,79,79,79,81,86,86,88,90,90,90,90],"card_choices":[{"not_picked":["Buffer","Amplify"],"picked":"Seek","floor":0},{"not_picked":["Sweeping Beam","Aggregate"],"picked":"Chill","floor":1},{"not_picked":["Rip and Tear","Steam"],"picked":"Defragment","floor":6},{"not_picked":["Steam","Stack"],"picked":"Sunder","floor":8},{"not_picked":["Force Field","White Noise","Sweeping Beam"],"picked":"Singing Bowl","floor":11},{"not_picked":["Barrage","Gash"],"picked":"Cold Snap","floor":14},{"not_picked":["Reboot","Fission","Thunder Strike"],"picked":"Singing Bowl","floor":16},{"not_picked":["Hello World","Go for the Eyes+1"],"picked":"Conserve Battery","floor":18},{"not_picked":["Chill","Compile Driver"],"picked":"BootSequence+1","floor":20},{"not_picked":["Compile Driver","Streamline","Hologram"],"picked":"Singing Bowl","floor":21},{"not_picked":["Heatsinks","Ball Lightning","Leap+1"],"picked":"Singing Bowl","floor":24},{"not_picked":["Steam+1","Static Discharge","Rip and Tear+1"],"picked":"Singing Bowl","floor":25}],"player_experience":2511207,"relics_obtained":[{"floor":5,"key":"Boot"},{"floor":9,"key":"Singing Bowl"},{"floor":10,"key":"Regal Pillow"},{"floor":26,"key":"Happy Flower"}],"event_choices":[{"cards_removed":["Dualcast"],"damage_healed":0,"gold_gain":0,"player_choice":"Forget","damage_taken":0,"max_hp_gain":0,"max_hp_loss":0,"event_name":"Living Wall","floor":2,"gold_loss":0},{"damage_healed":0,"gold_gain":0,"player_choice":"Entered Light","damage_taken":15,"max_hp_gain":0,"max_hp_loss":0,"event_name":"Shining Light","floor":3,"gold_loss":0,"cards_upgraded":["Strike_B","Defend_B"]},{"damage_healed":0,"gold_gain":0,"player_choice":"Ignored","damage_taken":0,"max_hp_gain":0,"max_hp_loss":0,"event_name":"Liars Game","floor":13,"gold_loss":0},{"damage_healed":0,"gold_gain":0,"player_choice":"Shed Blood","damage_taken":20,"max_hp_gain":5,"max_hp_loss":0,"event_name":"Forgotten Altar","floor":22,"gold_loss":0}],"is_beta":false,"boss_relics":[{"not_picked":["Coffee Dripper","Orrery"],"picked":"Inserter"}],"items_purged_floors":[],"is_endless":false,"potions_floor_spawned":[11,16,21],"killed_by":"Book of Stabbing","ascension_level":10}