{"gold_per_floor":[115,115,115,40,54,92,92,92,117,117,137,152,176,254,254,254],"floor_reached":16,"playtime":1167,"items_purged":["Defend_G+1"],"score":100,"play_id":"da5349e3-ce70-449a-be87-00569155f649","local_time":"20190831211859","is_ascension_mode":false,"campfire_choices":[{"floor":7.0,"key":"REST"},{"data":"Backflip","floor":10.0,"key":"SMITH"},{"floor":15.0,"key":"REST"}],"neow_cost":"PERCENT_DAMAGE","seed_source_timestamp":1419538269500,"circlet_count":0,"master_deck":["Strike_G","Strike_G","Strike_G","Strike_G+1","Strike_G","Defend_G","Defend_G","Defend_G","Defend_G","Survivor","Neutralize","Outmaneuver","Dagger Throw","Backflip+1","Slice","Dagger Throw","Deflect"],"special_seed":0,"relics":["Ring of the Snake","Golden Idol","Thread and Needle","Matryoshka","Blood Vial","Happy Flower","Shovel"],"potions_floor_usage":[16],"damage_taken":[{"damage":0.0,"enemies":"Small Slimes","floor":1.0,"turns":4.0},{"damage":4.0,"enemies":"Jaw Worm","floor":5.0,"turns":4.0},{"damage":19.0,"enemies":"Gremlin Nob","floor":6.0,"turns":5.0},{"damage":0.0,"enemies":"Cultist","floor":11.0,"turns":3.0},{"damage":0.0,"enemies":"Blue Slaver","floor":12.0,"turns":3.0},{"damage":0.0,"enemies":"3 Louse","floor":13.0,"turns":4.0},{"damage":17.0,"enemies":"Gremlin Nob","floor":14.0,"turns":5.0},{"damage":49,"enemies":"Hexaghost","floor":16,"turns":16}],"seed_played":"-1408450485155277753","potions_obtained":[{"floor":6.0,"key":"SteroidPotion"},{"floor":13.0,"key":"Strength Potion"}],"is_trial":false,"path_per_floor":["M","?","?","$","M","E","R","?","T","R","M","M","M","?","R","B"],"character_chosen":"THE_SILENT","items_purchased":[],"campfire_rested":2,"item_purchase_floors":[],"current_hp_per_floor":[63,42,25,25,21,2,27,27,27,27,29,31,33,18,43,0],"gold":254,"neow_bonus":"TWENTY_PERCENT_HP_BONUS","is_prod":false,"is_daily":false,"chose_seed":false,"campfire_upgraded":1,"win_rate":0.0,"timestamp":1567279139,"path_taken":["M","?","?","?","M","E","R","?","T","R","M","?","M","?","R","BOSS"],"build_version":"2019-07-17","purchased_purges":1,"victory":false,"max_hp_per_floor":[84,84,84,84,84,84,84,84,84,84,84,84,84,84,84,84],"card_choices":[{"not_picked":["Dash","Riddle With Holes"],"picked":"Outmaneuver","floor":1.0},{"not_picked":["Bane","Flechettes"],"picked":"Dagger Throw","floor":5.0},{"not_picked":["PiercingWail","Expertise"],"picked":"Backflip","floor":6.0},{"not_picked":["Calculated Gamble","Blade Dance"],"picked":"Slice","floor":11.0},{"not_picked":["Outmaneuver","Heel Hook","Underhanded Strike"],"picked":"SKIP","floor":12.0},{"not_picked":["Eviscerate","Skewer"],"picked":"Dagger Throw","floor":13.0},{"not_picked":["Prepared","Dagger Throw"],"picked":"Deflect","floor":14.0}],"player_experience":33889,"relics_obtained":[{"floor":6.0,"key":"Thread and Needle"},{"floor":9.0,"key":"Blood Vial"},{"floor":9.0,"key":"Happy Flower"}],"event_choices":[{"damage_healed":0.0,"max_hp_gain":0.0,"max_hp_loss":0.0,"gold_gain":0.0,"event_name":"Golden Idol","player_choice":"Take Damage","floor":2.0,"gold_loss":0.0,"damage_taken":21.0,"relics_obtained":["Golden Idol"]},{"damage_healed":0.0,"max_hp_gain":0.0,"max_hp_loss":0.0,"gold_gain":0.0,"event_name":"Shining Light","player_choice":"Entered Light","floor":3.0,"gold_loss":0.0,"damage_taken":17.0,"cards_upgraded":["Strike_G","Defend_G"]},{"damage_healed":0.0,"max_hp_gain":0.0,"max_hp_loss":0.0,"gold_gain":0.0,"event_name":"WeMeetAgain","player_choice":"Gave Potion","floor":8.0,"gold_loss":0.0,"damage_taken":0.0,"relics_obtained":["Matryoshka"]},{"damage_healed":0.0,"max_hp_gain":0.0,"max_hp_loss":0.0,"gold_gain":0.0,"event_name":"Dead Adventurer","player_choice":"Searched \u00272\u0027 times","floor":14.0,"gold_loss":0.0,"damage_taken":0.0,"relics_obtained":["Shovel"]}],"is_beta":false,"boss_relics":[],"items_purged_floors":[4],"is_endless":false,"potions_floor_spawned":[6,13],"killed_by":"Hexaghost","ascension_level":0}