{"gold_per_floor":[361,361,361,372,98,98,113,130,209,209,209,222,222,234,234,334,334,351,351,380,380,380,380,397,411,411,422,422],"floor_reached":28,"playtime":1270,"items_purged":["Dualcast"],"score":336,"play_id":"52367b24-cef0-4c74-acb8-ace41135ad20","local_time":"20190819172116","is_ascension_mode":true,"campfire_choices":[{"floor":6,"key":"REST"},{"floor":13,"key":"REST"},{"floor":15,"key":"REST"},{"data":"Zap","floor":23,"key":"SMITH"}],"neow_cost":"PERCENT_DAMAGE","seed_source_timestamp":487520965403500,"circlet_count":0,"master_deck":["AscendersBane","Strike_B","Strike_B+1","Defend_B","Defend_B+1","Defend_B","Defend_B","Zap+1","Gash","Cold Snap","Gash","Gash","Conserve Battery","Self Repair","All For One","Streamline","FTL","Echo Form","Amplify","Glacier"],"relics":["Cracked Core","DollysMirror","Dodecahedron","Inserter","Red Mask","Cables"],"potions_floor_usage":[16,16,20,20],"damage_taken":[{"damage":12,"enemies":"Small Slimes","floor":1,"turns":5},{"damage":9,"enemies":"Jaw Worm","floor":4,"turns":5},{"damage":0,"enemies":"Cultist","floor":7,"turns":3},{"damage":15,"enemies":"2 Fungi Beasts","floor":8,"turns":3},{"damage":6,"enemies":"Looter","floor":12,"turns":3},{"damage":12,"enemies":"3 Louse","floor":14,"turns":4},{"damage":34,"enemies":"Slime Boss","floor":16,"turns":11},{"damage":8,"enemies":"Chosen","floor":18,"turns":6},{"damage":19,"enemies":"Masked Bandits","floor":20,"turns":4},{"damage":17,"enemies":"3 Byrds","floor":24,"turns":5},{"damage":10,"enemies":"Centurion and Healer","floor":25,"turns":5},{"damage":23,"enemies":"Cultist and Chosen","floor":27,"turns":5},{"damage":23,"enemies":"Snake Plant","floor":28,"turns":5}],"seed_played":"-4235738216652890425","potions_obtained":[{"floor":4,"key":"Explosive Potion"},{"floor":7,"key":"FocusPotion"},{"floor":14,"key":"Regen Potion"},{"floor":16,"key":"Ancient Potion"},{"floor":18,"key":"Dexterity Potion"},{"floor":25,"key":"EssenceOfSteel"},{"floor":27,"key":"Explosive Potion"}],"is_trial":false,"path_per_floor":["M","?","?","M","$","R","M","M","T","?","?","M","R","M","R","B",null,"M","?","?","?","?","R","M","M","T","M","M"],"character_chosen":"DEFECT","items_purchased":["DollysMirror"],"campfire_rested":3,"item_purchase_floors":[5],"current_hp_per_floor":[38,43,43,34,34,58,58,43,43,27,27,21,45,33,57,45,71,70,70,58,58,58,58,48,38,38,22,0],"gold":422,"neow_bonus":"TWO_FIFTY_GOLD","is_prod":false,"is_daily":false,"chose_seed":false,"campfire_upgraded":1,"win_rate":0,"timestamp":1566253276,"path_taken":["M","?","?","?","?","R","M","M","T","?","?","M","R","M","R","BOSS","M","?","?","?","?","R","M","?","T","M","M"],"build_version":"2019-07-17","purchased_purges":1,"victory":false,"max_hp_per_floor":[75,80,80,80,80,80,80,80,80,80,80,80,80,80,80,80,80,80,80,80,80,80,80,80,80,80,80,80],"card_choices":[{"not_picked":["White Noise","Go for the Eyes"],"picked":"Gash","floor":1},{"not_picked":["Ball Lightning","Beam Cell"],"picked":"Cold Snap","floor":4},{"not_picked":["Redo","Compile Driver"],"picked":"Gash","floor":7},{"not_picked":["Turbo","Hyperbeam","Steam"],"picked":"SKIP","floor":8},{"not_picked":["Undo","Hello World"],"picked":"Conserve Battery","floor":12},{"not_picked":["Coolheaded","Beam Cell"],"picked":"Self Repair","floor":14},{"not_picked":["Core Surge","Hyperbeam"],"picked":"All For One","floor":16},{"not_picked":["Steam","Barrage"],"picked":"Streamline","floor":18},{"not_picked":["Aggregate","Fusion"],"picked":"Echo Form","floor":20},{"not_picked":["Ball Lightning","Rebound+1","White Noise"],"picked":"SKIP","floor":24},{"not_picked":["Force Field","Scrape","Heatsinks"],"picked":"SKIP","floor":25},{"not_picked":["Darkness","Leap"],"picked":"Glacier","floor":27}],"player_experience":2880216,"relics_obtained":[{"floor":9,"key":"Dodecahedron"},{"floor":20,"key":"Red Mask"},{"floor":26,"key":"Cables"}],"event_choices":[{"damage_healed":0,"gold_gain":0,"player_choice":"Donut","damage_taken":0,"max_hp_gain":5,"max_hp_loss":0,"event_name":"Big Fish","floor":2,"gold_loss":0},{"damage_healed":0,"gold_gain":0,"player_choice":"Ignored","damage_taken":0,"max_hp_gain":0,"max_hp_loss":0,"event_name":"Liars Game","floor":3,"gold_loss":0},{"damage_healed":0,"gold_gain":0,"player_choice":"Entered Light","damage_taken":16,"max_hp_gain":0,"max_hp_loss":0,"event_name":"Shining Light","floor":10,"gold_loss":0,"cards_upgraded":["Defend_B","Strike_B"]},{"cards_removed":["Strike_B"],"damage_healed":0,"gold_gain":0,"player_choice":"Forget","damage_taken":0,"max_hp_gain":0,"max_hp_loss":0,"event_name":"Living Wall","floor":11,"gold_loss":0},{"damage_healed":0,"gold_gain":0,"player_choice":"Read","damage_taken":0,"max_hp_gain":0,"max_hp_loss":0,"event_name":"The Library","floor":19,"gold_loss":0,"cards_obtained":["FTL"]},{"damage_healed":0,"gold_gain":0,"player_choice":"Fought Bandits","damage_taken":0,"max_hp_gain":0,"max_hp_loss":0,"event_name":"Masked Bandits","floor":20,"gold_loss":0},{"damage_healed":0,"gold_gain":0,"player_choice":"Ignored","damage_taken":0,"max_hp_gain":0,"max_hp_loss":0,"event_name":"Vampires","floor":21,"gold_loss":0},{"damage_healed":0,"gold_gain":0,"cards_transformed":["Strike_B"],"player_choice":"Transformed","damage_taken":0,"max_hp_gain":0,"max_hp_loss":0,"event_name":"Transmorgrifier","floor":22,"gold_loss":0,"cards_obtained":["Amplify"]}],"is_beta":false,"boss_relics":[{"not_picked":["White Beast Statue","Snecko Eye"],"picked":"Inserter"}],"items_purged_floors":[5],"is_endless":false,"potions_floor_spawned":[4,7,14,16,18,25,27],"killed_by":"Snake Plant","ascension_level":12}