{"gold_per_floor":[363,379,379,389,404,404,404,404,454,473,491,508,524,35,35,139,139,120,120,136,148,20,20,20,36,61,11,27,27,41,58,58,58],"floor_reached":33,"playtime":2227,"items_purged":["Dualcast","Doubt"],"score":368,"play_id":"d98777e9-875c-4ea3-a15b-67dbed942a2d","local_time":"20190728092549","is_ascension_mode":true,"campfire_choices":[{"floor":6,"key":"REST"},{"floor":8,"key":"REST"},{"floor":15,"key":"REST"},{"data":"Zap","floor":23,"key":"SMITH"},{"data":"Defragment","floor":29,"key":"SMITH"},{"data":"BootSequence","floor":32,"key":"SMITH"}],"neow_cost":"PERCENT_DAMAGE","seed_source_timestamp":1413296960367189,"circlet_count":0,"master_deck":["AscendersBane","Strike_B","Strike_B","Strike_B","Defend_B","Defend_B","Defend_B","Defend_B","Zap+1","Cold Snap","Sunder","BootSequence+1","Undo","Self Repair","Seek","Defragment+1","Core Surge","BootSequence","FTL+1","Chill+1"],"relics":["Cracked Core","Lantern","Boot","Membership Card","DataDisk","Bird Faced Urn","Cursed Key","Frozen Egg 2"],"potions_floor_usage":[16,16,16,33],"damage_taken":[{"damage":2,"enemies":"2 Louse","floor":1,"turns":3},{"damage":16,"enemies":"Small Slimes","floor":2,"turns":5},{"damage":0,"enemies":"Cultist","floor":4,"turns":4},{"damage":15,"enemies":"Gremlin Gang","floor":5,"turns":4},{"damage":6,"enemies":"Looter","floor":10,"turns":2},{"damage":7,"enemies":"Blue Slaver","floor":11,"turns":4},{"damage":0,"enemies":"3 Louse","floor":12,"turns":4},{"damage":7,"enemies":"Looter","floor":13,"turns":4},{"damage":18,"enemies":"Hexaghost","floor":16,"turns":11},{"damage":12,"enemies":"2 Thieves","floor":18,"turns":4},{"damage":12,"enemies":"Spheric Guardian","floor":20,"turns":5},{"damage":26,"enemies":"Shelled Parasite and Fungi","floor":21,"turns":11},{"damage":2,"enemies":"Snecko","floor":25,"turns":7},{"damage":9,"enemies":"Cultist and Chosen","floor":28,"turns":8},{"damage":9,"enemies":"Centurion and Healer","floor":30,"turns":8},{"damage":0,"enemies":"Snecko","floor":31,"turns":6},{"damage":88,"enemies":"Automaton","floor":33,"turns":12}],"seed_played":"-8503244563468488791","potions_obtained":[{"floor":1,"key":"Weak Potion"},{"floor":2,"key":"FocusPotion"},{"floor":12,"key":"Poison Potion"},{"floor":18,"key":"SteroidPotion"},{"floor":25,"key":"Poison Potion"}],"is_trial":false,"path_per_floor":["M","M","?","M","M","R","?","R","T","M","M","M","M","$","R","B",null,"M","?","M","M","$","R","$","M","T","$","M","R","M","M","R","B"],"character_chosen":"DEFECT","items_purchased":["Membership Card","DataDisk","Defragment","Bird Faced Urn","Frozen Egg 2"],"campfire_rested":3,"item_purchase_floors":[14,14,14,14,22],"current_hp_per_floor":[48,32,29,29,14,36,36,58,58,52,45,45,45,45,67,60,71,70,70,69,54,54,54,54,63,63,63,65,65,67,75,75,0],"gold":58,"neow_bonus":"TWO_FIFTY_GOLD","is_prod":false,"is_daily":false,"chose_seed":false,"campfire_upgraded":3,"win_rate":0,"timestamp":1564323949,"path_taken":["M","M","?","M","M","R","?","R","T","M","M","M","M","$","R","BOSS","M","?","M","M","?","R","$","M","T","$","?","R","M","M","R","BOSS"],"build_version":"2019-07-17","purchased_purges":2,"victory":false,"max_hp_per_floor":[75,75,75,75,75,75,75,75,75,75,75,75,75,75,75,75,75,75,75,75,75,75,75,75,75,75,75,75,75,75,75,75,75],"card_choices":[{"not_picked":["Rip and Tear","Turbo","Streamline"],"picked":"SKIP","floor":1},{"not_picked":["Turbo","Streamline"],"picked":"Cold Snap","floor":2},{"not_picked":["Static Discharge","Reprogram"],"picked":"Sunder","floor":4},{"not_picked":["Leap","Tempest","Aggregate"],"picked":"SKIP","floor":5},{"not_picked":["Double Energy","Go for the Eyes"],"picked":"BootSequence","floor":10},{"not_picked":["Leap","Sweeping Beam"],"picked":"Undo","floor":11},{"not_picked":["Redo","Streamline"],"picked":"Self Repair","floor":12},{"not_picked":["Redo","Turbo"],"picked":"Seek","floor":13},{"not_picked":["Hyperbeam","Meteor Strike"],"picked":"Core Surge","floor":16},{"not_picked":["Sweeping Beam","Lockon"],"picked":"BootSequence","floor":18},{"not_picked":["Stack","Ball Lightning","Streamline"],"picked":"SKIP","floor":20},{"not_picked":["Storm","Steam","Turbo"],"picked":"SKIP","floor":21},{"not_picked":["Conserve Battery","Rip and Tear"],"picked":"FTL+1","floor":25},{"not_picked":["Consume","Redo","Go for the Eyes"],"picked":"SKIP","floor":28},{"not_picked":["Go for the Eyes+1","Turbo+1"],"picked":"Chill+1","floor":30},{"not_picked":["Barrage+1","Sweeping Beam","Ball Lightning"],"picked":"SKIP","floor":31}],"player_experience":2548550,"relics_obtained":[{"floor":9,"key":"Boot"}],"event_choices":[{"damage_healed":0,"gold_gain":0,"player_choice":"Success","damage_taken":3,"relics_obtained":["Lantern"],"max_hp_gain":0,"max_hp_loss":0,"event_name":"Scrap Ooze","floor":3,"gold_loss":0},{"damage_healed":0,"gold_gain":0,"player_choice":"Ignored","damage_taken":0,"max_hp_gain":0,"max_hp_loss":0,"event_name":"Liars Game","floor":7,"gold_loss":0},{"cards_removed":["Strike_B"],"damage_healed":0,"gold_gain":0,"player_choice":"Offered Basic","damage_taken":0,"max_hp_gain":0,"max_hp_loss":0,"event_name":"Bonfire Elementals","floor":19,"gold_loss":0}],"is_beta":false,"boss_relics":[{"not_picked":["Nuclear Battery","Orrery"],"picked":"Cursed Key"}],"items_purged_floors":[14,27],"is_endless":false,"potions_floor_spawned":[1,2,12,13,18,25],"killed_by":"Automaton","ascension_level":10}