{"gold_per_floor":[116,116,56,68,81,143,143,155,180,267,253,28,28,45,45,142,142,157,82,97,97],"floor_reached":21,"playtime":1083,"items_purged":["Normality","Injury"],"score":244,"play_id":"f3a5580b-a6e2-4cc5-a6d5-83c5ff3e14ce","local_time":"20190309094023","is_ascension_mode":true,"campfire_choices":[{"floor":7.0,"key":"REST"},{"floor":13.0,"key":"REST"},{"floor":15.0,"key":"REST"}],"neow_cost":"NONE","seed_source_timestamp":0,"circlet_count":0,"master_deck":["Strike_B","Strike_B","Strike_B","Defend_B","Defend_B","Defend_B","Defend_B","Zap","Dualcast","Barrage","Cold Snap","Cold Snap","Seek","Self Repair","Buffer"],"special_seed":0,"relics":["Calling Bell","Vajra","The Courier","Mango","Tiny Chest","MawBank","Medical Kit","Busted Crown"],"potions_floor_usage":[20],"damage_taken":[{"damage":4.0,"enemies":"Small Slimes","floor":1.0,"turns":5.0},{"damage":5.0,"enemies":"Cultist","floor":4.0,"turns":5.0},{"damage":18.0,"enemies":"Jaw Worm","floor":5.0,"turns":4.0},{"damage":36.0,"enemies":"Gremlin Nob","floor":6.0,"turns":5.0},{"damage":10.0,"enemies":"Looter","floor":8.0,"turns":4.0},{"damage":22.0,"enemies":"Exordium Thugs","floor":11.0,"turns":5.0},{"damage":12.0,"enemies":"2 Fungi Beasts","floor":14.0,"turns":6.0},{"damage":45.0,"enemies":"Hexaghost","floor":16.0,"turns":14.0},{"damage":60,"enemies":"3 Byrds","floor":18,"turns":8},{"damage":9,"enemies":"Chosen","floor":20,"turns":7},{"damage":16,"enemies":"Snake Plant","floor":21,"turns":1}],"seed_played":"828985508388872159","potions_obtained":[{"floor":1.0,"key":"Dexterity Potion"},{"floor":4.0,"key":"FearPotion"},{"floor":5.0,"key":"AttackPotion"},{"floor":14.0,"key":"AttackPotion"},{"floor":16.0,"key":"Swift Potion"},{"floor":20,"key":"Swift Potion"}],"is_trial":false,"path_per_floor":["M","?","$","M","M","E","R","M","T","?","M","$","R","M","R","B",null,"M","?","M","M"],"character_chosen":"DEFECT","items_purchased":["Medical Kit"],"campfire_rested":3,"item_purchase_floors":[12],"current_hp_per_floor":[78,78,78,73,55,19,45,35,35,27,5,5,31,26,52,14,70,17,17,15,0],"gold":97,"neow_bonus":"BOSS_RELIC","is_prod":false,"is_daily":false,"chose_seed":false,"campfire_upgraded":0,"win_rate":0,"timestamp":1552146023,"path_taken":["M","?","?","M","?","E","R","M","T","?","M","?","R","M","R","BOSS","M","?","M","M"],"build_version":"2019-01-23","purchased_purges":2,"victory":false,"max_hp_per_floor":[89,89,89,89,89,89,89,89,89,89,89,89,89,89,89,89,89,89,86,86,86],"card_choices":[{"not_picked":["Force Field","Compile Driver","Chaos"],"picked":"SKIP","floor":1.0},{"not_picked":["Beam Cell","Sweeping Beam","Stack"],"picked":"SKIP","floor":4.0},{"not_picked":["Double Energy","Coolheaded"],"picked":"Cold Snap","floor":5.0},{"not_picked":["Compile Driver","Rebound"],"picked":"Cold Snap","floor":6.0},{"not_picked":["Redo","Turbo"],"picked":"Seek","floor":8.0},{"not_picked":["Sweeping Beam","Barrage"],"picked":"Self Repair","floor":11.0},{"not_picked":["Beam Cell","Steam","Hologram"],"picked":"SKIP","floor":14.0},{"not_picked":["Biased Cognition","All For One"],"picked":"Buffer","floor":16.0},{"not_picked":["Hello World"],"picked":"SKIP","floor":18},{"not_picked":["Beam Cell"],"picked":"SKIP","floor":20}],"player_experience":1596192,"relics_obtained":[{"floor":0.0,"key":"Vajra"},{"floor":0.0,"key":"The Courier"},{"floor":0.0,"key":"Mango"},{"floor":6.0,"key":"Tiny Chest"},{"floor":9.0,"key":"MawBank"}],"event_choices":[{"damage_healed":0.0,"max_hp_gain":0.0,"max_hp_loss":0.0,"gold_gain":0.0,"cards_transformed":["Strike_B"],"event_name":"Transmorgrifier","player_choice":"Transformed","floor":2.0,"gold_loss":0.0,"damage_taken":0.0,"cards_obtained":["Barrage"]},{"damage_healed":0.0,"max_hp_gain":0.0,"max_hp_loss":0.0,"gold_gain":75.0,"event_name":"FaceTrader","player_choice":"Touch","floor":10.0,"gold_loss":0.0,"damage_taken":8.0},{"cards_removed":["Parasite"],"damage_healed":0,"gold_gain":0,"player_choice":"Gave Gold","damage_taken":0,"max_hp_gain":0,"max_hp_loss":0,"event_name":"Beggar","floor":19,"gold_loss":75}],"is_beta":false,"boss_relics":[{"not_picked":["Nuclear Battery","Eternal Feather"],"picked":"Busted Crown"}],"items_purged_floors":[3,12],"is_endless":false,"potions_floor_spawned":[1,4,5,14,16,20],"killed_by":"Snake Plant","ascension_level":7}