{"gold_per_floor":[118,118,118,129,146,146,159,159,183,203,229,229,16,32,32,132,132,145,156,156,156,171,171,73,73,73,84,97,109,209,25,25,25],"floor_reached":33,"playtime":1635,"items_purged":[],"score":251,"play_id":"26afef95-4361-47e4-a6ae-8717a4d4b82d","local_time":"20190822215717","is_ascension_mode":true,"campfire_choices":[{"data":"Tempest","floor":6,"key":"SMITH"},{"data":"Defragment","floor":8,"key":"SMITH"},{"floor":12,"key":"REST"},{"floor":15,"key":"REST"},{"data":"Consume","floor":23,"key":"SMITH"},{"floor":25,"key":"REST"},{"floor":32,"key":"REST"}],"neow_cost":"NONE","seed_source_timestamp":38566371238985,"circlet_count":0,"master_deck":["Strike_B","Strike_B","Defend_B","Defend_B","Defend_B","Defend_B","Zap+1","Dualcast","Rebound","Tempest+1","Defragment+1","Redo","Double Energy","Consume+1","Streamline","Electrodynamics","Chill","Coolheaded+1","Compile Driver+1","Leap+1","Self Repair","Fusion"],"relics":["Cracked Core","Orichalcum","Odd Mushroom","Membership Card","Nuclear Battery","OrangePellets","Torii","Ginger","Blue Candle","Vajra","Dream Catcher"],"potions_floor_usage":[16,18,30,33],"damage_taken":[{"damage":2,"enemies":"Jaw Worm","floor":1,"turns":3},{"damage":5,"enemies":"Small Slimes","floor":4,"turns":3},{"damage":0,"enemies":"Cultist","floor":5,"turns":3},{"damage":18,"enemies":"Large Slime","floor":7,"turns":5},{"damage":7,"enemies":"Blue Slaver","floor":10,"turns":3},{"damage":28,"enemies":"The Mushroom Lair","floor":11,"turns":4},{"damage":9,"enemies":"Exordium Wildlife","floor":14,"turns":3},{"damage":6,"enemies":"Slime Boss","floor":16,"turns":7},{"damage":13,"enemies":"Shell Parasite","floor":18,"turns":4},{"damage":2,"enemies":"Chosen","floor":19,"turns":3},{"damage":13,"enemies":"Sentry and Sphere","floor":22,"turns":3},{"damage":3,"enemies":"Cultist and Chosen","floor":27,"turns":6},{"damage":1,"enemies":"Snecko","floor":28,"turns":4},{"damage":10,"enemies":"Shelled Parasite and Fungi","floor":29,"turns":7},{"damage":19,"enemies":"Colosseum Slavers","floor":30,"turns":3},{"damage":1,"enemies":"Colosseum Nobs","floor":30,"turns":3},{"damage":69,"enemies":"Automaton","floor":33,"turns":10}],"seed_played":"1128307648456743212","potions_obtained":[{"floor":4,"key":"GamblersBrew"},{"floor":7,"key":"FairyPotion"},{"floor":11,"key":"LiquidBronze"},{"floor":14,"key":"Swift Potion"},{"floor":16,"key":"PowerPotion"},{"floor":19,"key":"GamblersBrew"},{"floor":28,"key":"EntropicBrew"},{"floor":30,"key":"Weak Potion"}],"is_trial":false,"path_per_floor":["M","?","?","M","M","R","M","R","T","M","?","R","$","M","R","B",null,"M","M","?","?","M","R","$","R","T","M","M","M","?","$","R","B"],"character_chosen":"DEFECT","items_purchased":["Membership Card","Consume","OrangePellets","Self Repair","Vajra","Dream Catcher"],"campfire_rested":4,"item_purchase_floors":[13,13,24,31,31,31],"current_hp_per_floor":[73,73,73,68,68,68,50,50,50,43,15,37,37,28,50,44,75,62,60,46,46,33,33,33,57,57,54,53,43,23,23,47,0],"gold":25,"neow_bonus":"UPGRADE_CARD","is_prod":false,"is_daily":false,"chose_seed":false,"campfire_upgraded":3,"win_rate":0,"timestamp":1566525437,"path_taken":["M","?","?","?","M","R","M","R","T","M","?","R","$","M","R","BOSS","M","M","?","?","M","R","?","R","T","M","M","M","?","$","R","BOSS"],"build_version":"2019-07-17","purchased_purges":0,"victory":false,"max_hp_per_floor":[75,75,75,75,75,75,75,75,75,75,75,75,75,75,75,75,75,75,75,80,80,80,80,80,80,80,80,80,80,80,80,80,80],"card_choices":[{"not_picked":["Hologram","FTL"],"picked":"Rebound","floor":1},{"not_picked":["Static Discharge","Rebound"],"picked":"Tempest","floor":4},{"not_picked":["Hologram","Stack","Go for the Eyes"],"picked":"SKIP","floor":5},{"not_picked":["Redo","Gash"],"picked":"Defragment","floor":7},{"not_picked":["Compile Driver","Doom and Gloom"],"picked":"Redo","floor":10},{"not_picked":["Barrage","Gash"],"picked":"Double Energy","floor":11},{"not_picked":["Rebound","Tempest"],"picked":"Streamline","floor":14},{"not_picked":["Multi-Cast","Amplify"],"picked":"Electrodynamics","floor":16},{"not_picked":["Sweeping Beam","Streamline"],"picked":"Chill","floor":18},{"not_picked":["Recycle","Ball Lightning"],"picked":"Coolheaded+1","floor":19},{"not_picked":["Force Field+1","Auto Shields"],"picked":"Compile Driver+1","floor":22},{"not_picked":["Skim+1","Hologram","Sweeping Beam"],"picked":"SKIP","floor":27},{"not_picked":["Steam Power","Sweeping Beam","Tempest"],"picked":"SKIP","floor":28},{"not_picked":["FTL","Hologram"],"picked":"Leap+1","floor":29},{"not_picked":["Rip and Tear","Coolheaded"],"picked":"Fusion","floor":32}],"player_experience":161223,"relics_obtained":[{"floor":9,"key":"Orichalcum"},{"floor":11,"key":"Odd Mushroom"},{"floor":26,"key":"Torii"},{"floor":30,"key":"Ginger"},{"floor":30,"key":"Blue Candle"}],"event_choices":[{"cards_removed":["Strike_B"],"damage_healed":0,"gold_gain":0,"player_choice":"Forget","damage_taken":0,"max_hp_gain":0,"max_hp_loss":0,"event_name":"Living Wall","floor":2,"gold_loss":0},{"cards_removed":["Strike_B"],"damage_healed":0,"gold_gain":0,"player_choice":"Offered Basic","damage_taken":0,"max_hp_gain":0,"max_hp_loss":0,"event_name":"Bonfire Elementals","floor":3,"gold_loss":0},{"damage_healed":0,"gold_gain":0,"player_choice":"Fought Mushrooms","damage_taken":0,"max_hp_gain":0,"max_hp_loss":0,"event_name":"Mushrooms","floor":11,"gold_loss":0},{"damage_healed":0,"gold_gain":0,"player_choice":"Shed Blood","damage_taken":19,"max_hp_gain":5,"max_hp_loss":0,"event_name":"Forgotten Altar","floor":20,"gold_loss":0},{"damage_healed":0,"gold_gain":0,"player_choice":"Ignored","damage_taken":0,"max_hp_gain":0,"max_hp_loss":0,"event_name":"Vampires","floor":21,"gold_loss":0},{"damage_healed":0,"gold_gain":0,"player_choice":"Fight","damage_taken":0,"max_hp_gain":0,"max_hp_loss":0,"event_name":"Colosseum","floor":30,"gold_loss":0},{"damage_healed":0,"gold_gain":0,"player_choice":"Fought Nobs","damage_taken":0,"max_hp_gain":0,"max_hp_loss":0,"event_name":"Colosseum","floor":30,"gold_loss":0}],"is_beta":false,"boss_relics":[{"not_picked":["Coffee Dripper","Snecko Eye"],"picked":"Nuclear Battery"}],"items_purged_floors":[],"is_endless":false,"potions_floor_spawned":[4,7,11,14,16,19,28,30],"killed_by":"Automaton","ascension_level":1}