{"gold_per_floor":[112,112,132,155,174,202,218,218,243,254,254,269,284,209,209,313,313,324,239,239,239,253,253,284,284],"floor_reached":25,"playtime":1577,"items_purged":["Bash"],"score":234,"play_id":"3a9df1f2-5702-493a-9cf9-6b1167e90b7e","local_time":"20181107194735","is_ascension_mode":true,"campfire_choices":[{"data":"Anger","floor":8.0,"key":"SMITH"},{"data":"Anger","floor":15.0,"key":"SMITH"},{"floor":23,"key":"REST"}],"neow_cost":"NONE","seed_source_timestamp":0,"circlet_count":0,"master_deck":["Strike_R","Strike_R","Strike_R","Strike_R","Strike_R","Defend_R","Defend_R","Defend_R","Defend_R","Cleave","Anger+1","Anger+1","Ghostly Armor","Iron Wave","Spot Weakness","Shrug It Off","Demon Form","Writhe","Cleave+1"],"special_seed":0,"relics":["Burning Blood","NeowsBlessing","Lantern","Darkstone Periapt","Boot","Self Forming Clay","Runic Pyramid","Oddly Smooth Stone","Bronze Scales","Bag of Marbles","Regal Pillow"],"potions_floor_usage":[],"damage_taken":[{"damage":0.0,"enemies":"Small Slimes","floor":1.0,"turns":1.0},{"damage":0.0,"enemies":"Jaw Worm","floor":3.0,"turns":1.0},{"damage":0.0,"enemies":"Cultist","floor":5.0,"turns":1.0},{"damage":26.0,"enemies":"Gremlin Nob","floor":6.0,"turns":4.0},{"damage":15.0,"enemies":"Exordium Thugs","floor":7.0,"turns":4.0},{"damage":5.0,"enemies":"Lots of Slimes","floor":10.0,"turns":3.0},{"damage":2.0,"enemies":"Large Slime","floor":12.0,"turns":4.0},{"damage":0.0,"enemies":"Blue Slaver","floor":13.0,"turns":2.0},{"damage":17.0,"enemies":"Slime Boss","floor":16.0,"turns":8.0},{"damage":34.0,"enemies":"2 Thieves","floor":18.0,"turns":3.0},{"damage":19,"enemies":"3 Byrds","floor":22,"turns":5},{"damage":42,"enemies":"Slavers","floor":24,"turns":6},{"damage":36,"enemies":"Shelled Parasite and Fungi","floor":25,"turns":4}],"seed_played":"5720490787208256223","potions_obtained":[{"floor":3.0,"key":"Strength Potion"},{"floor":5.0,"key":"Strength Potion"},{"floor":10.0,"key":"EssenceOfSteel"},{"floor":16.0,"key":"Strength Potion"},{"floor":22,"key":"EssenceOfSteel"}],"is_trial":false,"path_per_floor":["M","?","M","T","M","E","M","R","T","M","T","M","M","$","R","B",null,"M","M","?","?","?","M","R","E","M"],"character_chosen":"IRONCLAD","items_purchased":[],"campfire_rested":1,"item_purchase_floors":[],"current_hp_per_floor":[80,80,80,80,80,60,51,51,51,52,52,56,62,62,62,51,80,52,52,58,58,45,70,34,0],"gold":284,"neow_bonus":"THREE_ENEMY_KILL","is_prod":false,"is_daily":false,"chose_seed":false,"campfire_upgraded":2,"win_rate":0,"timestamp":1541641655,"path_taken":["M","?","M","?","M","E","?","R","T","M","?","?","?","$","R","BOSS","M","?","?","?","?","R","E","M"],"build_version":"2018-11-01","purchased_purges":1,"victory":false,"max_hp_per_floor":[80,80,80,80,80,80,80,80,80,80,80,80,80,80,80,80,80,80,80,86,86,86,86,86,86],"card_choices":[{"not_picked":["Power Through","Wild Strike"],"picked":"Cleave","floor":1.0},{"not_picked":["Whirlwind","Headbutt"],"picked":"Anger","floor":3.0},{"not_picked":["Clash","Clothesline"],"picked":"Anger","floor":5.0},{"not_picked":["Clothesline","Body Slam","Searing Blow"],"picked":"SKIP","floor":6.0},{"not_picked":["Blood for Blood","Havoc"],"picked":"Ghostly Armor","floor":7.0},{"not_picked":["Flex","Dark Embrace"],"picked":"Iron Wave","floor":10.0},{"not_picked":["Wild Strike","Perfected Strike"],"picked":"Spot Weakness","floor":12.0},{"not_picked":["Clash","Wild Strike"],"picked":"Shrug It Off","floor":13.0},{"not_picked":["Fiend Fire","Reaper"],"picked":"Demon Form","floor":16.0},{"not_picked":["Wild Strike","Evolve","Carnage"],"picked":"SKIP","floor":18},{"not_picked":["Dropkick","Headbutt+1"],"picked":"Cleave+1","floor":22},{"not_picked":["Clash","True Grit","Impervious"],"picked":"SKIP","floor":24}],"player_experience":29060,"relics_obtained":[{"floor":4.0,"key":"Lantern"},{"floor":6.0,"key":"Darkstone Periapt"},{"floor":9.0,"key":"Boot"},{"floor":11.0,"key":"Self Forming Clay"},{"floor":24,"key":"Regal Pillow"}],"event_choices":[{"damage_healed":0.0,"max_hp_gain":0.0,"max_hp_loss":0.0,"gold_gain":0.0,"event_name":"Liars Game","player_choice":"Ignored","floor":2.0,"gold_loss":0.0,"damage_taken":0.0},{"damage_healed":0,"gold_gain":0,"player_choice":"Obtained Relic","damage_taken":0,"relics_obtained":["Oddly Smooth Stone"],"max_hp_gain":0,"max_hp_loss":0,"event_name":"Addict","floor":19,"gold_loss":85},{"damage_healed":0,"gold_gain":0,"player_choice":"Opened","damage_taken":0,"relics_obtained":["Bronze Scales"],"max_hp_gain":0,"max_hp_loss":0,"event_name":"The Mausoleum","floor":20,"gold_loss":0,"cards_obtained":["Writhe"]},{"damage_healed":0,"gold_gain":0,"player_choice":"Gave Potion","damage_taken":0,"relics_obtained":["Bag of Marbles"],"max_hp_gain":0,"max_hp_loss":0,"event_name":"WeMeetAgain","floor":21,"gold_loss":0}],"is_beta":false,"boss_relics":[{"not_picked":["Tiny House","Runic Cube"],"picked":"Runic Pyramid"}],"items_purged_floors":[14],"is_endless":false,"potions_floor_spawned":[3,5,10,16,22],"killed_by":"Shelled Parasite and Fungi","ascension_level":1}