{"gold_per_floor":[116,126,51,51,51,94,107,148,148,148,98,117,131,156,156,282,282,298,298],"floor_reached":19,"playtime":16182,"items_purged":["Dualcast"],"score":326,"play_id":"0bcaf0a8-7b5c-4915-ab84-0f448be1f787","local_time":"20190818161719","is_ascension_mode":true,"campfire_choices":[{"floor":10,"key":"REST"},{"floor":15,"key":"REST"}],"neow_cost":"NONE","seed_source_timestamp":382098152549800,"circlet_count":0,"master_deck":["AscendersBane","Strike_B","Strike_B","Defend_B","Defend_B","Defend_B","Defend_B","Zap","Capacitor","Self Repair","Capacitor","Conserve Battery","Echo Form","Self Repair"],"relics":["Cracked Core","NeowsBlessing","Golden Idol","Blood Vial","Matryoshka","Boot","Vajra","Fusion Hammer"],"potions_floor_usage":[8,8,16],"damage_taken":[{"damage":0,"enemies":"Jaw Worm","floor":1,"turns":1},{"damage":0,"enemies":"Small Slimes","floor":2,"turns":1},{"damage":0,"enemies":"3 Sentries","floor":6,"turns":1},{"damage":0,"enemies":"2 Louse","floor":7,"turns":4},{"damage":48,"enemies":"Gremlin Nob","floor":8,"turns":5},{"damage":7,"enemies":"Red Slaver","floor":12,"turns":6},{"damage":0,"enemies":"Large Slime","floor":13,"turns":6},{"damage":16,"enemies":"3 Louse","floor":14,"turns":6},{"damage":43,"enemies":"The Guardian","floor":16,"turns":17},{"damage":55,"enemies":"Chosen","floor":18,"turns":9},{"damage":38,"enemies":"Spheric Guardian","floor":19,"turns":5}],"seed_played":"6234060348657489318","potions_obtained":[{"floor":6,"key":"Regen Potion"},{"floor":7,"key":"Strength Potion"},{"floor":12,"key":"FairyPotion"},{"floor":13,"key":"Weak Potion"},{"floor":18,"key":"FocusPotion"}],"is_trial":false,"path_per_floor":["M","M","$","?","?","E","M","E","T","R","?","M","M","M","R","B",null,"M","M"],"character_chosen":"DEFECT","items_purchased":[],"campfire_rested":2,"item_purchase_floors":[],"current_hp_per_floor":[68,68,68,50,43,43,45,13,13,35,35,30,39,32,54,20,61,22,0],"gold":298,"neow_bonus":"THREE_ENEMY_KILL","is_prod":false,"is_daily":false,"chose_seed":false,"campfire_upgraded":0,"win_rate":0,"timestamp":1566163039,"path_taken":["M","M","$","?","?","E","M","E","T","R","?","?","M","M","R","BOSS","M","M"],"build_version":"2019-07-17","purchased_purges":1,"victory":false,"max_hp_per_floor":[75,75,75,75,75,75,75,75,75,75,75,75,75,75,75,75,75,75,75],"card_choices":[{"not_picked":["Turbo","Beam Cell","Coolheaded"],"picked":"SKIP","floor":1},{"not_picked":["Ball Lightning","Barrage","Streamline"],"picked":"SKIP","floor":2},{"not_picked":["Coolheaded","Sunder","Go for the Eyes"],"picked":"SKIP","floor":6},{"not_picked":["Undo","Stack"],"picked":"Capacitor","floor":7},{"not_picked":["Steam","Static Discharge","Thunder Strike"],"picked":"SKIP","floor":8},{"not_picked":["Force Field","Leap"],"picked":"Self Repair","floor":12},{"not_picked":["Sweeping Beam","Go for the Eyes"],"picked":"Capacitor","floor":13},{"not_picked":["Sweeping Beam","Streamline"],"picked":"Conserve Battery","floor":14},{"not_picked":["Amplify","All For One"],"picked":"Echo Form","floor":16},{"not_picked":["Cold Snap","Fusion"],"picked":"Self Repair","floor":18}],"player_experience":2858692,"relics_obtained":[{"floor":6,"key":"Blood Vial"},{"floor":8,"key":"Matryoshka"},{"floor":9,"key":"Boot"},{"floor":9,"key":"Vajra"}],"event_choices":[{"damage_healed":0,"gold_gain":0,"player_choice":"Take Damage","damage_taken":18,"relics_obtained":["Golden Idol"],"max_hp_gain":0,"max_hp_loss":0,"event_name":"Golden Idol","floor":4,"gold_loss":0},{"cards_removed":["Strike_B"],"damage_healed":0,"gold_gain":0,"player_choice":"Card Removal","damage_taken":7,"max_hp_gain":0,"max_hp_loss":0,"event_name":"Golden Wing","floor":5,"gold_loss":0},{"cards_removed":["Strike_B"],"damage_healed":0,"gold_gain":0,"player_choice":"Card Removal","damage_taken":0,"max_hp_gain":0,"max_hp_loss":0,"event_name":"The Cleric","floor":11,"gold_loss":50}],"is_beta":false,"boss_relics":[{"not_picked":["Runic Dome","FrozenCore"],"picked":"Fusion Hammer"}],"items_purged_floors":[3],"is_endless":false,"potions_floor_spawned":[6,7,12,13,18],"killed_by":"Spheric Guardian","ascension_level":12}