{"path_per_floor":["M","M","?","?","M","E","R","M","T","?","E","R","M","M","R"],"character_chosen":"THE_SILENT","items_purchased":[],"gold_per_floor":[117,132,132,132,151,183,183,153,153,116,144,144,164,182,182],"floor_reached":16,"campfire_rested":3,"playtime":1666,"current_hp_per_floor":[70,65,65,70,70,51,75,75,75,75,31,68,61,51,75],"items_purged":[],"gold":182,"play_id":"96328bc2-f993-4c06-82d4-c3f01101be81","is_prod":false,"is_daily":false,"campfire_rituals":0,"campfire_upgraded":0,"is_hardmode":false,"path_taken":["M","?","?","?","M","E","R","M","T","?","E","R","M","M","R","BOSS"],"build_version":"2018-01-04-PROD1","purchased_purges":0,"victory":false,"master_deck":["Defend_G","Defend_G","Defend_G","Defend_G","Defend_G","Strike_G","Strike_G","Strike_G","Strike_G","Strike_G","Survivor","Neutralize","Deadly Poison","Catalyst","Dash","Outmaneuver","Slice","Flying Knee","Deadly Poison","Prepared","Slice","Burst"],"max_hp_per_floor":[70,70,70,75,75,75,75,75,75,75,75,75,75,75,75],"relics":["Ring of the Snake","Dream Catcher","Regal Pillow","Ice Cream","Snake Skull"],"campfire_meditates":0,"card_choices":[{"not_picked":["Acrobatics","Calculated Gamble"],"picked":"Deadly Poison"},{"not_picked":["All Out Attack","Choke"],"picked":"Catalyst"},{"not_picked":["All Out Attack","Deflect"],"picked":"Dash"},{"not_picked":["Infinite Blades","Slice"],"picked":"Outmaneuver"},{"not_picked":["Dagger Throw","Well Laid Plans"],"picked":"Slice"},{"not_picked":["Bouncing Flask","Footwork"],"picked":"Flying Knee"},{"not_picked":["Sucker Punch","PiercingWail"],"picked":"Deadly Poison"},{"not_picked":["Outmaneuver","Acrobatics"],"picked":"Prepared"},{"not_picked":["Skewer","Blade Dance"],"picked":"Slice"},{"not_picked":["Eviscerate","Sucker Punch"],"picked":"Burst"}],"player_experience":35998,"potions_floor_usage":[16,16],"damage_taken":[{"damage":0,"enemies":"Blue Slaver","floor":1,"turns":6},{"damage":5,"enemies":"Jaw Worm","floor":2,"turns":6},{"damage":0,"enemies":"Cultist","floor":5,"turns":4},{"damage":19,"enemies":"Lagavulin","floor":6,"turns":8},{"damage":0,"enemies":"Looter","floor":8,"turns":4},{"damage":44,"enemies":"3 Sentries","floor":11,"turns":10},{"damage":7,"enemies":"3 Louse","floor":13,"turns":4},{"damage":10,"enemies":"Gremlin Gang","floor":14,"turns":6},{"damage":75,"enemies":"Slime Boss","floor":16,"turns":11}],"event_choices":[{"event_name":"Shining Light","player_choice":"Ignored","floor":3,"damage_taken":0},{"event_name":"Big Fish","player_choice":"Donut","floor":4,"damage_taken":0},{"event_name":"World of Goop","player_choice":"Left","floor":10,"damage_taken":0}],"boss_relics":[],"potions_floor_spawned":[11,14],"seed_played":"-8413039800257552418","killed_by":"Slime Boss","is_trial":false}