{"gold_per_floor":[119,132,57,67,167,167,180,180,180,180,200,200,200,219,219,219],"floor_reached":16,"playtime":732,"items_purged":["Strike_G"],"score":143,"play_id":"84f06517-5c0a-495f-8811-0339515cd6d5","local_time":"20190804092518","is_ascension_mode":true,"campfire_choices":[{"data":"Neutralize","floor":6,"key":"SMITH"},{"data":"Backflip","floor":8,"key":"SMITH"},{"data":"Survivor","floor":10,"key":"SMITH"},{"data":"Crippling Poison","floor":12,"key":"SMITH"},{"data":"Defend_G","floor":15,"key":"SMITH"}],"neow_cost":"NONE","seed_source_timestamp":118171555982700,"circlet_count":0,"master_deck":["AscendersBane","Strike_G","Strike_G","Strike_G","Defend_G","Defend_G","Defend_G","Defend_G","Defend_G+1","Survivor+1","Neutralize+1","Backflip+1","Crippling Poison+1"],"relics":["Velvet Choker","Matryoshka"],"potions_floor_usage":[16,16],"damage_taken":[{"damage":1,"enemies":"2 Louse","floor":1,"turns":3},{"damage":0,"enemies":"Cultist","floor":2,"turns":5},{"damage":1,"enemies":"Jaw Worm","floor":4,"turns":6},{"damage":0,"enemies":"2 Fungi Beasts","floor":7,"turns":5},{"damage":5,"enemies":"Exordium Wildlife","floor":11,"turns":10},{"damage":0,"enemies":"Looter","floor":14,"turns":4},{"damage":57,"enemies":"Slime Boss","floor":16,"turns":12}],"seed_played":"2083964478991651586","potions_obtained":[{"floor":1,"key":"SpeedPotion"},{"floor":4,"key":"Fire Potion"}],"is_trial":false,"path_per_floor":["M","M","$","M","?","R","M","R","T","R","M","R","?","M","R","B"],"character_chosen":"THE_SILENT","items_purchased":[],"campfire_rested":0,"item_purchase_floors":[],"current_hp_per_floor":[62,62,62,61,61,61,61,61,61,61,56,56,56,56,56,0],"gold":219,"neow_bonus":"BOSS_RELIC","is_prod":false,"is_daily":false,"chose_seed":false,"campfire_upgraded":5,"win_rate":0,"timestamp":1564928718,"path_taken":["M","M","$","M","?","R","?","R","T","R","M","R","?","M","R","BOSS"],"build_version":"2019-07-17","purchased_purges":1,"victory":false,"max_hp_per_floor":[70,70,70,70,70,70,70,70,70,70,70,70,70,70,70,70],"card_choices":[{"not_picked":["Tactician","Outmaneuver","Dagger Spray"],"picked":"SKIP","floor":1},{"not_picked":["Bane","Flying Knee","Acrobatics"],"picked":"SKIP","floor":2},{"not_picked":["Setup","Poisoned Stab","Expertise"],"picked":"SKIP","floor":4},{"not_picked":["Dodge and Roll","Underhanded Strike"],"picked":"Backflip","floor":7},{"not_picked":["Endless Agony","Dagger Throw"],"picked":"Crippling Poison","floor":11},{"not_picked":["Infinite Blades","Dagger Spray","Poisoned Stab"],"picked":"SKIP","floor":14}],"player_experience":2661766,"relics_obtained":[{"floor":9,"key":"Matryoshka"}],"event_choices":[{"damage_healed":0,"gold_gain":100,"player_choice":"Pray","damage_taken":0,"max_hp_gain":0,"max_hp_loss":0,"event_name":"Golden Shrine","floor":5,"gold_loss":0},{"cards_removed":["Strike_G"],"damage_healed":0,"gold_gain":0,"player_choice":"Forget","damage_taken":0,"max_hp_gain":0,"max_hp_loss":0,"event_name":"Living Wall","floor":13,"gold_loss":0}],"is_beta":false,"boss_relics":[],"items_purged_floors":[3],"is_endless":false,"potions_floor_spawned":[1,4],"killed_by":"Slime Boss","ascension_level":11}