{"gold_per_floor":[117,117,117,129,129,129,154,154,154,154,189,220,185,201,201,321,321,340,340,320,334,334,349,349,365,365,365,381,395,395,412,412,412],"floor_reached":33,"playtime":2041,"items_purged":[],"score":411,"play_id":"b8758926-6c22-40a5-bfc0-f8363f37dedf","local_time":"20190830091913","is_ascension_mode":true,"campfire_choices":[{"data":"Bash","floor":6,"key":"SMITH"},{"data":"Headbutt","floor":8,"key":"SMITH"},{"data":"Uppercut","floor":15,"key":"SMITH"},{"data":"Body Slam","floor":24,"key":"SMITH"},{"data":"Heavy Blade","floor":27,"key":"SMITH"},{"data":"Armaments","floor":32,"key":"SMITH"}],"neow_cost":"PERCENT_DAMAGE","seed_source_timestamp":65586111791400,"circlet_count":0,"master_deck":["AscendersBane","Strike_R","Strike_R","Strike_R","Strike_R+1","Strike_R","Defend_R+1","Defend_R","Defend_R","Defend_R","Bash+1","Headbutt+1","Clash","Sword Boomerang","Impervious","Uppercut+1","Impervious","Body Slam+1","Spot Weakness","Disarm","Heavy Blade+1","Clothesline","Armaments+1"],"relics":["Burning Blood","Juzu Bracelet","Turnip","Paper Frog","Bloody Idol","Ornamental Fan","Odd Mushroom","Sozu","Matryoshka"],"potions_floor_usage":[28],"damage_taken":[{"damage":8,"enemies":"Jaw Worm","floor":1,"turns":4},{"damage":7,"enemies":"2 Louse","floor":4,"turns":3},{"damage":27,"enemies":"3 Sentries","floor":7,"turns":10},{"damage":16,"enemies":"Gremlin Nob","floor":11,"turns":3},{"damage":29,"enemies":"The Mushroom Lair","floor":12,"turns":5},{"damage":0,"enemies":"Small Slimes","floor":14,"turns":3},{"damage":36,"enemies":"The Guardian","floor":16,"turns":11},{"damage":0,"enemies":"Chosen","floor":18,"turns":5},{"damage":4,"enemies":"2 Thieves","floor":20,"turns":4},{"damage":18,"enemies":"Snecko","floor":21,"turns":7},{"damage":5,"enemies":"3 Cultists","floor":23,"turns":6},{"damage":29,"enemies":"Snake Plant","floor":25,"turns":3},{"damage":10,"enemies":"Snecko","floor":28,"turns":4},{"damage":6,"enemies":"Centurion and Healer","floor":29,"turns":5},{"damage":0,"enemies":"Chosen and Byrds","floor":31,"turns":5},{"damage":121,"enemies":"Champ","floor":33,"turns":14}],"seed_played":"3506328455023124924","potions_obtained":[{"floor":1,"key":"Swift Potion"},{"floor":4,"key":"FairyPotion"}],"is_trial":false,"path_per_floor":["M","?","?","M","?","R","E","R","T","?","E","?","?","M","R","B",null,"M","?","M","M","?","M","R","M","T","R","M","M","?","M","R","B"],"character_chosen":"IRONCLAD","items_purchased":[],"campfire_rested":0,"item_purchase_floors":[],"current_hp_per_floor":[65,46,39,38,70,70,49,49,49,49,39,16,38,44,44,14,70,76,76,88,81,89,89,89,71,71,71,72,77,77,88,88,0],"gold":412,"neow_bonus":"TWENTY_PERCENT_HP_BONUS","is_prod":false,"is_daily":false,"chose_seed":false,"campfire_upgraded":6,"win_rate":0,"timestamp":1567124353,"path_taken":["M","?","?","M","?","R","E","R","T","?","E","?","?","M","R","BOSS","M","?","M","M","?","M","R","M","T","R","M","M","?","M","R","BOSS"],"build_version":"2019-07-17","purchased_purges":0,"victory":false,"max_hp_per_floor":[96,96,96,96,96,96,96,96,96,89,89,89,89,89,89,89,89,89,89,89,89,89,89,89,89,89,89,89,89,89,89,89,89],"card_choices":[{"not_picked":["Feel No Pain","Warcry"],"picked":"Headbutt","floor":1},{"not_picked":["Headbutt","Twin Strike"],"picked":"Clash","floor":4},{"not_picked":["Thunderclap","Sentinel"],"picked":"Sword Boomerang","floor":7},{"not_picked":["Sentinel","Havoc"],"picked":"Impervious","floor":11},{"not_picked":["Pommel Strike","Heavy Blade"],"picked":"Uppercut","floor":14},{"not_picked":["Juggernaut","Bludgeon"],"picked":"Impervious","floor":16},{"not_picked":["Clash","Heavy Blade"],"picked":"Body Slam","floor":18},{"not_picked":["Warcry","Flex","Uppercut"],"picked":"SKIP","floor":20},{"not_picked":["Uppercut","Dual Wield"],"picked":"Spot Weakness","floor":21},{"not_picked":["Clash","Flex+1"],"picked":"Disarm","floor":23},{"not_picked":["Wild Strike+1","Headbutt"],"picked":"Heavy Blade","floor":25},{"not_picked":["Havoc","Flex","Searing Blow"],"picked":"SKIP","floor":28},{"not_picked":["Pommel Strike","Heavy Blade"],"picked":"Clothesline","floor":29},{"not_picked":["Body Slam","Thunderclap"],"picked":"Armaments","floor":31}],"player_experience":491725,"relics_obtained":[{"floor":7,"key":"Turnip"},{"floor":9,"key":"Paper Frog"},{"floor":11,"key":"Ornamental Fan"},{"floor":12,"key":"Odd Mushroom"},{"floor":26,"key":"Matryoshka"}],"event_choices":[{"damage_healed":0,"gold_gain":0,"player_choice":"Entered Light","damage_taken":19,"max_hp_gain":0,"max_hp_loss":0,"event_name":"Shining Light","floor":2,"gold_loss":0,"cards_upgraded":["Defend_R","Strike_R"]},{"damage_healed":0,"gold_gain":0,"player_choice":"Success","damage_taken":7,"relics_obtained":["Juzu Bracelet"],"max_hp_gain":0,"max_hp_loss":0,"event_name":"Scrap Ooze","floor":3,"gold_loss":0},{"damage_healed":32,"gold_gain":0,"player_choice":"Banana","damage_taken":0,"max_hp_gain":0,"max_hp_loss":0,"event_name":"Big Fish","floor":5,"gold_loss":0},{"damage_healed":0,"gold_gain":0,"player_choice":"Lose Max HP","damage_taken":0,"relics_obtained":["Golden Idol"],"max_hp_gain":0,"max_hp_loss":7,"event_name":"Golden Idol","floor":10,"gold_loss":0},{"damage_healed":0,"gold_gain":0,"player_choice":"Fought Mushrooms","damage_taken":0,"max_hp_gain":0,"max_hp_loss":0,"event_name":"Mushrooms","floor":12,"gold_loss":0},{"damage_healed":22,"gold_gain":0,"player_choice":"Healed","damage_taken":0,"max_hp_gain":0,"max_hp_loss":0,"event_name":"The Cleric","floor":13,"gold_loss":35},{"damage_healed":0,"gold_gain":0,"player_choice":"Gave Idol","damage_taken":0,"relics_obtained":["Bloody Idol"],"max_hp_gain":0,"max_hp_loss":0,"event_name":"Forgotten Altar","floor":19,"relics_lost":["Golden Idol"],"gold_loss":0},{"damage_healed":8,"gold_gain":0,"player_choice":"Full Heal","damage_taken":0,"max_hp_gain":0,"max_hp_loss":0,"event_name":"Wheel of Change","floor":22,"gold_loss":0},{"damage_healed":0,"gold_gain":0,"player_choice":"Ignored","damage_taken":0,"max_hp_gain":0,"max_hp_loss":0,"event_name":"Vampires","floor":30,"gold_loss":0}],"is_beta":false,"boss_relics":[{"not_picked":["Orrery","Black Star"],"picked":"Sozu"}],"items_purged_floors":[],"is_endless":false,"potions_floor_spawned":[1,4,20,28],"killed_by":"Champ","ascension_level":12}