{"gold_per_floor":[114,134,151,151,165,165,183,183,259,259,259,270,286,15,15,110,110,120,120,133,43,63,63,76,403,428,299,299,318,318,336,336,431,431,447,460,204,204,7,26,26],"floor_reached":41,"playtime":2688,"items_purged":["Strike_B","Strike_B"],"score":570,"play_id":"88aa976d-decd-4d66-bf61-76f96b99bd37","local_time":"20190605200406","is_ascension_mode":true,"campfire_choices":[{"floor":6.0,"key":"REST"},{"data":"Zap","floor":8.0,"key":"SMITH"},{"data":"Chill","floor":10.0,"key":"SMITH"},{"data":"Apotheosis","floor":15.0,"key":"SMITH"},{"floor":23.0,"key":"REST"},{"floor":28,"key":"REST"},{"floor":32,"key":"REST"}],"neow_cost":"NONE","seed_source_timestamp":0,"circlet_count":0,"master_deck":["Strike_B+1","Defend_B","Defend_B","Defend_B","Zap+1","Chill+1","BootSequence","Apotheosis+1","Defragment","Echo Form","Cold Snap","Cold Snap","Self Repair","Capacitor","FTL+1","Seek","Conserve Battery+1","The Bomb","Self Repair","Conserve Battery+1"],"special_seed":0,"relics":["Cracked Core","Blue Candle","Sozu","Old Coin","Smiling Mask","Cursed Key","Medical Kit"],"potions_floor_usage":[],"damage_taken":[{"damage":0.0,"enemies":"Cultist","floor":1.0,"turns":5.0},{"damage":8.0,"enemies":"Jaw Worm","floor":2.0,"turns":4.0},{"damage":5.0,"enemies":"2 Louse","floor":3.0,"turns":4.0},{"damage":11.0,"enemies":"Large Slime","floor":5.0,"turns":7.0},{"damage":0.0,"enemies":"Lots of Slimes","floor":7.0,"turns":2.0},{"damage":1.0,"enemies":"2 Fungi Beasts","floor":12.0,"turns":4.0},{"damage":0.0,"enemies":"Looter","floor":13.0,"turns":4.0},{"damage":23.0,"enemies":"Slime Boss","floor":16.0,"turns":8.0},{"damage":13.0,"enemies":"Spheric Guardian","floor":18.0,"turns":4.0},{"damage":6.0,"enemies":"3 Byrds","floor":20.0,"turns":6.0},{"damage":14.0,"enemies":"Shelled Parasite and Fungi","floor":22.0,"turns":6.0},{"damage":6,"enemies":"Centurion and Healer","floor":24,"turns":8},{"damage":56,"enemies":"Slavers","floor":25,"turns":8},{"damage":20,"enemies":"Sentry and Sphere","floor":29,"turns":8},{"damage":6,"enemies":"Cultist and Chosen","floor":31,"turns":9},{"damage":46,"enemies":"Collector","floor":33,"turns":16},{"damage":12,"enemies":"Orb Walker","floor":35,"turns":4},{"damage":40,"enemies":"3 Darklings","floor":36,"turns":9},{"damage":21,"enemies":"Spire Growth","floor":40,"turns":8},{"damage":59,"enemies":"Reptomancer","floor":41,"turns":5}],"seed_played":"9020578750255925093","potions_obtained":[{"floor":1.0,"key":"Explosive Potion"},{"floor":3.0,"key":"EssenceOfSteel"},{"floor":7.0,"key":"Poison Potion"},{"floor":13.0,"key":"Fire Potion"}],"is_trial":false,"path_per_floor":["M","M","M","?","M","R","M","R","T","R","?","M","M","$","R","B",null,"M","?","M","?","M","R","M","E","T","$","R","M","?","M","R","B",null,"M","M","$","?","$","M","E"],"character_chosen":"DEFECT","items_purchased":["Apotheosis","Defragment","Capacitor","The Bomb","Self Repair","Medical Kit"],"campfire_rested":4,"item_purchase_floors":[14,14,27,37,37,39],"current_hp_per_floor":[68,60,55,60,49,73,73,73,73,73,73,72,72,72,72,49,72,59,59,53,53,39,63,57,1,1,1,25,25,25,39,63,37,69,57,37,37,37,37,56,0],"gold":26,"neow_bonus":"REMOVE_CARD","is_prod":false,"is_daily":false,"chose_seed":false,"campfire_upgraded":3,"win_rate":0,"timestamp":1559783046,"path_taken":["M","?","M","?","M","R","M","R","T","R","?","M","M","$","R","BOSS","M","?","M","?","M","R","M","E","T","$","R","?","?","M","R","BOSS","M","M","$","?","$","M","E"],"build_version":"2019-01-23","purchased_purges":2,"victory":false,"max_hp_per_floor":[75,75,75,80,80,80,80,80,80,80,80,80,80,80,80,80,80,80,80,80,80,80,80,80,80,80,80,80,80,80,80,80,80,80,80,80,80,80,80,80,80],"card_choices":[{"not_picked":["Heatsinks","Reprogram","Consume"],"picked":"SKIP","floor":1.0},{"not_picked":["Streamline","Hello World","Compile Driver"],"picked":"SKIP","floor":2.0},{"not_picked":["Compile Driver","Rebound","Barrage"],"picked":"SKIP","floor":3.0},{"not_picked":["Sweeping Beam","Go for the Eyes"],"picked":"Chill","floor":5.0},{"not_picked":["Skim","Amplify","Turbo"],"picked":"SKIP","floor":7.0},{"not_picked":["Reprogram","Consume"],"picked":"BootSequence","floor":12.0},{"not_picked":["Auto Shields","Ball Lightning","Rebound"],"picked":"SKIP","floor":13.0},{"not_picked":["Fission","All For One"],"picked":"Echo Form","floor":16.0},{"not_picked":["Compile Driver+1","Go for the Eyes"],"picked":"Cold Snap","floor":18.0},{"not_picked":["Streamline+1","Hologram","Barrage"],"picked":"SKIP","floor":20.0},{"not_picked":["Leap","Turbo"],"picked":"Cold Snap","floor":22.0},{"not_picked":["Go for the Eyes","Sweeping Beam","Beam Cell"],"picked":"SKIP","floor":24},{"not_picked":["Heatsinks+1","Ball Lightning"],"picked":"Self Repair","floor":25},{"not_picked":["Tempest+1","Leap"],"picked":"FTL+1","floor":29},{"not_picked":["Sweeping Beam","Redo","Storm"],"picked":"SKIP","floor":31},{"not_picked":["Rainbow","Amplify"],"picked":"Seek","floor":33},{"not_picked":["Cold Snap+1","Reinforced Body"],"picked":"Conserve Battery+1","floor":35},{"not_picked":["Steam","Barrage+1","Leap"],"picked":"SKIP","floor":36},{"not_picked":["Force Field+1","Fusion+1"],"picked":"Conserve Battery+1","floor":40}],"player_experience":2000481,"relics_obtained":[{"floor":9.0,"key":"Blue Candle"},{"floor":25,"key":"Old Coin"},{"floor":26,"key":"Smiling Mask"}],"event_choices":[{"damage_healed":0.0,"max_hp_gain":5.0,"max_hp_loss":0.0,"gold_gain":0.0,"event_name":"Big Fish","player_choice":"Donut","floor":4.0,"gold_loss":0.0,"damage_taken":0.0},{"damage_healed":0.0,"max_hp_gain":0.0,"max_hp_loss":0.0,"gold_gain":0.0,"event_name":"Liars Game","player_choice":"Ignored","floor":11.0,"gold_loss":0.0,"damage_taken":0.0},{"damage_healed":0.0,"max_hp_gain":0.0,"max_hp_loss":0.0,"gold_gain":0.0,"event_name":"The Mausoleum","player_choice":"Ignored","floor":19.0,"gold_loss":0.0,"damage_taken":0.0},{"cards_removed":["Strike_B"],"damage_healed":0.0,"max_hp_gain":0.0,"max_hp_loss":0.0,"gold_gain":0.0,"event_name":"Designer","player_choice":"Upgrade and Remove","floor":21.0,"gold_loss":90.0,"damage_taken":0.0,"cards_upgraded":["Strike_B"]},{"damage_healed":0,"gold_gain":0,"player_choice":"Ignored","damage_taken":0,"max_hp_gain":0,"max_hp_loss":0,"event_name":"Vampires","floor":30,"gold_loss":0},{"cards_removed":["Defend_B"],"damage_healed":0,"gold_gain":0,"player_choice":"Removed Skill","damage_taken":0,"max_hp_gain":0,"max_hp_loss":0,"event_name":"Falling","floor":38,"gold_loss":0}],"is_beta":false,"boss_relics":[{"not_picked":["Eternal Feather","Calling Bell"],"picked":"Sozu"},{"not_picked":["Philosopher\u0027s Stone","Runic Dome"],"picked":"Cursed Key"}],"items_purged_floors":[27,37],"is_endless":false,"potions_floor_spawned":[1,3,7,13,20,22,31,35],"killed_by":"Reptomancer","ascension_level":8}