{"gold_per_floor":[117,135,60,75,75,75,64,64,64,64,78,78,88,88,88,191,191,205,120,120,137,37,37],"floor_reached":23,"playtime":973,"items_purged":["Masterful Stab","Strike_G"],"score":262,"play_id":"d89c044f-25a8-42e3-ad1a-9468b45c757e","local_time":"20190709224813","is_ascension_mode":true,"campfire_choices":[{"floor":6,"key":"REST"},{"floor":8,"key":"REST"},{"data":"Backstab","floor":15,"key":"SMITH"}],"neow_cost":"PERCENT_DAMAGE","seed_source_timestamp":1194476555648550,"circlet_count":0,"master_deck":["Defend_G","Defend_G","Defend_G+1","Defend_G","Defend_G+1","Survivor","Neutralize","Dagger Spray","Deadly Poison","Backstab+1","Cloak And Dagger"],"relics":["Ring of the Snake","Cursed Key","Mummified Hand"],"potions_floor_usage":[16,16,16],"damage_taken":[{"damage":0,"enemies":"2 Louse","floor":1,"turns":2},{"damage":4,"enemies":"Small Slimes","floor":2,"turns":2},{"damage":0,"enemies":"Cultist","floor":4,"turns":4},{"damage":0,"enemies":"Exordium Thugs","floor":7,"turns":5},{"damage":0,"enemies":"Looter","floor":11,"turns":4},{"damage":5,"enemies":"Exordium Wildlife","floor":13,"turns":5},{"damage":40,"enemies":"Hexaghost","floor":16,"turns":14},{"damage":15,"enemies":"Chosen","floor":18,"turns":7},{"damage":0,"enemies":"3 Byrds","floor":21,"turns":6},{"damage":45,"enemies":"Slavers","floor":23,"turns":4}],"seed_played":"8036991359053200149","potions_obtained":[{"floor":1,"key":"SpeedPotion"},{"floor":2,"key":"AttackPotion"},{"floor":7,"key":"PowerPotion"},{"floor":16,"key":"Poison Potion"},{"floor":21,"key":"EssenceOfSteel"}],"is_trial":false,"path_per_floor":["M","M","$","M","?","R","M","R","T","?","M","$","M","$","R","B",null,"M","?","?","M","$","E"],"character_chosen":"THE_SILENT","items_purchased":[],"campfire_rested":2,"item_purchase_floors":[],"current_hp_per_floor":[45,41,41,41,27,48,48,69,69,69,69,69,64,64,64,24,59,44,44,44,44,44,0],"gold":37,"neow_bonus":"TRANSFORM_TWO_CARDS","is_prod":false,"is_daily":false,"chose_seed":false,"campfire_upgraded":1,"win_rate":0,"timestamp":1562730493,"path_taken":["M","M","$","M","?","R","M","R","T","?","?","?","M","$","R","BOSS","M","?","?","M","?","E"],"build_version":"2019-07-05","purchased_purges":2,"victory":false,"max_hp_per_floor":[70,70,70,70,70,70,70,70,70,70,70,70,70,70,70,70,70,70,70,70,70,70,70],"card_choices":[{"not_picked":["Distraction","Endless Agony","Acrobatics"],"picked":"SKIP","floor":1},{"not_picked":["Crippling Poison","PiercingWail","Blade Dance"],"picked":"SKIP","floor":2},{"not_picked":["Backflip","Dodge and Roll","PiercingWail"],"picked":"SKIP","floor":4},{"not_picked":["Prepared","Quick Slash"],"picked":"Deadly Poison","floor":7},{"not_picked":["Infinite Blades","Dodge and Roll"],"picked":"Backstab","floor":11},{"not_picked":["Backflip","Bane","Dagger Throw"],"picked":"SKIP","floor":13},{"not_picked":["Choke","Dash"],"picked":"Cloak And Dagger","floor":18},{"not_picked":["Blade Dance+1","Bane","Underhanded Strike"],"picked":"SKIP","floor":21}],"player_experience":2179799,"relics_obtained":[],"event_choices":[{"damage_healed":0,"gold_gain":0,"player_choice":"Entered Light","damage_taken":14,"max_hp_gain":0,"max_hp_loss":0,"event_name":"Shining Light","floor":5,"gold_loss":0,"cards_upgraded":["Defend_G","Defend_G"]},{"cards_removed":["Strike_G"],"damage_healed":0,"gold_gain":0,"player_choice":"Purged","damage_taken":0,"max_hp_gain":0,"max_hp_loss":0,"event_name":"Purifier","floor":10,"gold_loss":0},{"damage_healed":0,"gold_gain":0,"player_choice":"Obtained Relic","damage_taken":0,"relics_obtained":["Mummified Hand"],"max_hp_gain":0,"max_hp_loss":0,"event_name":"Addict","floor":19,"gold_loss":85},{"cards_removed":["Strike_G"],"damage_healed":0,"gold_gain":0,"player_choice":"Elegance","damage_taken":0,"max_hp_gain":0,"max_hp_loss":0,"event_name":"Back to Basics","floor":20,"gold_loss":0}],"is_beta":false,"boss_relics":[{"not_picked":["HoveringKite","Philosopher\u0027s Stone"],"picked":"Cursed Key"}],"items_purged_floors":[3,22],"is_endless":false,"potions_floor_spawned":[1,2,7,16,21],"killed_by":"Slavers","ascension_level":9}