{"gold_per_floor":[17,34,45,57,34,34,54,54,78,96,96,66,66,82,82,187,187,206,221,221,238,338,357,357],"floor_reached":24,"playtime":2197,"items_purged":[],"score":307,"play_id":"eae1278d-47cf-479a-ac93-5167f5a095c4","local_time":"20190813180811","is_ascension_mode":true,"campfire_choices":[{"floor":6,"key":"REST"},{"floor":8,"key":"REST"},{"data":"Defragment","floor":15,"key":"SMITH"}],"neow_cost":"NO_GOLD","seed_source_timestamp":925689456631100,"circlet_count":0,"master_deck":["AscendersBane","Strike_B","Strike_B","Strike_B","Strike_B","Defend_B","Defend_B","Defend_B","Defend_B","Zap","Mayhem","Magnetism","Chill","Defragment+1","Self Repair","Chill","Conserve Battery","Loop","Core Surge","Cold Snap","Streamline","Core Surge"],"relics":["Cracked Core","Omamori","Runic Pyramid"],"potions_floor_usage":[10,11,12,16,16],"damage_taken":[{"damage":33,"enemies":"Cultist","floor":1,"turns":6},{"damage":1,"enemies":"Small Slimes","floor":2,"turns":6},{"damage":9,"enemies":"Jaw Worm","floor":3,"turns":4},{"damage":15,"enemies":"Looter","floor":4,"turns":5},{"damage":0,"enemies":"Gremlin Gang","floor":7,"turns":7},{"damage":0,"enemies":"Exordium Thugs","floor":10,"turns":6},{"damage":4,"enemies":"Looter","floor":12,"turns":4},{"damage":2,"enemies":"Exordium Wildlife","floor":14,"turns":7},{"damage":25,"enemies":"Hexaghost","floor":16,"turns":10},{"damage":8,"enemies":"Spheric Guardian","floor":18,"turns":8},{"damage":6,"enemies":"Shell Parasite","floor":19,"turns":9},{"damage":19,"enemies":"Centurion and Healer","floor":21,"turns":12},{"damage":24,"enemies":"Chosen and Byrds","floor":23,"turns":13},{"damage":61,"enemies":"Book of Stabbing","floor":24,"turns":7}],"seed_played":"4667196440236320062","potions_obtained":[{"floor":1,"key":"PowerPotion"},{"floor":2,"key":"Fire Potion"},{"floor":11,"key":"Fruit Juice"},{"floor":11,"key":"SneckoOil"},{"floor":14,"key":"Dexterity Potion"},{"floor":16,"key":"SkillPotion"},{"floor":18,"key":"Regen Potion"},{"floor":19,"key":"FairyPotion"},{"floor":21,"key":"EssenceOfSteel"}],"is_trial":false,"path_per_floor":["M","M","M","M","$","R","M","R","T","M","?","M","?","M","R","B",null,"M","M","?","M","?","M","E"],"character_chosen":"DEFECT","items_purchased":["Conserve Battery"],"campfire_rested":2,"item_purchase_floors":[5],"current_hp_per_floor":[35,34,25,17,17,39,49,71,71,75,80,80,73,78,78,60,75,74,75,75,63,63,46,0],"gold":357,"neow_bonus":"RANDOM_COLORLESS_2","is_prod":false,"is_daily":false,"chose_seed":false,"campfire_upgraded":1,"win_rate":0,"timestamp":1565737691,"path_taken":["M","M","M","M","$","R","?","R","T","M","?","?","?","M","R","BOSS","M","M","?","M","?","M","E"],"build_version":"2019-07-17","purchased_purges":0,"victory":false,"max_hp_per_floor":[75,75,75,75,75,75,75,75,75,75,80,80,80,80,80,80,80,80,80,80,80,80,80,80],"card_choices":[{"not_picked":["Go for the Eyes","Genetic Algorithm"],"picked":"Chill","floor":1},{"not_picked":["Fusion","Doom and Gloom"],"picked":"Defragment","floor":2},{"not_picked":["Ball Lightning","Fusion"],"picked":"Self Repair","floor":3},{"not_picked":["Barrage","Beam Cell"],"picked":"Chill","floor":4},{"not_picked":["Compile Driver","Storm","Sweeping Beam"],"picked":"SKIP","floor":7},{"not_picked":["Stack","Force Field","Redo"],"picked":"SKIP","floor":10},{"not_picked":["Genetic Algorithm","Core Surge"],"picked":"Loop","floor":12},{"not_picked":["Barrage","Rip and Tear","Coolheaded"],"picked":"SKIP","floor":14},{"not_picked":["Multi-Cast","Hyperbeam"],"picked":"Core Surge","floor":16},{"not_picked":["Sweeping Beam","Rebound"],"picked":"Cold Snap","floor":18},{"not_picked":["Turbo","Hologram","Storm"],"picked":"SKIP","floor":19},{"not_picked":["Coolheaded","Beam Cell"],"picked":"Core Surge","floor":21},{"not_picked":["Barrage","Heatsinks","Leap"],"picked":"SKIP","floor":23}],"player_experience":2820246,"relics_obtained":[{"floor":9,"key":"Omamori"}],"event_choices":[{"damage_healed":0,"gold_gain":0,"player_choice":"Got Potions","damage_taken":0,"max_hp_gain":0,"max_hp_loss":0,"event_name":"Lab","floor":11,"gold_loss":0},{"cards_removed":["Dualcast"],"damage_healed":0,"gold_gain":0,"player_choice":"Card Removal","damage_taken":7,"max_hp_gain":0,"max_hp_loss":0,"event_name":"Golden Wing","floor":13,"gold_loss":0},{"damage_healed":0,"gold_gain":0,"player_choice":"Read","damage_taken":0,"max_hp_gain":0,"max_hp_loss":0,"event_name":"The Library","floor":20,"gold_loss":0,"cards_obtained":["Streamline"]},{"damage_healed":0,"gold_gain":100,"player_choice":"Pray","damage_taken":0,"max_hp_gain":0,"max_hp_loss":0,"event_name":"Golden Shrine","floor":22,"gold_loss":0}],"is_beta":false,"boss_relics":[{"not_picked":["FrozenCore","Tiny House"],"picked":"Runic Pyramid"}],"items_purged_floors":[],"is_endless":false,"potions_floor_spawned":[1,2,3,14,16,18,19,21],"killed_by":"Book of Stabbing","ascension_level":12}