{"gold_per_floor":[116,116,130,55,72,72,86,86,86,121,138,153,153,103,103,205,205,222,137,37,37,48,48,58,58,58,58,76,76,88,88,88,186,186,204,221,221,231,245,245,279,100,100,112,62,76,76,86,86,86],"floor_reached":51,"playtime":4257,"items_purged":["Pain","Strike_G","Parasite","Strike_G"],"score":1010,"play_id":"a77ff0ac-af75-4fa5-95ca-1bb8c3260951","local_time":"20190812165436","is_ascension_mode":true,"campfire_choices":[{"data":"Neutralize","floor":6.0,"key":"SMITH"},{"data":"Neutralize","floor":8.0,"key":"SMITH"},{"floor":13.0,"key":"REST"},{"data":"Escape Plan","floor":15.0,"key":"SMITH"},{"data":"Die Die Die","floor":23.0,"key":"SMITH"},{"data":"Backflip","floor":25.0,"key":"SMITH"},{"data":"Deadly Poison","floor":27.0,"key":"SMITH"},{"data":"Backflip","floor":29.0,"key":"SMITH"},{"data":"Survivor","floor":32.0,"key":"SMITH"},{"data":"Leg Sweep","floor":40,"key":"SMITH"},{"floor":49,"key":"REST"}],"neow_cost":"TEN_PERCENT_HP_LOSS","seed_source_timestamp":0,"circlet_count":0,"master_deck":["AscendersBane","Defend_G","Defend_G","Defend_G","Defend_G","Defend_G","Survivor+1","Neutralize+1","Backflip+1","Neutralize+1","Noxious Fumes+1","Escape Plan+1","Die Die Die+1","Deadly Poison+1","Backflip+1","Leg Sweep+1","Die Die Die","Caltrops+1","Deadly Poison","Die Die Die"],"special_seed":0,"relics":["Ring of the Snake","FossilizedHelix","Darkstone Periapt","Frozen Egg 2","Runic Pyramid","Gremlin Horn","Smiling Mask","Sozu","Blood Vial","Happy Flower"],"potions_floor_usage":[50],"damage_taken":[{"damage":0.0,"enemies":"Jaw Worm","floor":1.0,"turns":6.0},{"damage":14.0,"enemies":"Cultist","floor":3.0,"turns":5.0},{"damage":0.0,"enemies":"2 Louse","floor":5.0,"turns":5.0},{"damage":0.0,"enemies":"Blue Slaver","floor":7.0,"turns":5.0},{"damage":6.0,"enemies":"Gremlin Nob","floor":10.0,"turns":4.0},{"damage":0.0,"enemies":"3 Louse","floor":11.0,"turns":6.0},{"damage":0.0,"enemies":"Red Slaver","floor":12.0,"turns":5.0},{"damage":13.0,"enemies":"The Guardian","floor":16.0,"turns":10.0},{"damage":0.0,"enemies":"Chosen","floor":18.0,"turns":8.0},{"damage":0.0,"enemies":"Spheric Guardian","floor":22.0,"turns":4.0},{"damage":2.0,"enemies":"Centurion and Healer","floor":24.0,"turns":8.0},{"damage":0.0,"enemies":"Cultist and Chosen","floor":28.0,"turns":7.0},{"damage":0.0,"enemies":"Snecko","floor":30.0,"turns":7.0},{"damage":22.0,"enemies":"Automaton","floor":33.0,"turns":13.0},{"damage":0.0,"enemies":"3 Darklings","floor":35.0,"turns":6.0},{"damage":0.0,"enemies":"Orb Walker","floor":36.0,"turns":5.0},{"damage":0.0,"enemies":"Writhing Mass","floor":38.0,"turns":8.0},{"damage":0,"enemies":"3 Darklings","floor":39,"turns":8},{"damage":9,"enemies":"Nemesis","floor":41,"turns":13},{"damage":0,"enemies":"Sphere and 2 Shapes","floor":44,"turns":7},{"damage":33,"enemies":"Jaw Worm Horde","floor":46,"turns":8},{"damage":0,"enemies":"Spire Growth","floor":48,"turns":7},{"damage":43,"enemies":"Time Eater","floor":50,"turns":15}],"seed_played":"-5437892521543895963","potions_obtained":[{"floor":1.0,"key":"Poison Potion"},{"floor":5.0,"key":"AttackPotion"},{"floor":12.0,"key":"SkillPotion"},{"floor":22.0,"key":"GhostInAJar"},{"floor":28.0,"key":"Explosive Potion"},{"floor":33.0,"key":"PowerPotion"}],"is_trial":false,"path_per_floor":["M","?","M","$","M","R","M","R","T","E","M","M","R","?","R","B",null,"M","?","$","?","M","R","M","R","T","R","M","R","M","?","R","B",null,"M","M","?","M","M","R","E","$","T","M","$","M","?","M","R","B",null],"character_chosen":"THE_SILENT","items_purchased":["Caltrops+1","Deadly Poison"],"campfire_rested":2,"item_purchase_floors":[42,42],"current_hp_per_floor":[63,63,49,49,49,49,49,49,49,43,43,43,61,61,61,48,59,59,59,59,53,53,53,51,51,51,51,51,51,51,51,51,29,55,55,55,55,61,61,61,52,52,52,54,54,23,23,25,44,3],"gold":86,"neow_bonus":"ONE_RARE_RELIC","is_prod":false,"is_daily":false,"chose_seed":false,"campfire_upgraded":9,"win_rate":0,"timestamp":1565646876,"path_taken":["M","?","M","?","M","R","?","R","T","E","M","M","R","?","R","BOSS","M","?","$","?","M","R","M","R","T","R","?","R","M","?","R","BOSS","M","?","?","M","M","R","E","?","T","M","$","M","?","M","R","BOSS"],"build_version":"2019-07-17","purchased_purges":4,"victory":true,"max_hp_per_floor":[63,63,63,63,63,63,63,63,63,63,63,63,63,63,63,63,63,63,63,63,63,63,63,63,63,63,63,63,63,63,63,63,63,63,63,63,63,69,69,69,69,66,66,66,66,66,66,66,66,66],"card_choices":[{"not_picked":["Well Laid Plans","Slice"],"picked":"Backflip","floor":1.0},{"not_picked":["Slice","Distraction","Dash"],"picked":"SKIP","floor":3.0},{"not_picked":["Heel Hook","Prepared","PiercingWail"],"picked":"SKIP","floor":5.0},{"not_picked":["Deflect","Blade Dance","Bane"],"picked":"SKIP","floor":7.0},{"not_picked":["Flechettes","Quick Slash","Acrobatics"],"picked":"SKIP","floor":10.0},{"not_picked":["Cloak And Dagger","Concentrate"],"picked":"Noxious Fumes+1","floor":11.0},{"not_picked":["Outmaneuver","Prepared"],"picked":"Escape Plan","floor":12.0},{"not_picked":["Storm of Steel","Grand Finale"],"picked":"Die Die Die","floor":16.0},{"not_picked":["Quick Slash","Slice"],"picked":"Deadly Poison","floor":18.0},{"not_picked":["Outmaneuver+1","Slice+1","Concentrate+1"],"picked":"SKIP","floor":22.0},{"not_picked":["Reflex","PiercingWail"],"picked":"Backflip","floor":24.0},{"not_picked":["Flying Knee","Concentrate","Heel Hook"],"picked":"SKIP","floor":28.0},{"not_picked":["Dagger Spray","Cloak And Dagger","Eviscerate"],"picked":"SKIP","floor":30.0},{"not_picked":["Dodge and Roll+1","Terror","Prepared"],"picked":"SKIP","floor":35.0},{"not_picked":["Skewer","Terror+1"],"picked":"Leg Sweep","floor":36.0},{"not_picked":["Crippling Poison+1","Sucker Punch+1","Deflect"],"picked":"SKIP","floor":38.0},{"not_picked":["Eviscerate","Outmaneuver+1","Dodge and Roll"],"picked":"SKIP","floor":39},{"not_picked":["Poisoned Stab+1","Flying Knee"],"picked":"Die Die Die","floor":41},{"not_picked":["Calculated Gamble","Endless Agony","Dash"],"picked":"SKIP","floor":44},{"not_picked":["Bouncing Flask","Sucker Punch","Underhanded Strike+1"],"picked":"SKIP","floor":46},{"not_picked":["Quick Slash","Expertise"],"picked":"Die Die Die","floor":48}],"player_experience":2813666,"relics_obtained":[{"floor":9.0,"key":"Darkstone Periapt"},{"floor":10.0,"key":"Frozen Egg 2"},{"floor":26.0,"key":"Smiling Mask"},{"floor":41,"key":"Blood Vial"},{"floor":43,"key":"Happy Flower"}],"event_choices":[{"damage_healed":0.0,"max_hp_gain":0.0,"max_hp_loss":0.0,"gold_gain":0.0,"event_name":"Match and Keep!","player_choice":"2 cards matched","floor":2.0,"gold_loss":0.0,"damage_taken":0.0,"cards_obtained":["Pain","Neutralize"]},{"cards_removed":["Strike_G"],"damage_healed":0.0,"max_hp_gain":0.0,"max_hp_loss":0.0,"gold_gain":0.0,"event_name":"The Cleric","player_choice":"Card Removal","floor":14.0,"gold_loss":50.0,"damage_taken":0.0},{"damage_healed":0.0,"max_hp_gain":0.0,"max_hp_loss":0.0,"gold_gain":0.0,"event_name":"Addict","player_choice":"Obtained Relic","floor":19.0,"gold_loss":85.0,"damage_taken":0.0,"relics_obtained":["Gremlin Horn"]},{"damage_healed":0.0,"max_hp_gain":0.0,"max_hp_loss":0.0,"gold_gain":0.0,"event_name":"Knowing Skull","player_choice":"","floor":21.0,"potions_obtained":[],"gold_loss":0.0,"damage_taken":6.0,"cards_obtained":[]},{"cards_removed":["Strike_G"],"damage_healed":0.0,"max_hp_gain":0.0,"max_hp_loss":0.0,"gold_gain":0.0,"event_name":"Bonfire Elementals","player_choice":"Offered Basic","floor":31.0,"gold_loss":0.0,"damage_taken":0.0},{"cards_removed":["Strike_G"],"damage_healed":0.0,"max_hp_gain":0.0,"max_hp_loss":0.0,"gold_gain":0.0,"event_name":"Falling","player_choice":"Removed Attack","floor":37.0,"gold_loss":0.0,"damage_taken":0.0},{"damage_healed":0,"gold_gain":0,"player_choice":"Ignored","damage_taken":0,"max_hp_gain":0,"max_hp_loss":0,"event_name":"Mysterious Sphere","floor":47,"gold_loss":0}],"is_beta":false,"boss_relics":[{"not_picked":["Ectoplasm","White Beast Statue"],"picked":"Runic Pyramid"},{"not_picked":["Cursed Key","Empty Cage"],"picked":"Sozu"}],"items_purged_floors":[4,20,42,45],"is_endless":false,"potions_floor_spawned":[1,5,7,12,22,28,33,35,38,39,46,48],"ascension_level":12}