{"gold_per_floor":[113,133,133,21,39,39,57,157,157,173,173,191,207,223,223,318,318,329,428,439,349,64,64,64],"floor_reached":24,"playtime":7651,"items_purged":["Strike_R","Strike_R"],"score":228,"play_id":"19d923a1-a2a2-4191-8106-66590dddc226","local_time":"20190111192819","is_ascension_mode":true,"campfire_choices":[{"data":"Inflame","floor":6.0,"key":"SMITH"},{"data":"Whirlwind","floor":11.0,"key":"SMITH"},{"data":"Battle Trance","floor":15.0,"key":"SMITH"},{"floor":23,"key":"RECALL"}],"neow_cost":"NONE","seed_source_timestamp":0,"circlet_count":0,"master_deck":["Strike_R","Strike_R","Defend_R","Defend_R","Defend_R","Defend_R+1","Reaper","Battle Trance+1","Inflame+1","Whirlwind+1","Immolate","Ghostly Armor","Shrug It Off","Uppercut","Ghostly Armor"],"special_seed":0,"relics":["Burning Blood","Bottled Tornado","Fusion Hammer"],"potions_floor_usage":[],"damage_taken":[{"damage":6.0,"enemies":"2 Louse","floor":1.0,"turns":3.0},{"damage":8.0,"enemies":"Small Slimes","floor":2.0,"turns":4.0},{"damage":6.0,"enemies":"Cultist","floor":5.0,"turns":3.0},{"damage":8.0,"enemies":"Red Slaver","floor":7.0,"turns":6.0},{"damage":6.0,"enemies":"Blue Slaver","floor":10.0,"turns":8.0},{"damage":24.0,"enemies":"Exordium Thugs","floor":12.0,"turns":8.0},{"damage":0.0,"enemies":"3 Louse","floor":13.0,"turns":1.0},{"damage":10.0,"enemies":"2 Fungi Beasts","floor":14.0,"turns":4.0},{"damage":8.0,"enemies":"Slime Boss","floor":16.0,"turns":8.0},{"damage":13.0,"enemies":"3 Byrds","floor":18.0,"turns":2.0},{"damage":18.0,"enemies":"Shell Parasite","floor":20.0,"turns":5.0},{"damage":67,"enemies":"Book of Stabbing","floor":24,"turns":8}],"seed_played":"2167066541896187264","potions_obtained":[{"floor":5.0,"key":"Swift Potion"},{"floor":7.0,"key":"BloodPotion"},{"floor":12.0,"key":"Block Potion"},{"floor":16.0,"key":"Ancient Potion"},{"floor":18.0,"key":"SneckoOil"}],"is_trial":false,"path_per_floor":["M","M","?","$","M","R","M","?","T","M","R","M","M","M","R","B",null,"M","?","M","?","$","R","E"],"character_chosen":"IRONCLAD","items_purchased":["Inflame","Shrug It Off","Uppercut","Ghostly Armor"],"campfire_rested":0,"item_purchase_floors":[4,22,22,22],"current_hp_per_floor":[80,78,78,78,78,78,80,80,80,80,80,74,80,80,80,78,80,73,73,61,61,61,61,0],"gold":64,"neow_bonus":"ONE_RANDOM_RARE_CARD","is_prod":false,"is_daily":false,"chose_seed":false,"campfire_upgraded":3,"win_rate":0,"timestamp":1547256499,"path_taken":["M","M","?","$","M","R","M","?","T","?","R","M","M","M","R","BOSS","M","?","M","?","$","R","E"],"build_version":"2019-01-10","purchased_purges":2,"victory":false,"max_hp_per_floor":[80,80,80,80,80,80,80,80,80,80,80,80,80,80,80,80,80,80,80,80,80,80,80,80],"card_choices":[{"not_picked":["Havoc","Shrug It Off"],"picked":"Battle Trance","floor":1.0},{"not_picked":["Pummel","Evolve","Flex"],"picked":"SKIP","floor":2.0},{"not_picked":["Reckless Charge","Carnage","Sword Boomerang"],"picked":"SKIP","floor":5.0},{"not_picked":["Pummel","Spot Weakness","Feel No Pain"],"picked":"SKIP","floor":7.0},{"not_picked":["Combust","Perfected Strike"],"picked":"Whirlwind","floor":10.0},{"not_picked":["Carnage","Iron Wave","Sever Soul"],"picked":"SKIP","floor":12.0},{"not_picked":["Second Wind","Rage","Shockwave"],"picked":"SKIP","floor":13.0},{"not_picked":["Havoc","Rage","Carnage"],"picked":"SKIP","floor":14.0},{"not_picked":["Bludgeon","Limit Break"],"picked":"Immolate","floor":16.0},{"not_picked":["Headbutt","Heavy Blade","Havoc"],"picked":"SKIP","floor":18.0},{"not_picked":["Armaments","Seeing Red"],"picked":"Ghostly Armor","floor":20}],"player_experience":1010340,"relics_obtained":[{"floor":9.0,"key":"Bottled Tornado"}],"event_choices":[{"cards_removed":["Bash"],"damage_healed":0.0,"max_hp_gain":0.0,"max_hp_loss":0.0,"gold_gain":0.0,"event_name":"Living Wall","player_choice":"Forget","floor":3.0,"gold_loss":0.0,"damage_taken":0.0},{"damage_healed":0.0,"max_hp_gain":0.0,"max_hp_loss":0.0,"gold_gain":100.0,"event_name":"Golden Shrine","player_choice":"Pray","floor":8.0,"gold_loss":0.0,"damage_taken":0.0},{"damage_healed":0.0,"max_hp_gain":0.0,"max_hp_loss":0.0,"gold_gain":99.0,"event_name":"Nest","player_choice":"Stole From Cult","floor":19.0,"gold_loss":0.0,"damage_taken":0.0},{"cards_removed":["Strike_R"],"damage_healed":0,"gold_gain":0,"player_choice":"Upgrade and Remove","damage_taken":0,"max_hp_gain":0,"max_hp_loss":0,"event_name":"Designer","floor":21,"gold_loss":90,"cards_upgraded":["Defend_R"]}],"is_beta":false,"boss_relics":[{"not_picked":["Black Blood","Runic Pyramid"],"picked":"Fusion Hammer"}],"items_purged_floors":[4,22],"is_endless":false,"potions_floor_spawned":[5,7,12,16,18],"killed_by":"Book of Stabbing","ascension_level":4}