{"gold_per_floor":[116,116,116,132,132,161,161,181,208,208,225,175,175,18,18,118,118,128,128,227,239,259,259,6,6,6,6,6,6,6,21,21,126,126,137,137,137],"floor_reached":37,"playtime":1489,"items_purged":[],"score":621,"play_id":"d90a7415-8100-4f4c-9866-ddd7ecd959b5","local_time":"20190815170016","is_ascension_mode":true,"campfire_choices":[{"data":"BootSequence","floor":7.0,"key":"SMITH"},{"data":"Gash","floor":10.0,"key":"SMITH"},{"data":"Defend_B","floor":15.0,"key":"SMITH"},{"floor":23.0,"key":"REST"},{"floor":25.0,"key":"REST"},{"data":"Buffer","floor":27.0,"key":"SMITH"},{"data":"Tempest","floor":32.0,"key":"SMITH"}],"neow_cost":"NONE","seed_source_timestamp":0,"circlet_count":0,"master_deck":["AscendersBane","Strike_B","Defend_B","Defend_B","Defend_B","Defend_B+1","Zap+1","Gash+1","BootSequence+1","Buffer+1","Cold Snap+1","Skim","Tempest+1","Core Surge","Self Repair","Madness","Madness"],"special_seed":0,"relics":["Cracked Core","NeowsBlessing","PreservedInsect","Lantern","Ice Cream","Juzu Bracelet","Runic Pyramid","Cables","Bottled Lightning","Cursed Key"],"potions_floor_usage":[],"damage_taken":[{"damage":0.0,"enemies":"Jaw Worm","floor":1.0,"turns":1.0},{"damage":0.0,"enemies":"2 Louse","floor":4.0,"turns":1.0},{"damage":0.0,"enemies":"Lagavulin","floor":6.0,"turns":1.0},{"damage":0.0,"enemies":"Small Slimes","floor":8.0,"turns":4.0},{"damage":2.0,"enemies":"3 Louse","floor":11.0,"turns":3.0},{"damage":11.0,"enemies":"The Guardian","floor":16.0,"turns":11.0},{"damage":22.0,"enemies":"3 Byrds","floor":18.0,"turns":6.0},{"damage":0.0,"enemies":"Chosen","floor":21.0,"turns":6.0},{"damage":26.0,"enemies":"Snake Plant","floor":22.0,"turns":6.0},{"damage":3.0,"enemies":"3 Cultists","floor":31.0,"turns":6.0},{"damage":70.0,"enemies":"Champ","floor":33.0,"turns":8.0},{"damage":37,"enemies":"3 Darklings","floor":35,"turns":7},{"damage":18,"enemies":"3 Shapes","floor":37,"turns":1}],"seed_played":"5013524243522222288","potions_obtained":[{"floor":4.0,"key":"SkillPotion"},{"floor":6.0,"key":"PowerPotion"},{"floor":16.0,"key":"FearPotion"},{"floor":21.0,"key":"LiquidBronze"},{"floor":22.0,"key":"Fruit Juice"}],"is_trial":false,"path_per_floor":["M","?","?","M","?","E","R","M","T","R","M","?","T","$","R","B",null,"M","?","?","M","M","R","$","R","T","R","?","$","?","M","R","B",null,"M","?","M"],"character_chosen":"DEFECT","items_purchased":["Juzu Bracelet","Cables"],"campfire_rested":2,"item_purchase_floors":[14,24],"current_hp_per_floor":[68,68,73,73,66,66,66,66,66,66,64,64,64,64,64,53,73,51,51,51,51,30,55,55,80,80,80,80,80,80,77,77,7,66,29,18,0],"gold":137,"neow_bonus":"THREE_ENEMY_KILL","is_prod":false,"is_daily":false,"chose_seed":false,"campfire_upgraded":5,"win_rate":0,"timestamp":1565906416,"path_taken":["M","?","?","M","?","E","R","M","T","R","M","?","?","?","R","BOSS","M","?","?","M","M","R","?","R","T","R","?","?","?","M","R","BOSS","M","?","M"],"build_version":"2019-07-17","purchased_purges":0,"victory":false,"max_hp_per_floor":[75,75,80,80,80,80,80,80,80,80,80,80,80,80,80,80,80,80,80,80,80,85,85,85,85,85,85,85,85,85,85,85,85,85,85,85,85],"card_choices":[{"not_picked":["Barrage","Beam Cell"],"picked":"Gash","floor":1.0},{"not_picked":["Sweeping Beam","Blizzard","Beam Cell"],"picked":"SKIP","floor":4.0},{"not_picked":["Redo","Hologram"],"picked":"BootSequence","floor":6.0},{"not_picked":["Streamline","Turbo","Chaos"],"picked":"SKIP","floor":8.0},{"not_picked":["Fusion","Steam","Aggregate"],"picked":"SKIP","floor":11.0},{"not_picked":["Amplify","Biased Cognition"],"picked":"Buffer","floor":16.0},{"not_picked":["Ball Lightning","Beam Cell","Coolheaded"],"picked":"SKIP","floor":18.0},{"not_picked":["Coolheaded","Blizzard"],"picked":"Cold Snap","floor":21.0},{"not_picked":["Double Energy","Scrape","Steam"],"picked":"SKIP","floor":22.0},{"not_picked":["Steam","Beam Cell","Rebound+1"],"picked":"SKIP","floor":31.0},{"not_picked":["Seek","Reboot"],"picked":"Core Surge","floor":33.0},{"not_picked":["Coolheaded","Sweeping Beam"],"picked":"Self Repair","floor":35}],"player_experience":2829400,"relics_obtained":[{"floor":6.0,"key":"PreservedInsect"},{"floor":9.0,"key":"Lantern"},{"floor":13.0,"key":"Ice Cream"},{"floor":26.0,"key":"Bottled Lightning"}],"event_choices":[{"damage_healed":0.0,"max_hp_gain":0.0,"max_hp_loss":0.0,"gold_gain":0.0,"event_name":"Living Wall","player_choice":"Grow","floor":2.0,"gold_loss":0.0,"damage_taken":0.0,"cards_upgraded":["Zap"]},{"damage_healed":0.0,"max_hp_gain":5.0,"max_hp_loss":0.0,"gold_gain":0.0,"event_name":"Big Fish","player_choice":"Donut","floor":3.0,"gold_loss":0.0,"damage_taken":0.0},{"cards_removed":["Dualcast"],"damage_healed":0.0,"max_hp_gain":0.0,"max_hp_loss":0.0,"gold_gain":0.0,"event_name":"Golden Wing","player_choice":"Card Removal","floor":5.0,"gold_loss":0.0,"damage_taken":7.0},{"cards_removed":["Strike_B"],"damage_healed":0.0,"max_hp_gain":0.0,"max_hp_loss":0.0,"gold_gain":0.0,"event_name":"The Cleric","player_choice":"Card Removal","floor":12.0,"gold_loss":50.0,"damage_taken":0.0},{"damage_healed":0.0,"max_hp_gain":0.0,"max_hp_loss":0.0,"gold_gain":0.0,"event_name":"Vampires","player_choice":"Ignored","floor":19.0,"gold_loss":0.0,"damage_taken":0.0},{"damage_healed":0.0,"max_hp_gain":0.0,"max_hp_loss":0.0,"gold_gain":99.0,"event_name":"Nest","player_choice":"Stole From Cult","floor":20.0,"gold_loss":0.0,"damage_taken":0.0},{"damage_healed":0.0,"max_hp_gain":0.0,"max_hp_loss":0.0,"gold_gain":0.0,"event_name":"Upgrade Shrine","player_choice":"Upgraded","floor":28.0,"gold_loss":0.0,"damage_taken":0.0,"cards_upgraded":["Cold Snap"]},{"damage_healed":0.0,"max_hp_gain":0.0,"max_hp_loss":0.0,"gold_gain":0.0,"cards_transformed":["Strike_B","Strike_B"],"event_name":"Drug Dealer","player_choice":"Became Test Subject","floor":30.0,"gold_loss":0.0,"damage_taken":0.0,"cards_obtained":["Skim","Tempest"]},{"damage_healed":0,"gold_gain":0,"player_choice":"Embrace Madness","damage_taken":11,"max_hp_gain":0,"max_hp_loss":0,"event_name":"Winding Halls","floor":36,"gold_loss":0,"cards_obtained":["Madness","Madness"]}],"is_beta":false,"boss_relics":[{"not_picked":["Velvet Choker","Tiny House"],"picked":"Runic Pyramid"},{"not_picked":["Orrery","Eternal Feather"],"picked":"Cursed Key"}],"items_purged_floors":[],"is_endless":false,"potions_floor_spawned":[4,6,11,16,21,22],"killed_by":"3 Shapes","ascension_level":12}