{"gold_per_floor":[218,218,293,169,169,200,200,26,26,42,101,101,116,116,116,215,215,225,225,241,255,270,270,270],"floor_reached":24,"playtime":1555,"items_purged":["Strike_B","Strike_B"],"score":272,"play_id":"005a314a-58c7-4ba7-bd96-56648bb770e6","local_time":"20190409210908","is_ascension_mode":true,"campfire_choices":[{"floor":7,"key":"REST"},{"floor":12,"key":"REST"},{"floor":15,"key":"REST"},{"floor":23,"key":"REST"}],"neow_cost":"NONE","seed_source_timestamp":419388309868342,"circlet_count":0,"master_deck":["Defend_B","Defend_B","Defend_B","Defend_B","Zap","Cold Snap+1","Capacitor","Defragment","Conserve Battery","Cold Snap","Core Surge","Blizzard"],"relics":["Cracked Core","Letter Opener","Bottled Tornado","Whetstone","Inserter"],"potions_floor_usage":[6,16,24,24,24],"damage_taken":[{"damage":1,"enemies":"Jaw Worm","floor":1,"turns":5},{"damage":32,"enemies":"Gremlin Nob","floor":6,"turns":5},{"damage":3,"enemies":"2 Louse","floor":10,"turns":3},{"damage":22,"enemies":"Lagavulin Event","floor":11,"turns":8},{"damage":0,"enemies":"Cultist","floor":13,"turns":4},{"damage":48,"enemies":"Slime Boss","floor":16,"turns":15},{"damage":3,"enemies":"Chosen","floor":18,"turns":5},{"damage":17,"enemies":"Shell Parasite","floor":20,"turns":8},{"damage":12,"enemies":"Shelled Parasite and Fungi","floor":21,"turns":10},{"damage":8,"enemies":"Centurion and Healer","floor":22,"turns":11},{"damage":48,"enemies":"Slavers","floor":24,"turns":3}],"seed_played":"8900623280829883322","potions_obtained":[{"floor":1,"key":"Strength Potion"},{"floor":6,"key":"FearPotion"},{"floor":13,"key":"Swift Potion"},{"floor":21,"key":"SpeedPotion"},{"floor":22,"key":"Block Potion"}],"is_trial":false,"path_per_floor":["M","?","?","$","?","E","R","$","T","M","?","R","M","?","R","B",null,"M","?","M","M","M","R","E"],"character_chosen":"DEFECT","items_purchased":["Cold Snap","Capacitor"],"campfire_rested":4,"item_purchase_floors":[4,8],"current_hp_per_floor":[67,60,49,49,49,17,39,39,39,36,14,36,36,36,58,10,59,56,56,39,27,19,41,0],"gold":270,"neow_bonus":"HUNDRED_GOLD","is_prod":false,"is_daily":false,"chose_seed":false,"campfire_upgraded":0,"win_rate":0,"timestamp":1554862148,"path_taken":["M","?","?","$","?","E","R","$","T","?","?","R","M","?","R","BOSS","M","?","M","M","?","R","E"],"build_version":"2019-01-23","purchased_purges":2,"victory":false,"max_hp_per_floor":[75,75,75,75,75,75,75,75,75,75,75,75,75,75,75,75,75,75,75,75,75,75,75,75],"card_choices":[{"not_picked":["Doom and Gloom","Rebound","Steam"],"picked":"SKIP","floor":1},{"not_picked":["Heatsinks","Redo","Gash"],"picked":"SKIP","floor":6},{"not_picked":["Go for the Eyes","Heatsinks"],"picked":"Defragment","floor":10},{"not_picked":["Sweeping Beam","White Noise"],"picked":"Conserve Battery","floor":11},{"not_picked":["Double Energy","Redo"],"picked":"Cold Snap","floor":13},{"not_picked":["Hyperbeam","Meteor Strike"],"picked":"Core Surge","floor":16},{"not_picked":["Reprogram","Steam Power"],"picked":"Blizzard","floor":18},{"not_picked":["Hologram+1","Double Energy+1","Streamline"],"picked":"SKIP","floor":20},{"not_picked":["Sweeping Beam+1","Steam","Go for the Eyes+1"],"picked":"SKIP","floor":21},{"not_picked":["Ball Lightning","Beam Cell","Compile Driver"],"picked":"SKIP","floor":22}],"player_experience":1814108,"relics_obtained":[{"floor":6,"key":"Letter Opener"},{"floor":9,"key":"Bottled Tornado"},{"floor":11,"key":"Whetstone"}],"event_choices":[{"cards_removed":["Dualcast"],"damage_healed":0,"gold_gain":0,"player_choice":"Card Removal","damage_taken":7,"max_hp_gain":0,"max_hp_loss":0,"event_name":"Golden Wing","floor":2,"gold_loss":0},{"damage_healed":0,"gold_gain":75,"player_choice":"Gather Gold","damage_taken":11,"max_hp_gain":0,"max_hp_loss":0,"event_name":"World of Goop","floor":3,"gold_loss":0},{"damage_healed":0,"gold_gain":0,"player_choice":"Bought 0 Potions","damage_taken":0,"max_hp_gain":0,"max_hp_loss":0,"event_name":"The Woman in Blue","floor":5,"gold_loss":0},{"damage_healed":0,"gold_gain":0,"player_choice":"Searched \u00271\u0027 times","damage_taken":0,"max_hp_gain":0,"max_hp_loss":0,"event_name":"Dead Adventurer","floor":11,"gold_loss":0},{"cards_removed":["Strike_B"],"damage_healed":0,"gold_gain":0,"player_choice":"Forget","damage_taken":0,"max_hp_gain":0,"max_hp_loss":0,"event_name":"Living Wall","floor":14,"gold_loss":0},{"cards_removed":["Strike_B"],"damage_healed":0,"gold_gain":0,"player_choice":"Offered Basic","damage_taken":0,"max_hp_gain":0,"max_hp_loss":0,"event_name":"Bonfire Elementals","floor":19,"gold_loss":0}],"is_beta":false,"boss_relics":[{"not_picked":["Empty Cage","Lizard Tail"],"picked":"Inserter"}],"items_purged_floors":[4,8],"is_endless":false,"potions_floor_spawned":[1,6,13,21,22],"killed_by":"Slavers","ascension_level":8}