{"gold_per_floor":[118,118,129,143,155,180,180,197,197,213,233,233,268,284,284,385,385],"floor_reached":17,"playtime":324,"items_purged":[],"score":271,"play_id":"ce2239a9-a487-4f93-a500-8f087bc8d8f8","local_time":"20190818184431","is_ascension_mode":false,"campfire_choices":[{"data":"Clash","floor":7.0,"key":"SMITH"},{"data":"1","floor":15.0,"key":"LIFT"}],"neow_cost":"NONE","seed_source_timestamp":0,"circlet_count":1,"master_deck":["Anger+1","Flex+1","Limit Break","Anger+1","Flex+1","Flex+1","Clash+1","Whirlwind","Anger"],"special_seed":0,"relics":["Burning Blood","Circlet","Unceasing Top","Thread and Needle","Girya","FaceOfCleric","Anchor"],"potions_floor_usage":[],"damage_taken":[{"damage":0.0,"enemies":"Jaw Worm","floor":1.0,"turns":1.0},{"damage":0.0,"enemies":"Cultist","floor":3.0,"turns":1.0},{"damage":0.0,"enemies":"Small Slimes","floor":4.0,"turns":1.0},{"damage":0.0,"enemies":"3 Louse","floor":5.0,"turns":2.0},{"damage":0.0,"enemies":"3 Sentries","floor":6.0,"turns":1.0},{"damage":0.0,"enemies":"2 Fungi Beasts","floor":8.0,"turns":1.0},{"damage":0.0,"enemies":"Red Slaver","floor":10.0,"turns":1.0},{"damage":0.0,"enemies":"3 Louse","floor":11.0,"turns":1.0},{"damage":0.0,"enemies":"Gremlin Nob","floor":13.0,"turns":1.0},{"damage":0.0,"enemies":"Exordium Wildlife","floor":14.0,"turns":2.0},{"damage":0.0,"enemies":"Slime Boss","floor":16.0,"turns":2.0}],"seed_played":"5958603807239678650","potions_obtained":[{"floor":1.0,"key":"Explosive Potion"},{"floor":3.0,"key":"Swift Potion"},{"floor":6.0,"key":"Energy Potion"}],"is_trial":false,"path_per_floor":["M","?","M","M","M","E","R","M","T","M","M","?","E","M","R","B",null],"character_chosen":"IRONCLAD","items_purchased":[],"campfire_rested":0,"item_purchase_floors":[],"current_hp_per_floor":[88,88,88,88,88,88,88,88,88,88,88,88,89,90,90,91,91],"gold":385,"neow_bonus":"TEN_PERCENT_HP_BONUS","is_prod":false,"is_daily":false,"chose_seed":false,"campfire_upgraded":1,"win_rate":0,"timestamp":1566168271,"path_taken":["M","?","M","M","M","E","R","?","T","M","M","?","E","?","R","BOSS"],"build_version":"2019-07-17","purchased_purges":0,"victory":false,"max_hp_per_floor":[88,88,88,88,88,88,88,88,88,88,88,88,89,90,90,91,91],"card_choices":[{"not_picked":["Second Wind","Cleave"],"picked":"Flex","floor":1.0},{"not_picked":["Burning Pact","Rupture","Uppercut"],"picked":"SKIP","floor":3.0},{"not_picked":["Shrug It Off","Sword Boomerang","Flame Barrier"],"picked":"SKIP","floor":4.0},{"not_picked":["Second Wind","Whirlwind"],"picked":"Clash","floor":5.0},{"not_picked":["Ghostly Armor","Headbutt","True Grit"],"picked":"SKIP","floor":6.0},{"not_picked":["Blood for Blood","Whirlwind","Perfected Strike"],"picked":"SKIP","floor":8.0},{"not_picked":["Blood for Blood","Perfected Strike"],"picked":"Whirlwind","floor":8.0},{"not_picked":["Body Slam","True Grit","Rupture"],"picked":"SKIP","floor":10.0},{"not_picked":["Headbutt","Disarm","Body Slam"],"picked":"SKIP","floor":11.0},{"not_picked":["Demon Form","Iron Wave"],"picked":"Anger","floor":13.0},{"not_picked":["Entrench","Body Slam","Combust"],"picked":"SKIP","floor":14.0}],"player_experience":123991,"relics_obtained":[{"floor":6.0,"key":"Thread and Needle"},{"floor":9.0,"key":"Girya"},{"floor":13.0,"key":"Anchor"}],"event_choices":[{"damage_healed":0.0,"max_hp_gain":0.0,"max_hp_loss":0.0,"gold_gain":0.0,"event_name":"Upgrade Shrine","player_choice":"Upgraded","floor":2.0,"gold_loss":0.0,"damage_taken":0.0,"cards_upgraded":["Flex"]},{"damage_healed":0.0,"max_hp_gain":0.0,"max_hp_loss":0.0,"gold_gain":0.0,"event_name":"FaceTrader","player_choice":"Trade","floor":12.0,"gold_loss":0.0,"damage_taken":0.0,"relics_obtained":["FaceOfCleric"]}],"is_beta":false,"boss_relics":[],"items_purged_floors":[],"is_endless":false,"potions_floor_spawned":[1,3,6,8,14,16],"ascension_level":0}