{"gold_per_floor":[215,290,169,169,186,186,218,218,218,244,244,27,45,70,70,193,193,211,211,226,226],"floor_reached":21,"playtime":1660,"items_purged":["Injury"],"score":299,"play_id":"56f69f45-1157-4c33-b9b4-7cd030b8dd4c","local_time":"20190830181757","is_ascension_mode":true,"campfire_choices":[{"data":"Bash","floor":6,"key":"SMITH"},{"data":"Flex","floor":8,"key":"SMITH"},{"floor":15,"key":"REST"}],"neow_cost":"NONE","seed_source_timestamp":98293997435600,"circlet_count":0,"master_deck":["AscendersBane","Strike_R+1","Strike_R+1","Strike_R","Strike_R","Strike_R","Defend_R","Defend_R","Defend_R","Bash+1","Flex+1","Flame Barrier","Ghostly Armor","Carnage","Evolve","Fiend Fire","Limit Break","Havoc+1","Shrug It Off"],"relics":["Burning Blood","Paper Frog","Sundial","Whetstone","Golden Idol","Sozu"],"potions_floor_usage":[7,7,16,16],"damage_taken":[{"damage":5,"enemies":"2 Louse","floor":1,"turns":3},{"damage":2,"enemies":"Jaw Worm","floor":5,"turns":5},{"damage":29,"enemies":"Gremlin Nob","floor":7,"turns":5},{"damage":35,"enemies":"Lagavulin","floor":10,"turns":6},{"damage":0,"enemies":"Cultist","floor":13,"turns":2},{"damage":13,"enemies":"Large Slime","floor":14,"turns":3},{"damage":33,"enemies":"Slime Boss","floor":16,"turns":6},{"damage":14,"enemies":"Spheric Guardian","floor":18,"turns":4},{"damage":20,"enemies":"2 Thieves","floor":20,"turns":4},{"damage":36,"enemies":"3 Cultists","floor":21,"turns":4}],"seed_played":"-2616511656165388354","potions_obtained":[{"floor":1,"key":"BloodPotion"},{"floor":14,"key":"EntropicBrew"},{"floor":16,"key":"Ancient Potion"}],"is_trial":false,"path_per_floor":["M","?","$","?","M","R","E","R","T","E","?","$","M","M","R","B",null,"M","?","M","M"],"character_chosen":"IRONCLAD","items_purchased":["Flame Barrier","Block Potion","Evolve","Fiend Fire"],"campfire_rested":1,"item_purchase_floors":[3,3,12,12],"current_hp_per_floor":[73,62,62,55,59,59,56,56,56,27,27,27,33,26,50,23,66,58,50,36,0],"gold":226,"neow_bonus":"HUNDRED_GOLD","is_prod":false,"is_daily":false,"chose_seed":false,"campfire_upgraded":2,"win_rate":0,"timestamp":1567156677,"path_taken":["M","?","$","?","M","R","E","R","T","E","?","$","M","M","R","BOSS","M","?","?","M"],"build_version":"2019-07-17","purchased_purges":1,"victory":false,"max_hp_per_floor":[80,80,80,80,80,80,80,80,80,80,80,80,80,80,80,80,80,80,80,80,80],"card_choices":[{"not_picked":["Shockwave","Twin Strike"],"picked":"Flex","floor":1},{"not_picked":["Flex","Searing Blow","Heavy Blade"],"picked":"SKIP","floor":5},{"not_picked":["Wild Strike","Flame Barrier"],"picked":"Ghostly Armor","floor":7},{"not_picked":["Wild Strike","Sentinel"],"picked":"Carnage","floor":10},{"not_picked":["Havoc","Heavy Blade","Clash"],"picked":"SKIP","floor":13},{"not_picked":["Havoc","Heavy Blade","Clash"],"picked":"SKIP","floor":13},{"not_picked":["Clash","Flex","True Grit"],"picked":"SKIP","floor":14},{"not_picked":["Berserk","Reaper"],"picked":"Limit Break","floor":16},{"not_picked":["Flame Barrier","Warcry+1"],"picked":"Havoc+1","floor":18},{"not_picked":["Entrench","Clothesline"],"picked":"Shrug It Off","floor":20}],"player_experience":500136,"relics_obtained":[{"floor":7,"key":"Paper Frog"},{"floor":9,"key":"Sundial"},{"floor":10,"key":"Whetstone"}],"event_choices":[{"damage_healed":0,"gold_gain":75,"player_choice":"Gather Gold","damage_taken":11,"max_hp_gain":0,"max_hp_loss":0,"event_name":"World of Goop","floor":2,"gold_loss":0},{"cards_removed":["Defend_R"],"damage_healed":0,"gold_gain":0,"player_choice":"Card Removal","damage_taken":7,"max_hp_gain":0,"max_hp_loss":0,"event_name":"Golden Wing","floor":4,"gold_loss":0},{"damage_healed":0,"gold_gain":0,"player_choice":"Take Wound","damage_taken":0,"relics_obtained":["Golden Idol"],"max_hp_gain":0,"max_hp_loss":0,"event_name":"Golden Idol","floor":11,"gold_loss":0,"cards_obtained":["Injury"]},{"damage_healed":0,"gold_gain":0,"player_choice":"","damage_taken":8,"max_hp_gain":0,"max_hp_loss":0,"event_name":"Knowing Skull","floor":19,"potions_obtained":[],"gold_loss":0,"cards_obtained":[]}],"is_beta":false,"boss_relics":[{"not_picked":["Runic Cube","Empty Cage"],"picked":"Sozu"}],"items_purged_floors":[12],"is_endless":false,"potions_floor_spawned":[1,5,14,16,18,20],"killed_by":"3 Cultists","ascension_level":12}