{"gold_per_floor":[116,116,132,132,143,159,159,174,174,195,195],"floor_reached":11,"playtime":471,"items_purged":[],"score":90,"play_id":"2dc67580-aa16-4eb6-b260-9d658d6e29e8","local_time":"20190220202935","is_ascension_mode":true,"campfire_choices":[],"neow_cost":"TEN_PERCENT_HP_LOSS","seed_source_timestamp":684737597955677,"circlet_count":0,"master_deck":["Strike_R","Strike_R","Strike_R","Strike_R","Strike_R","Defend_R","Defend_R+1","Defend_R","Defend_R","Bash","Inflame+1","Impatience","Body Slam","Inflame"],"relics":["Burning Blood","Torii","Golden Idol","Sundial"],"potions_floor_usage":[10],"damage_taken":[{"damage":1,"enemies":"Small Slimes","floor":1,"turns":4},{"damage":1,"enemies":"Cultist","floor":3,"turns":3},{"damage":6,"enemies":"Jaw Worm","floor":5,"turns":5},{"damage":22,"enemies":"Large Slime","floor":6,"turns":6},{"damage":16,"enemies":"3 Louse","floor":8,"turns":4},{"damage":13,"enemies":"2 Fungi Beasts","floor":10,"turns":4},{"damage":10,"enemies":"Exordium Thugs","floor":11,"turns":4}],"seed_played":"-4154680236409116260","potions_obtained":[{"floor":3,"key":"Swift Potion"}],"is_trial":false,"path_per_floor":["M","?","M","?","M","M","?","M","T","M","M"],"character_chosen":"IRONCLAD","items_purchased":[],"campfire_rested":0,"item_purchase_floors":[],"current_hp_per_floor":[72,72,72,58,58,42,24,14,14,7,0],"gold":195,"neow_bonus":"ONE_RARE_RELIC","is_prod":false,"is_daily":false,"chose_seed":false,"campfire_upgraded":0,"win_rate":0,"timestamp":1550716175,"path_taken":["M","?","?","?","M","M","?","M","T","M","M"],"build_version":"2019-01-23","purchased_purges":0,"victory":false,"max_hp_per_floor":[72,72,72,72,72,72,72,72,72,72,72],"card_choices":[{"not_picked":["Sword Boomerang","Armaments"],"picked":"Inflame","floor":1},{"not_picked":["Clothesline","Sword Boomerang"],"picked":"Body Slam","floor":3},{"not_picked":["Sword Boomerang","Perfected Strike","Berserk"],"picked":"SKIP","floor":5},{"not_picked":["Hemokinesis","Feel No Pain","Sentinel"],"picked":"SKIP","floor":6},{"not_picked":["Flex","Carnage","Heavy Blade"],"picked":"SKIP","floor":8},{"not_picked":["Ghostly Armor","Cleave"],"picked":"Inflame","floor":10}],"player_experience":1486795,"relics_obtained":[{"floor":9,"key":"Sundial"}],"event_choices":[{"damage_healed":0,"gold_gain":0,"player_choice":"1 cards matched","damage_taken":0,"max_hp_gain":0,"max_hp_loss":0,"event_name":"Match and Keep!","floor":2,"gold_loss":0,"cards_obtained":["Impatience"]},{"damage_healed":0,"gold_gain":0,"player_choice":"Entered Light","damage_taken":14,"max_hp_gain":0,"max_hp_loss":0,"event_name":"Shining Light","floor":4,"gold_loss":0,"cards_upgraded":["Defend_R","Inflame"]},{"damage_healed":0,"gold_gain":0,"player_choice":"Take Damage","damage_taken":18,"relics_obtained":["Golden Idol"],"max_hp_gain":0,"max_hp_loss":0,"event_name":"Golden Idol","floor":7,"gold_loss":0}],"is_beta":false,"boss_relics":[],"items_purged_floors":[],"is_endless":false,"potions_floor_spawned":[3],"killed_by":"Exordium Thugs","ascension_level":7}