{"gold_per_floor":[113,38,38,56,56,86,97,107,107,107,107,133,133,160,160,259,259,270,23,203,221,236,236,236],"floor_reached":24,"playtime":1233,"items_purged":["Dualcast","Strike_B"],"score":321,"play_id":"8dc7a884-cab7-4beb-bb53-0d3e23de7a9c","local_time":"20190429220522","is_ascension_mode":true,"campfire_choices":[{"data":"Zap","floor":10,"key":"SMITH"},{"floor":13,"key":"REST"},{"data":"Strike_B","floor":15,"key":"PURGE"},{"floor":23,"key":"REST"}],"neow_cost":"NONE","seed_source_timestamp":1708250255082849,"circlet_count":0,"master_deck":["Strike_B","Defend_B","Defend_B","Defend_B","Defend_B","Zap+1","Conserve Battery","Rip and Tear","FTL","Defragment","Seek","Glacier+1","Reinforced Body"],"relics":["Cracked Core","NeowsBlessing","Bronze Scales","Frozen Egg 2","Peace Pipe","Odd Mushroom","Lizard Tail","Juzu Bracelet"],"potions_floor_usage":[12,12,16,22],"damage_taken":[{"damage":0,"enemies":"2 Louse","floor":1,"turns":1},{"damage":0,"enemies":"Cultist","floor":4,"turns":1},{"damage":0,"enemies":"Gremlin Nob","floor":6,"turns":1},{"damage":0,"enemies":"Small Slimes","floor":7,"turns":3},{"damage":8,"enemies":"Blue Slaver","floor":8,"turns":3},{"damage":9,"enemies":"3 Sentries","floor":12,"turns":6},{"damage":9,"enemies":"The Mushroom Lair","floor":14,"turns":4},{"damage":47,"enemies":"Slime Boss","floor":16,"turns":10},{"damage":8,"enemies":"Spheric Guardian","floor":18,"turns":4},{"damage":0,"enemies":"Shell Parasite","floor":21,"turns":7},{"damage":20,"enemies":"Snecko","floor":22,"turns":9},{"damage":78,"enemies":"Gremlin Leader","floor":24,"turns":4}],"seed_played":"5420361071769780248","potions_obtained":[{"floor":4,"key":"AttackPotion"},{"floor":6,"key":"Dexterity Potion"},{"floor":14,"key":"Explosive Potion"},{"floor":16,"key":"Energy Potion"}],"is_trial":false,"path_per_floor":["M","$","?","M","?","E","M","M","T","R","?","E","R","?","R","B",null,"M","$","?","M","M","R","E"],"character_chosen":"DEFECT","items_purchased":["Juzu Bracelet"],"campfire_rested":2,"item_purchase_floors":[19],"current_hp_per_floor":[68,68,68,68,68,68,68,60,60,60,60,51,73,64,64,17,61,53,53,32,32,12,34,0],"gold":236,"neow_bonus":"THREE_ENEMY_KILL","is_prod":false,"is_daily":false,"chose_seed":false,"campfire_upgraded":1,"win_rate":0,"timestamp":1556593522,"path_taken":["M","$","?","M","?","E","M","?","T","R","?","E","R","?","R","BOSS","M","$","?","M","M","R","E"],"build_version":"2019-01-23","purchased_purges":2,"victory":false,"max_hp_per_floor":[75,75,75,75,75,75,75,75,75,75,75,75,75,75,75,75,75,75,75,75,75,75,75,75],"card_choices":[{"not_picked":["Steam Power","Hologram"],"picked":"Conserve Battery","floor":1},{"not_picked":["Ball Lightning","Sunder","Beam Cell"],"picked":"SKIP","floor":4},{"not_picked":["Redo","Cold Snap"],"picked":"FTL","floor":6},{"not_picked":["Conserve Battery","Leap"],"picked":"Defragment","floor":7},{"not_picked":["Coolheaded","Fusion","Turbo"],"picked":"SKIP","floor":8},{"not_picked":["Meteor Strike","Ball Lightning","Go for the Eyes"],"picked":"SKIP","floor":12},{"not_picked":["Fission","Multi-Cast"],"picked":"Seek","floor":16},{"not_picked":["Coolheaded","Sunder"],"picked":"Glacier+1","floor":18},{"not_picked":["Stack","Lockon"],"picked":"Reinforced Body","floor":21},{"not_picked":["Scrape","Streamline","Aggregate"],"picked":"SKIP","floor":22}],"player_experience":1886573,"relics_obtained":[{"floor":6,"key":"Bronze Scales"},{"floor":9,"key":"Frozen Egg 2"},{"floor":12,"key":"Peace Pipe"},{"floor":14,"key":"Odd Mushroom"}],"event_choices":[{"damage_healed":0,"gold_gain":0,"player_choice":"Leave","damage_taken":0,"max_hp_gain":0,"max_hp_loss":0,"event_name":"The Cleric","floor":3,"gold_loss":0},{"damage_healed":0,"gold_gain":0,"cards_transformed":["Strike_B"],"player_choice":"Transformed","damage_taken":0,"max_hp_gain":0,"max_hp_loss":0,"event_name":"Transmorgrifier","floor":5,"gold_loss":0,"cards_obtained":["Rip and Tear"]},{"damage_healed":0,"gold_gain":0,"player_choice":"Ignored","damage_taken":0,"max_hp_gain":0,"max_hp_loss":0,"event_name":"Liars Game","floor":11,"gold_loss":0},{"damage_healed":0,"gold_gain":0,"player_choice":"Fought Mushrooms","damage_taken":0,"max_hp_gain":0,"max_hp_loss":0,"event_name":"Mushrooms","floor":14,"gold_loss":0},{"damage_healed":0,"gold_gain":180,"player_choice":"GOLD GOLD ","damage_taken":21,"max_hp_gain":0,"max_hp_loss":0,"event_name":"Knowing Skull","floor":20,"potions_obtained":[],"gold_loss":0,"cards_obtained":[]}],"is_beta":false,"boss_relics":[{"not_picked":["Snecko Eye","Ectoplasm"],"picked":"Lizard Tail"}],"items_purged_floors":[2,19],"is_endless":false,"potions_floor_spawned":[4,6,14,16],"killed_by":"Gremlin Leader","ascension_level":8}