{"gold_per_floor":[19,19,29,129,9,9,22,22,74,74,88,111,111,130,130,130],"floor_reached":16,"playtime":1198,"items_purged":["Strike_R"],"score":108,"play_id":"c3ff0951-105a-48b6-bae2-4dbc007561ab","local_time":"20190123223208","is_ascension_mode":true,"campfire_choices":[{"data":"Sadistic Nature","floor":6,"key":"SMITH"},{"data":"Thinking Ahead","floor":8,"key":"SMITH"},{"data":"Battle Trance","floor":10,"key":"SMITH"},{"floor":15,"key":"REST"}],"neow_cost":"NO_GOLD","seed_source_timestamp":1187724497445650,"circlet_count":0,"master_deck":["Strike_R","Strike_R","Strike_R","Strike_R","Defend_R","Defend_R","Defend_R","Defend_R","Bash","Sadistic Nature+1","Thinking Ahead+1","Battle Trance+1","Shrug It Off","Shrug It Off","Entrench"],"relics":["Burning Blood","Vajra","Odd Mushroom","Magic Flower"],"potions_floor_usage":[16,16,16],"damage_taken":[{"damage":1,"enemies":"Cultist","floor":1,"turns":4},{"damage":2,"enemies":"Jaw Worm","floor":3,"turns":3},{"damage":0,"enemies":"2 Louse","floor":7,"turns":4},{"damage":12,"enemies":"Large Slime","floor":11,"turns":12},{"damage":41,"enemies":"The Mushroom Lair","floor":12,"turns":9},{"damage":0,"enemies":"2 Fungi Beasts","floor":14,"turns":6},{"damage":71,"enemies":"Hexaghost","floor":16,"turns":16}],"seed_played":"-5985977114419743324","potions_obtained":[{"floor":7,"key":"Dexterity Potion"},{"floor":12,"key":"Fire Potion"},{"floor":14,"key":"Poison Potion"}],"is_trial":false,"path_per_floor":["M","$","M","?","$","R","M","R","T","R","M","?","?","M","R","B"],"character_chosen":"IRONCLAD","items_purchased":["Shrug It Off"],"campfire_rested":1,"item_purchase_floors":[5],"current_hp_per_floor":[80,80,80,80,80,80,80,80,80,80,74,39,32,41,65,0],"gold":130,"neow_bonus":"RANDOM_COLORLESS_2","is_prod":false,"is_daily":false,"chose_seed":false,"campfire_upgraded":3,"win_rate":0,"timestamp":1548304328,"path_taken":["M","$","?","?","$","R","M","R","T","R","?","?","?","M","R","BOSS"],"build_version":"2019-01-23","purchased_purges":1,"victory":false,"max_hp_per_floor":[80,80,80,80,80,80,80,80,80,80,80,80,80,80,80,80],"card_choices":[{"not_picked":["Disarm","Anger"],"picked":"Battle Trance","floor":1},{"not_picked":["Perfected Strike","Power Through","Warcry"],"picked":"SKIP","floor":3},{"not_picked":["Pommel Strike","Iron Wave"],"picked":"Shrug It Off","floor":7},{"not_picked":["Evolve","Armaments"],"picked":"Entrench","floor":11},{"not_picked":["Warcry","Armaments","Sever Soul"],"picked":"SKIP","floor":14}],"player_experience":1139459,"relics_obtained":[{"floor":9,"key":"Vajra"},{"floor":12,"key":"Odd Mushroom"}],"event_choices":[{"damage_healed":0,"gold_gain":100,"player_choice":"Pray","damage_taken":0,"max_hp_gain":0,"max_hp_loss":0,"event_name":"Golden Shrine","floor":4,"gold_loss":0},{"damage_healed":0,"gold_gain":0,"player_choice":"Fought Mushrooms","damage_taken":0,"max_hp_gain":0,"max_hp_loss":0,"event_name":"Mushrooms","floor":12,"gold_loss":0},{"damage_healed":0,"gold_gain":0,"player_choice":"Success","damage_taken":7,"relics_obtained":["Magic Flower"],"max_hp_gain":0,"max_hp_loss":0,"event_name":"Scrap Ooze","floor":13,"gold_loss":0}],"is_beta":false,"boss_relics":[],"items_purged_floors":[5],"is_endless":false,"potions_floor_spawned":[7,12,14],"killed_by":"Hexaghost","ascension_level":4}