{"gold_per_floor":[119,419,433,433,608,608,608,646,646,661,12,12,12,28,28,152,152,177,177,197,197,233,233,267,267,267,98,123,88,88,106,106,236,236,249,61,84,149,169,169,208,52,99,123,123,54,54,68,68,68],"floor_reached":51,"playtime":3989,"items_purged":["Injury","Pain"],"score":716,"play_id":"ab754efc-8b95-44fe-99c4-f62c67bf0d50","local_time":"20190829222952","is_ascension_mode":false,"campfire_choices":[{"data":"Neutralize","floor":6,"key":"SMITH"},{"floor":13,"key":"REST"},{"data":"1","floor":15,"key":"LIFT"},{"floor":23,"key":"REST"},{"floor":25,"key":"REST"},{"floor":32,"key":"REST"},{"floor":40,"key":"REST"},{"data":"2","floor":49,"key":"LIFT"}],"neow_cost":"NONE","seed_source_timestamp":1106080616804400,"circlet_count":0,"master_deck":["Strike_G","Strike_G","Strike_G+1","Strike_G","Defend_G","Defend_G","Defend_G","Defend_G","Defend_G","Survivor","Neutralize+1","Underhanded Strike+1","Dagger Throw","Cloak And Dagger","Dodge and Roll","Panache","Accuracy","Acrobatics","Outmaneuver","Storm of Steel","Predator+1","Cloak And Dagger","Blade Dance+1","Dodge and Roll","Prepared+1","Bullet Time","Accuracy+1","Infinite Blades+1","Infinite Blades+1","After Image+1","Sucker Punch+1","Deflect","Flying Knee+1","Eviscerate+1","Finisher+1","Choke+1","Leg Sweep","Accuracy+1","Cloak And Dagger","Storm of Steel","Parasite","Infinite Blades+1","Madness","Madness","Underhanded Strike+1"],"relics":["Sozu","Old Coin","Golden Idol","Girya","Paper Crane","Shuriken","WarpedTongs","Black Star","MutagenicStrength","Red Mask","Regal Pillow","Frozen Egg 2","Molten Egg 2","Nilry\u0027s Codex","Orrery","Whetstone","Nunchaku","Pantograph","Pear","Lantern","Anchor"],"potions_floor_usage":[],"damage_taken":[{"damage":0,"enemies":"Cultist","floor":1,"turns":4},{"damage":3,"enemies":"Jaw Worm","floor":3,"turns":3},{"damage":38,"enemies":"Gremlin Nob","floor":8,"turns":5},{"damage":0,"enemies":"2 Louse","floor":10,"turns":3},{"damage":4,"enemies":"Large Slime","floor":14,"turns":6},{"damage":6,"enemies":"Hexaghost","floor":16,"turns":9},{"damage":31,"enemies":"2 Thieves","floor":18,"turns":4},{"damage":0,"enemies":"Spheric Guardian","floor":20,"turns":3},{"damage":28,"enemies":"Masked Bandits","floor":22,"turns":4},{"damage":26,"enemies":"Slavers","floor":24,"turns":6},{"damage":12,"enemies":"Snake Plant","floor":28,"turns":3},{"damage":0,"enemies":"Cultist and Chosen","floor":31,"turns":4},{"damage":33,"enemies":"Champ","floor":33,"turns":7},{"damage":0,"enemies":"Orb Walker","floor":35,"turns":3},{"damage":10,"enemies":"3 Shapes","floor":37,"turns":4},{"damage":25,"enemies":"2 Orb Walkers","floor":38,"turns":6},{"damage":7,"enemies":"Sphere and 2 Shapes","floor":39,"turns":4},{"damage":11,"enemies":"Nemesis","floor":41,"turns":7},{"damage":0,"enemies":"Writhing Mass","floor":44,"turns":5},{"damage":10,"enemies":"Jaw Worm Horde","floor":48,"turns":4},{"damage":30,"enemies":"Time Eater","floor":50,"turns":8}],"seed_played":"1448696293267114681","potions_obtained":[],"is_trial":false,"path_per_floor":["M","?","M","?","?","R","?","E","T","M","$","?","R","M","R","B",null,"M","?","M","?","?","R","E","R","T","$","M","$","?","M","R","B",null,"M","$","M","?","M","R","E","$","T","M","?","$","?","M","R","B",null],"character_chosen":"THE_SILENT","items_purchased":["Panache","Shuriken","Accuracy","Acrobatics","Bullet Time","Infinite Blades+1","Whetstone","Leg Sweep","Lantern","Infinite Blades+1"],"campfire_rested":5,"item_purchase_floors":[11,11,11,11,27,29,36,36,42,46],"current_hp_per_floor":[70,58,55,55,55,55,48,10,10,10,10,10,31,27,27,21,70,39,39,39,39,11,32,6,42,42,42,30,30,14,14,50,17,70,70,70,60,35,28,64,63,63,63,63,63,63,53,43,43,38],"gold":68,"neow_bonus":"BOSS_RELIC","is_prod":false,"is_daily":false,"chose_seed":false,"campfire_upgraded":1,"win_rate":0,"timestamp":1567132192,"path_taken":["M","?","M","?","?","R","?","E","T","M","$","?","R","?","R","BOSS","M","?","?","?","?","R","E","R","T","$","M","?","?","?","R","BOSS","M","$","M","?","M","R","E","$","T","M","?","$","?","M","R","BOSS"],"build_version":"2019-07-17","purchased_purges":2,"victory":true,"max_hp_per_floor":[70,70,70,70,70,70,70,70,70,70,70,70,70,70,70,70,70,70,70,70,70,70,70,70,70,70,70,70,70,70,70,70,70,70,70,70,70,70,70,70,80,80,80,80,80,80,80,80,80,80],"card_choices":[{"not_picked":["Expertise","Flying Knee"],"picked":"Underhanded Strike","floor":1},{"not_picked":["Backflip","Slice"],"picked":"Dagger Throw","floor":3},{"not_picked":["Bane","Predator"],"picked":"Cloak And Dagger","floor":8},{"not_picked":["Dagger Throw","Flying Knee"],"picked":"Dodge and Roll","floor":10},{"not_picked":["Dagger Throw","Acrobatics"],"picked":"Outmaneuver","floor":14},{"not_picked":["Venomology","Tools of the Trade"],"picked":"Storm of Steel","floor":16},{"not_picked":["Quick Slash","Dodge and Roll+1"],"picked":"Predator+1","floor":18},{"not_picked":["Well Laid Plans","Skewer"],"picked":"Blade Dance+1","floor":20},{"not_picked":["Poisoned Stab","Wraith Form v2"],"picked":"Dodge and Roll","floor":22},{"not_picked":["Escape Plan+1","Dagger Throw"],"picked":"Prepared+1","floor":24},{"not_picked":["Bane+1","Acrobatics"],"picked":"Accuracy+1","floor":28},{"not_picked":["Outmaneuver","A Thousand Cuts+1"],"picked":"Infinite Blades+1","floor":31},{"not_picked":["A Thousand Cuts+1","Bullet Time"],"picked":"After Image+1","floor":33},{"not_picked":["Expertise","Acrobatics"],"picked":"Sucker Punch+1","floor":34},{"not_picked":["Predator+1","Dagger Spray+1"],"picked":"Deflect","floor":34},{"not_picked":["Poisoned Stab+1","Noxious Fumes+1"],"picked":"Flying Knee+1","floor":34},{"not_picked":["Leg Sweep+1","Reflex"],"picked":"Eviscerate+1","floor":34},{"not_picked":["Dagger Throw+1","Bouncing Flask+1"],"picked":"Finisher+1","floor":34},{"not_picked":["Outmaneuver","Infinite Blades+1"],"picked":"Choke+1","floor":35},{"not_picked":["Noxious Fumes+1","Flying Knee+1"],"picked":"Accuracy+1","floor":37},{"not_picked":["Bane+1","Underhanded Strike+1"],"picked":"Cloak And Dagger","floor":39},{"not_picked":["Calculated Gamble+1","Distraction"],"picked":"Storm of Steel","floor":41},{"not_picked":["Outmaneuver","Dagger Throw+1","Flying Knee+1"],"picked":"SKIP","floor":44},{"not_picked":["Deadly Poison+1","Dodge and Roll"],"picked":"Underhanded Strike+1","floor":48}],"player_experience":73060,"relics_obtained":[{"floor":8,"key":"Girya"},{"floor":9,"key":"Paper Crane"},{"floor":22,"key":"Red Mask"},{"floor":24,"key":"Regal Pillow"},{"floor":24,"key":"Frozen Egg 2"},{"floor":26,"key":"Molten Egg 2"},{"floor":30,"key":"Nilry\u0027s Codex"},{"floor":38,"key":"Nunchaku"},{"floor":41,"key":"Pantograph"},{"floor":41,"key":"Pear"},{"floor":43,"key":"Anchor"}],"event_choices":[{"damage_healed":0,"gold_gain":0,"player_choice":"Success","damage_taken":12,"relics_obtained":["Old Coin"],"max_hp_gain":0,"max_hp_loss":0,"event_name":"Scrap Ooze","floor":2,"gold_loss":0},{"damage_healed":0,"gold_gain":0,"player_choice":"Take Wound","damage_taken":0,"relics_obtained":["Golden Idol"],"max_hp_gain":0,"max_hp_loss":0,"event_name":"Golden Idol","floor":4,"gold_loss":0,"cards_obtained":["Injury"]},{"damage_healed":0,"gold_gain":175,"player_choice":"AGREE","damage_taken":0,"max_hp_gain":0,"max_hp_loss":0,"event_name":"Liars Game","floor":5,"gold_loss":0,"cards_obtained":["Doubt"]},{"cards_removed":["Doubt"],"damage_healed":0,"gold_gain":0,"player_choice":"Card Removal","damage_taken":7,"max_hp_gain":0,"max_hp_loss":0,"event_name":"Golden Wing","floor":7,"gold_loss":0},{"damage_healed":0,"gold_gain":0,"player_choice":"Rummage","damage_taken":0,"relics_obtained":["WarpedTongs"],"max_hp_gain":0,"max_hp_loss":0,"event_name":"Accursed Blacksmith","floor":12,"gold_loss":0,"cards_obtained":["Pain"]},{"damage_healed":0,"gold_gain":0,"player_choice":"Copied","damage_taken":0,"max_hp_gain":0,"max_hp_loss":0,"event_name":"Duplicator","floor":19,"gold_loss":0,"cards_obtained":["Cloak And Dagger"]},{"damage_healed":0,"gold_gain":0,"player_choice":"Inject Mutagens","damage_taken":0,"relics_obtained":["MutagenicStrength"],"max_hp_gain":0,"max_hp_loss":0,"event_name":"Drug Dealer","floor":21,"gold_loss":0},{"damage_healed":0,"gold_gain":0,"player_choice":"Fought Bandits","damage_taken":0,"max_hp_gain":0,"max_hp_loss":0,"event_name":"Masked Bandits","floor":22,"gold_loss":0},{"damage_healed":0,"gold_gain":0,"player_choice":"Obtained Book","damage_taken":16,"max_hp_gain":0,"max_hp_loss":0,"event_name":"Cursed Tome","floor":30,"gold_loss":0},{"damage_healed":0,"gold_gain":0,"player_choice":"Fight","damage_taken":0,"max_hp_gain":0,"max_hp_loss":0,"event_name":"Mysterious Sphere","floor":38,"gold_loss":0},{"cards_removed":["Strike_G"],"damage_healed":0,"gold_gain":0,"player_choice":"Removed Attack","damage_taken":0,"max_hp_gain":0,"max_hp_loss":0,"event_name":"Falling","floor":45,"gold_loss":0},{"damage_healed":0,"gold_gain":0,"player_choice":"Embrace Madness","damage_taken":10,"max_hp_gain":0,"max_hp_loss":0,"event_name":"Winding Halls","floor":47,"gold_loss":0,"cards_obtained":["Madness","Madness"]}],"is_beta":false,"boss_relics":[{"not_picked":["HoveringKite","Philosopher\u0027s Stone"],"picked":"Black Star"},{"not_picked":["Coffee Dripper","Cursed Key"],"picked":"Orrery"}],"items_purged_floors":[11,27],"is_endless":false,"potions_floor_spawned":[1,14,18,22,37,39,41,48],"ascension_level":0}