{"gold_per_floor":[116,116,116,5,5,5,21,35,59,75,92,16,31,43,43,142,142,159,159,5,5,22,22,36,36,36,48,48,65,65],"floor_reached":30,"playtime":1729,"items_purged":["Dualcast","Strike_B"],"score":302,"play_id":"3778053f-3c97-4b22-9a95-cb7651e5490a","local_time":"20190306215322","is_ascension_mode":true,"campfire_choices":[{"floor":6,"key":"REST"},{"floor":15,"key":"REST"},{"floor":23,"key":"REST"},{"floor":25,"key":"REST"},{"floor":28,"key":"REST"}],"neow_cost":"NONE","seed_source_timestamp":286476138813481,"circlet_count":0,"master_deck":["Strike_B","Strike_B","Strike_B","Defend_B","Defend_B+1","Defend_B","Defend_B","Zap+1","Coolheaded","FTL","Chill","Cold Snap","Coolheaded","Seek","Cold Snap","Pain","Reinforced Body","Loop+1"],"relics":["Cracked Core","Bag of Preparation","Ginger","Bag of Marbles","Eternal Feather","WarpedTongs","Singing Bowl"],"potions_floor_usage":[16,16],"damage_taken":[{"damage":23,"enemies":"Small Slimes","floor":1,"turns":6},{"damage":0,"enemies":"Jaw Worm","floor":7,"turns":3},{"damage":0,"enemies":"2 Louse","floor":8,"turns":2},{"damage":0,"enemies":"Looter","floor":10,"turns":3},{"damage":5,"enemies":"Exordium Wildlife","floor":11,"turns":5},{"damage":0,"enemies":"Exordium Thugs","floor":13,"turns":3},{"damage":0,"enemies":"3 Louse","floor":14,"turns":2},{"damage":33,"enemies":"Slime Boss","floor":16,"turns":13},{"damage":15,"enemies":"Shell Parasite","floor":18,"turns":14},{"damage":15,"enemies":"Colosseum Slavers","floor":19,"turns":9},{"damage":30,"enemies":"2 Thieves","floor":22,"turns":5},{"damage":14,"enemies":"Centurion and Healer","floor":24,"turns":11},{"damage":33,"enemies":"Shelled Parasite and Fungi","floor":27,"turns":7},{"damage":26,"enemies":"Snake Plant","floor":29,"turns":5},{"damage":22,"enemies":"Book of Stabbing","floor":30,"turns":2}],"seed_played":"-3788850462114792395","potions_obtained":[{"floor":7,"key":"Poison Potion"},{"floor":13,"key":"AttackPotion"},{"floor":22,"key":"Poison Potion"},{"floor":27,"key":"Explosive Potion"}],"is_trial":false,"path_per_floor":["M","?","?","$","?","R","M","M","T","M","M","$","M","M","R","B",null,"M","?","$","?","M","R","M","R","T","M","R","M","E"],"character_chosen":"DEFECT","items_purchased":["FTL","Cold Snap","Coolheaded","Cold Snap"],"campfire_rested":5,"item_purchase_floors":[4,12,12,20],"current_hp_per_floor":[45,30,30,30,12,34,34,34,34,34,29,29,29,29,51,18,61,46,31,31,31,1,32,18,49,49,16,47,21,0],"gold":65,"neow_bonus":"RANDOM_COMMON_RELIC","is_prod":false,"is_daily":false,"chose_seed":false,"campfire_upgraded":0,"win_rate":0,"timestamp":1551930802,"path_taken":["M","?","?","?","?","R","M","M","T","M","M","?","M","?","R","BOSS","M","?","?","?","?","R","M","R","T","M","R","M","E"],"build_version":"2019-01-23","purchased_purges":2,"victory":false,"max_hp_per_floor":[75,75,75,75,75,75,75,75,75,75,75,75,75,75,75,75,75,75,75,75,75,75,75,75,75,75,75,75,75,75],"card_choices":[{"not_picked":["Go for the Eyes","Leap"],"picked":"Coolheaded","floor":1},{"not_picked":["Gash","Sweeping Beam","Steam"],"picked":"SKIP","floor":7},{"not_picked":["Coolheaded","Cold Snap"],"picked":"Chill","floor":8},{"not_picked":["Stack","Leap","All For One"],"picked":"SKIP","floor":10},{"not_picked":["Redo","Ball Lightning","Rebound"],"picked":"SKIP","floor":11},{"not_picked":["Gash","Rebound","Rip and Tear"],"picked":"SKIP","floor":13},{"not_picked":["Go for the Eyes","Turbo","Barrage"],"picked":"SKIP","floor":14},{"not_picked":["Fission","Thunder Strike"],"picked":"Seek","floor":16},{"not_picked":["Leap+1","Compile Driver+1","Barrage"],"picked":"SKIP","floor":18},{"not_picked":["Force Field","Steam","Meteor Strike"],"picked":"SKIP","floor":22},{"not_picked":["Barrage","Rip and Tear","Streamline"],"picked":"SKIP","floor":24},{"not_picked":["Barrage+1","Storm"],"picked":"Reinforced Body","floor":27},{"not_picked":["Redo+1","Chill"],"picked":"Loop+1","floor":29}],"player_experience":1591763,"relics_obtained":[{"floor":9,"key":"Bag of Marbles"},{"floor":26,"key":"Singing Bowl"}],"event_choices":[{"damage_healed":0,"gold_gain":0,"player_choice":"Entered Light","damage_taken":15,"max_hp_gain":0,"max_hp_loss":0,"event_name":"Shining Light","floor":2,"gold_loss":0,"cards_upgraded":["Zap","Defend_B"]},{"damage_healed":0,"gold_gain":0,"player_choice":"Ignored","damage_taken":0,"max_hp_gain":0,"max_hp_loss":0,"event_name":"Liars Game","floor":3,"gold_loss":0},{"damage_healed":0,"gold_gain":0,"player_choice":"Success","damage_taken":18,"relics_obtained":["Ginger"],"max_hp_gain":0,"max_hp_loss":0,"event_name":"Scrap Ooze","floor":5,"gold_loss":0},{"damage_healed":0,"gold_gain":0,"player_choice":"Fight","damage_taken":0,"max_hp_gain":0,"max_hp_loss":0,"event_name":"Colosseum","floor":19,"gold_loss":0},{"damage_healed":0,"gold_gain":0,"player_choice":"Fled From Nobs","damage_taken":0,"max_hp_gain":0,"max_hp_loss":0,"event_name":"Colosseum","floor":19,"gold_loss":0},{"damage_healed":0,"gold_gain":0,"player_choice":"Rummage","damage_taken":0,"relics_obtained":["WarpedTongs"],"max_hp_gain":0,"max_hp_loss":0,"event_name":"Accursed Blacksmith","floor":21,"gold_loss":0,"cards_obtained":["Pain"]}],"is_beta":false,"boss_relics":[{"not_picked":["Philosopher\u0027s Stone","Ectoplasm"],"picked":"Eternal Feather"}],"items_purged_floors":[4,20],"is_endless":false,"potions_floor_spawned":[7,13,22,27],"killed_by":"Book of Stabbing","ascension_level":7}