{"gold_per_floor":[119,119,131,147,147,147,147,147,147,171,185,110,110,110,110,236,299,322,322,322,341,364,364,364,384,384,384,384,409,453,474,474,600,600,613,677,692,692,708,708],"floor_reached":40,"playtime":2440,"items_purged":["Pummel"],"score":451,"play_id":"b004035c-e652-4ccd-8f5b-55212ce9b610","local_time":"20190828152131","is_ascension_mode":false,"campfire_choices":[{"data":"Pommel Strike","floor":6.0,"key":"SMITH"},{"data":"Perfected Strike","floor":13.0,"key":"SMITH"},{"floor":15.0,"key":"REST"},{"floor":23.0,"key":"REST"},{"floor":28.0,"key":"REST"},{"floor":32.0,"key":"REST"}],"neow_cost":"NONE","seed_source_timestamp":0,"circlet_count":0,"master_deck":["Strike_R+1","Strike_R","Strike_R","Strike_R","Defend_R","Defend_R","Bash","Impervious+1","Pommel Strike+1","Carnage","Perfected Strike+1","Clash+1","Perfected Strike","Feed","Pommel Strike","Necronomicurse","Armaments","Carnage","Perfected Strike","Seeing Red+1","Pommel Strike","Reaper","Perfected Strike","Flex+1","Warcry+1","Perfected Strike+1"],"special_seed":0,"relics":["Burning Blood","Golden Idol","Question Card","Tiny House","Necronomicon","Juzu Bracelet","FaceOfCleric","Bag of Marbles","Red Mask","Black Star","Calipers"],"potions_floor_usage":[],"damage_taken":[{"damage":2.0,"enemies":"2 Louse","floor":1.0,"turns":3.0},{"damage":5.0,"enemies":"Cultist","floor":3.0,"turns":4.0},{"damage":0.0,"enemies":"Small Slimes","floor":4.0,"turns":3.0},{"damage":12.0,"enemies":"Exordium Thugs","floor":10.0,"turns":5.0},{"damage":12.0,"enemies":"3 Louse","floor":11.0,"turns":3.0},{"damage":51.0,"enemies":"Hexaghost","floor":16.0,"turns":10.0},{"damage":64.0,"enemies":"3 Byrds","floor":18.0,"turns":6.0},{"damage":5.0,"enemies":"Spheric Guardian","floor":21.0,"turns":3.0},{"damage":10.0,"enemies":"Chosen and Byrds","floor":25.0,"turns":5.0},{"damage":0.0,"enemies":"Snecko","floor":29.0,"turns":2.0},{"damage":10.0,"enemies":"Masked Bandits","floor":30.0,"turns":3.0},{"damage":12.0,"enemies":"Shelled Parasite and Fungi","floor":31.0,"turns":2.0},{"damage":40.0,"enemies":"Automaton","floor":33.0,"turns":6.0},{"damage":2,"enemies":"Orb Walker","floor":35,"turns":2},{"damage":30,"enemies":"2 Orb Walkers","floor":36,"turns":3},{"damage":38,"enemies":"3 Darklings","floor":37,"turns":5},{"damage":0,"enemies":"Transient","floor":39,"turns":5},{"damage":66,"enemies":"Reptomancer","floor":40,"turns":2}],"seed_played":"7966042347557233124","potions_obtained":[{"floor":3.0,"key":"GamblersBrew"},{"floor":4.0,"key":"SkillPotion"},{"floor":10.0,"key":"Poison Potion"},{"floor":16.0,"key":"Dexterity Potion"},{"floor":17.0,"key":"Ancient Potion"},{"floor":21.0,"key":"Block Potion"},{"floor":29.0,"key":"Weak Potion"},{"floor":37,"key":"EssenceOfSteel"}],"is_trial":false,"path_per_floor":["M","?","M","M","?","R","?","?","T","M","M","$","R","?","R","B",null,"M","?","?","M","T","R","?","M","T","?","R","M","?","M","R","B",null,"M","?","M","?","M","E"],"character_chosen":"IRONCLAD","items_purchased":[],"campfire_rested":4,"item_purchase_floors":[],"current_hp_per_floor":[80,80,80,80,80,80,60,60,60,54,48,48,48,32,56,11,85,27,11,11,12,12,37,37,37,37,37,63,70,67,62,89,56,93,94,71,48,48,55,0],"gold":708,"neow_bonus":"TRANSFORM_CARD","is_prod":false,"is_daily":false,"chose_seed":false,"campfire_upgraded":2,"win_rate":0.0,"timestamp":1566998491,"path_taken":["M","?","?","M","?","R","?","?","T","?","M","$","R","?","R","BOSS","M","?","?","M","?","R","?","M","T","?","R","M","?","M","R","BOSS","M","?","M","?","M","E"],"build_version":"2019-07-17","purchased_purges":1,"victory":false,"max_hp_per_floor":[80,80,80,80,80,80,80,80,80,80,80,80,80,80,80,80,85,85,85,85,85,85,85,85,89,89,89,89,90,91,92,92,93,93,94,95,96,96,97,97],"card_choices":[{"not_picked":["True Grit","Sword Boomerang"],"picked":"Pommel Strike","floor":1.0},{"not_picked":["True Grit","Shockwave"],"picked":"Carnage","floor":3.0},{"not_picked":["Pommel Strike","Armaments"],"picked":"Perfected Strike","floor":4.0},{"not_picked":["Clothesline","Flame Barrier","Anger"],"picked":"Clash","floor":10.0},{"not_picked":["Iron Wave","Sword Boomerang","Body Slam"],"picked":"Perfected Strike","floor":11.0},{"not_picked":["Brutality","Juggernaut","Berserk"],"picked":"Feed","floor":16.0},{"not_picked":["Headbutt","Flame Barrier","Thunderclap"],"picked":"Infernal Blade","floor":17.0},{"not_picked":["Dual Wield+1","Clash+1","Sever Soul"],"picked":"Pommel Strike","floor":18.0},{"not_picked":["True Grit","Sword Boomerang+1","Clothesline"],"picked":"Armaments","floor":21.0},{"not_picked":["Rupture+1","Reckless Charge","Demon Form"],"picked":"Carnage","floor":25.0},{"not_picked":["Seeing Red","Cleave","True Grit"],"picked":"Perfected Strike","floor":29.0},{"not_picked":["Rupture","Sever Soul","Headbutt"],"picked":"Seeing Red+1","floor":30.0},{"not_picked":["Feel No Pain","Body Slam+1","Pummel+1"],"picked":"Pommel Strike","floor":31.0},{"not_picked":["Bludgeon","Dark Embrace","Impervious"],"picked":"Reaper","floor":33.0},{"not_picked":["Carnage","Flex+1","True Grit"],"picked":"Perfected Strike","floor":35},{"not_picked":["Flame Barrier","True Grit+1","Combust+1"],"picked":"Flex+1","floor":36},{"not_picked":["Disarm+1","Twin Strike","Armaments"],"picked":"Warcry+1","floor":37},{"not_picked":["Armaments+1","Anger+1","Inflame"],"picked":"Perfected Strike+1","floor":39}],"player_experience":8538,"relics_obtained":[{"floor":9.0,"key":"Question Card"},{"floor":19.0,"key":"Necronomicon"},{"floor":22.0,"key":"Juzu Bracelet"},{"floor":26.0,"key":"Bag of Marbles"},{"floor":30.0,"key":"Red Mask"},{"floor":36,"key":"Calipers"}],"event_choices":[{"damage_healed":0.0,"max_hp_gain":0.0,"max_hp_loss":0.0,"gold_gain":0.0,"cards_transformed":["Strike_R"],"event_name":"Transmorgrifier","player_choice":"Transformed","floor":2.0,"gold_loss":0.0,"damage_taken":0.0,"cards_obtained":["Pummel"]},{"damage_healed":0.0,"max_hp_gain":0.0,"max_hp_loss":0.0,"gold_gain":0.0,"event_name":"Liars Game","player_choice":"Ignored","floor":5.0,"gold_loss":0.0,"damage_taken":0.0},{"damage_healed":0.0,"max_hp_gain":0.0,"max_hp_loss":0.0,"gold_gain":0.0,"event_name":"Golden Idol","player_choice":"Take Damage","floor":7.0,"gold_loss":0.0,"damage_taken":20.0,"relics_obtained":["Golden Idol"]},{"cards_removed":["Defend_R"],"damage_healed":0.0,"max_hp_gain":0.0,"max_hp_loss":0.0,"gold_gain":0.0,"event_name":"Bonfire Elementals","player_choice":"Offered Basic","floor":8.0,"gold_loss":0.0,"damage_taken":0.0},{"damage_healed":0.0,"max_hp_gain":0.0,"max_hp_loss":0.0,"gold_gain":0.0,"event_name":"Shining Light","player_choice":"Entered Light","floor":14.0,"gold_loss":0.0,"damage_taken":16.0,"cards_upgraded":["Impervious","Clash"]},{"damage_healed":0.0,"max_hp_gain":0.0,"max_hp_loss":0.0,"gold_gain":0.0,"event_name":"Cursed Tome","player_choice":"Obtained Book","floor":19.0,"gold_loss":0.0,"damage_taken":16.0},{"damage_healed":0.0,"max_hp_gain":0.0,"max_hp_loss":0.0,"gold_gain":0.0,"event_name":"The Mausoleum","player_choice":"Ignored","floor":20.0,"gold_loss":0.0,"damage_taken":0.0},{"damage_healed":0.0,"max_hp_gain":0.0,"max_hp_loss":0.0,"gold_gain":0.0,"event_name":"FaceTrader","player_choice":"Trade","floor":24.0,"gold_loss":0.0,"damage_taken":0.0,"relics_obtained":["FaceOfCleric"]},{"cards_removed":["Infernal Blade"],"damage_healed":0.0,"max_hp_gain":0.0,"max_hp_loss":0.0,"gold_gain":0.0,"event_name":"Back to Basics","player_choice":"Elegance","floor":27.0,"gold_loss":0.0,"damage_taken":0.0},{"damage_healed":0.0,"max_hp_gain":0.0,"max_hp_loss":0.0,"gold_gain":0.0,"event_name":"Masked Bandits","player_choice":"Fought Bandits","floor":30.0,"gold_loss":0.0,"damage_taken":0.0},{"damage_healed":0,"gold_gain":0,"player_choice":"Fight","damage_taken":0,"max_hp_gain":0,"max_hp_loss":0,"event_name":"Mysterious Sphere","floor":36,"gold_loss":0},{"damage_healed":0,"gold_gain":0,"player_choice":"Ignored","damage_taken":0,"max_hp_gain":0,"max_hp_loss":0,"event_name":"The Moai Head","floor":38,"gold_loss":0}],"is_beta":false,"boss_relics":[{"not_picked":["Busted Crown","Eternal Feather"],"picked":"Tiny House"},{"not_picked":["Cursed Key","Sozu"],"picked":"Black Star"}],"items_purged_floors":[12],"is_endless":false,"potions_floor_spawned":[3,4,10,16,21,29,37],"killed_by":"Reptomancer","ascension_level":0}