{"gold_per_floor":[116,116,116,116,126,126,51,84,138,172,72,72,72],"floor_reached":13,"playtime":615,"items_purged":["Strike_R","Strike_R"],"score":93,"play_id":"a0c4bb1b-f41d-446b-a021-54016d34b21d","local_time":"20181104210218","is_ascension_mode":true,"campfire_choices":[{"data":"Fire Breathing","floor":6,"key":"SMITH"}],"neow_cost":"NONE","seed_source_timestamp":2237866915654048,"circlet_count":0,"master_deck":["Strike_R","Strike_R","Strike_R","Defend_R","Defend_R","Defend_R","Defend_R","Fire Breathing+1","Demon Form"],"relics":["Busted Crown","Kunai","Omamori","Ice Cream","Matryoshka"],"potions_floor_usage":[],"damage_taken":[{"damage":5,"enemies":"Small Slimes","floor":1,"turns":3},{"damage":1,"enemies":"2 Louse","floor":5,"turns":4},{"damage":51,"enemies":"Gremlin Nob","floor":8,"turns":6},{"damage":21,"enemies":"3 Sentries","floor":10,"turns":10},{"damage":13,"enemies":"The Mushroom Lair","floor":13,"turns":2}],"seed_played":"643528938658394150","potions_obtained":[{"floor":1,"key":"SpeedPotion"}],"is_trial":false,"path_per_floor":["M","?","?","?","M","R","$","E","T","E","$","T","?"],"character_chosen":"IRONCLAD","items_purchased":[],"campfire_rested":0,"item_purchase_floors":[],"current_hp_per_floor":[75,75,75,80,79,79,79,28,28,7,7,7,0],"gold":72,"neow_bonus":"BOSS_RELIC","is_prod":false,"is_daily":false,"chose_seed":false,"campfire_upgraded":1,"win_rate":0,"timestamp":1541386938,"path_taken":["M","?","?","?","M","R","$","E","T","E","?","?","?"],"build_version":"2018-11-01","purchased_purges":2,"victory":false,"max_hp_per_floor":[80,80,80,85,85,85,85,85,85,85,85,85,85],"card_choices":[{"not_picked":[],"picked":"Fire Breathing","floor":1},{"not_picked":["Clash"],"picked":"SKIP","floor":5},{"not_picked":["Limit Break"],"picked":"SKIP","floor":8},{"not_picked":[],"picked":"Demon Form","floor":10}],"player_experience":15976,"relics_obtained":[{"floor":8,"key":"Kunai"},{"floor":9,"key":"Omamori"},{"floor":10,"key":"Ice Cream"},{"floor":12,"key":"Matryoshka"}],"event_choices":[{"damage_healed":0,"gold_gain":0,"player_choice":"Ignored","damage_taken":0,"max_hp_gain":0,"max_hp_loss":0,"event_name":"Liars Game","floor":2,"gold_loss":0},{"cards_removed":["Bash"],"damage_healed":0,"gold_gain":0,"player_choice":"Forget","damage_taken":0,"max_hp_gain":0,"max_hp_loss":0,"event_name":"Living Wall","floor":3,"gold_loss":0},{"damage_healed":0,"gold_gain":0,"player_choice":"Donut","damage_taken":0,"max_hp_gain":5,"max_hp_loss":0,"event_name":"Big Fish","floor":4,"gold_loss":0},{"damage_healed":0,"gold_gain":0,"player_choice":"Fought Mushrooms","damage_taken":0,"max_hp_gain":0,"max_hp_loss":0,"event_name":"Mushrooms","floor":13,"gold_loss":0}],"is_beta":false,"boss_relics":[],"items_purged_floors":[7,11],"is_endless":false,"potions_floor_spawned":[1],"killed_by":"The Mushroom Lair","ascension_level":1}