{"gold_per_floor":[119,131,148,148,166,166,166,166,166,241,38,38,55,67,67,67],"floor_reached":16,"playtime":880,"items_purged":[],"score":138,"play_id":"5db513b4-0d25-4f7d-9240-982dd42f29a2","local_time":"20190716115553","is_ascension_mode":true,"campfire_choices":[{"floor":6,"key":"REST"},{"floor":8,"key":"RECALL"},{"floor":12,"key":"REST"},{"data":"Seeing Red","floor":15,"key":"SMITH"}],"neow_cost":"PERCENT_DAMAGE","seed_source_timestamp":386819860437287,"circlet_count":0,"master_deck":["AscendersBane","Strike_R","Strike_R","Strike_R","Strike_R","Defend_R","Defend_R","Defend_R","Defend_R","Bash","Seeing Red+1"],"relics":["Burning Blood","Bird Faced Urn","Pantograph","Question Card","Medical Kit"],"potions_floor_usage":[3,16],"damage_taken":[{"damage":1,"enemies":"Cultist","floor":1,"turns":3},{"damage":2,"enemies":"2 Louse","floor":2,"turns":4},{"damage":6,"enemies":"Jaw Worm","floor":3,"turns":8},{"damage":19,"enemies":"Blue Slaver","floor":5,"turns":6},{"damage":13,"enemies":"Exordium Wildlife","floor":13,"turns":5},{"damage":32,"enemies":"Exordium Thugs","floor":14,"turns":14},{"damage":73,"enemies":"Hexaghost","floor":16,"turns":14}],"seed_played":"5344587587932641087","potions_obtained":[{"floor":1,"key":"AttackPotion"},{"floor":5,"key":"Weak Potion"}],"is_trial":false,"path_per_floor":["M","M","M","?","M","R","?","R","T","?","$","R","M","M","R","B"],"character_chosen":"IRONCLAD","items_purchased":["Medical Kit"],"campfire_rested":2,"item_purchase_floors":[11],"current_hp_per_floor":[56,60,60,57,44,68,61,61,61,53,53,77,70,44,44,0],"gold":67,"neow_bonus":"ONE_RARE_RELIC","is_prod":false,"is_daily":false,"chose_seed":false,"campfire_upgraded":1,"win_rate":0,"timestamp":1563296153,"path_taken":["M","M","M","?","M","R","?","R","T","?","$","R","M","?","R","BOSS"],"build_version":"2019-07-05","purchased_purges":0,"victory":false,"max_hp_per_floor":[80,80,80,80,80,80,80,80,80,80,80,80,80,80,80,80],"card_choices":[{"not_picked":["Uppercut","Havoc","Perfected Strike"],"picked":"SKIP","floor":1},{"not_picked":["Sword Boomerang","Wild Strike","Iron Wave"],"picked":"SKIP","floor":2},{"not_picked":["Bludgeon","Heavy Blade"],"picked":"Seeing Red","floor":3},{"not_picked":["Flex","Cleave","Warcry"],"picked":"SKIP","floor":5},{"not_picked":["Rupture","Fire Breathing","Twin Strike","Wild Strike"],"picked":"SKIP","floor":13},{"not_picked":["Heavy Blade","Feel No Pain","Infernal Blade","Iron Wave"],"picked":"SKIP","floor":14}],"player_experience":2347946,"relics_obtained":[{"floor":9,"key":"Question Card"}],"event_choices":[{"damage_healed":0,"gold_gain":0,"player_choice":"Success","damage_taken":3,"relics_obtained":["Pantograph"],"max_hp_gain":0,"max_hp_loss":0,"event_name":"Scrap Ooze","floor":4,"gold_loss":0},{"cards_removed":["Strike_R"],"damage_healed":0,"gold_gain":0,"player_choice":"Card Removal","damage_taken":7,"max_hp_gain":0,"max_hp_loss":0,"event_name":"Golden Wing","floor":7,"gold_loss":0},{"damage_healed":0,"gold_gain":75,"player_choice":"Touch","damage_taken":8,"max_hp_gain":0,"max_hp_loss":0,"event_name":"FaceTrader","floor":10,"gold_loss":0}],"is_beta":false,"boss_relics":[],"items_purged_floors":[],"is_endless":false,"potions_floor_spawned":[1,5],"killed_by":"Hexaghost","ascension_level":10}