{"gold_per_floor":[116,116,131,131,149,149,174,174,174,188,188,204,229,70,70,189,189,204,175,100,100,0,0,99,118,142,142,157,175,175,198,198,198],"floor_reached":33,"playtime":1264,"items_purged":[],"score":241,"play_id":"bb79e60b-2795-4d88-8754-49b029765b96","local_time":"20190823224446","is_ascension_mode":false,"campfire_choices":[{"floor":8,"key":"REST"},{"data":"Deflect","floor":15,"key":"SMITH"},{"floor":23,"key":"REST"},{"floor":27,"key":"REST"},{"floor":30,"key":"REST"},{"floor":32,"key":"REST"}],"neow_cost":"NONE","seed_source_timestamp":128192560266890,"circlet_count":0,"master_deck":["Strike_G","Strike_G","Strike_G","Strike_G","Strike_G","Defend_G","Defend_G","Defend_G","Defend_G","Survivor","Neutralize","Trip+1","Dodge and Roll","Deadly Poison","Corpse Explosion","Injury","Noxious Fumes","Dagger Spray","Deflect+1","Footwork","Bullet Time","Venomology","Necronomicurse","Dagger Throw+1","Bouncing Flask+1"],"relics":["Ring of the Snake","Du-Vu Doll","Golden Idol","Ice Cream","Lizard Tail","Necronomicon","PreservedInsect"],"potions_floor_usage":[16,16,19,25,29],"damage_taken":[{"damage":1,"enemies":"Jaw Worm","floor":1,"turns":4},{"damage":0,"enemies":"Small Slimes","floor":3,"turns":3},{"damage":1,"enemies":"Cultist","floor":5,"turns":4},{"damage":0,"enemies":"Looter","floor":7,"turns":4},{"damage":4,"enemies":"2 Fungi Beasts","floor":10,"turns":3},{"damage":0,"enemies":"3 Louse","floor":12,"turns":1},{"damage":0,"enemies":"Blue Slaver","floor":13,"turns":5},{"damage":10,"enemies":"Slime Boss","floor":16,"turns":9},{"damage":31,"enemies":"Spheric Guardian","floor":18,"turns":7},{"damage":19,"enemies":"2 Thieves","floor":19,"turns":5},{"damage":5,"enemies":"3 Cultists","floor":25,"turns":4},{"damage":20,"enemies":"Chosen and Byrds","floor":28,"turns":7},{"damage":23,"enemies":"Cultist and Chosen","floor":29,"turns":6},{"damage":14,"enemies":"Snake Plant","floor":31,"turns":4},{"damage":81,"enemies":"Champ","floor":33,"turns":10}],"seed_played":"-2209019233879229563","potions_obtained":[{"floor":1,"key":"Energy Potion"},{"floor":10,"key":"Poison Potion"},{"floor":12,"key":"Energy Potion"},{"floor":13,"key":"Fire Potion"},{"floor":18,"key":"Explosive Potion"},{"floor":19,"key":"Block Potion"}],"is_trial":false,"path_per_floor":["M","?","M","?","M","?","M","R","T","M","?","M","M","$","R","B",null,"M","M","?","?","?","R","?","M","T","R","M","M","R","M","R","B"],"character_chosen":"THE_SILENT","items_purchased":["Bullet Time"],"campfire_rested":5,"item_purchase_floors":[14],"current_hp_per_floor":[69,69,69,44,43,43,43,64,64,60,60,60,60,60,60,50,70,39,20,20,4,4,25,25,20,20,41,21,35,56,42,63,0],"gold":198,"neow_bonus":"RANDOM_COLORLESS","is_prod":false,"is_daily":false,"chose_seed":false,"campfire_upgraded":1,"win_rate":0,"timestamp":1566614686,"path_taken":["M","?","M","?","M","?","M","R","T","?","?","M","M","$","R","BOSS","M","?","?","?","?","R","?","M","T","R","M","M","R","M","R","BOSS"],"build_version":"2019-07-17","purchased_purges":0,"victory":false,"max_hp_per_floor":[70,70,70,70,70,70,70,70,70,70,70,70,70,70,70,70,70,70,70,70,70,70,70,70,70,70,70,70,70,70,70,70,70],"card_choices":[{"not_picked":["Outmaneuver","PiercingWail"],"picked":"Dodge and Roll","floor":1},{"not_picked":["Masterful Stab","Flechettes"],"picked":"Deadly Poison","floor":3},{"not_picked":["Bane","Infinite Blades"],"picked":"Corpse Explosion","floor":5},{"not_picked":["Dodge and Roll","Catalyst"],"picked":"Noxious Fumes","floor":7},{"not_picked":["Escape Plan","Slice"],"picked":"Dagger Spray","floor":10},{"not_picked":["Bane","Quick Slash"],"picked":"Deflect","floor":12},{"not_picked":["Deadly Poison","Backstab"],"picked":"Footwork","floor":13},{"not_picked":["After Image","Corpse Explosion"],"picked":"Venomology","floor":16},{"not_picked":["Outmaneuver+1","Flying Knee","Choke"],"picked":"SKIP","floor":18},{"not_picked":["Dagger Throw","Masterful Stab","Dodge and Roll"],"picked":"SKIP","floor":19},{"not_picked":["Slice","Accuracy"],"picked":"Dagger Throw+1","floor":25},{"not_picked":["Prepared","Night Terror","Deadly Poison+1"],"picked":"SKIP","floor":28},{"not_picked":["Footwork","Leg Sweep"],"picked":"Bouncing Flask+1","floor":29},{"not_picked":["Acrobatics","Quick Slash","Prepared+1"],"picked":"SKIP","floor":31}],"player_experience":165877,"relics_obtained":[{"floor":9,"key":"Ice Cream"},{"floor":21,"key":"Necronomicon"},{"floor":26,"key":"PreservedInsect"}],"event_choices":[{"damage_healed":0,"gold_gain":0,"player_choice":"Ignored","damage_taken":0,"max_hp_gain":0,"max_hp_loss":0,"event_name":"Liars Game","floor":2,"gold_loss":0},{"damage_healed":0,"gold_gain":0,"player_choice":"Success","damage_taken":25,"relics_obtained":["Du-Vu Doll"],"max_hp_gain":0,"max_hp_loss":0,"event_name":"Scrap Ooze","floor":4,"gold_loss":0},{"damage_healed":0,"gold_gain":0,"player_choice":"Take Wound","damage_taken":0,"relics_obtained":["Golden Idol"],"max_hp_gain":0,"max_hp_loss":0,"event_name":"Golden Idol","floor":6,"gold_loss":0,"cards_obtained":["Injury"]},{"damage_healed":0,"gold_gain":0,"player_choice":"Upgraded","damage_taken":0,"max_hp_gain":0,"max_hp_loss":0,"event_name":"Upgrade Shrine","floor":11,"gold_loss":0,"cards_upgraded":["Trip"]},{"cards_removed":["Defend_G"],"damage_healed":0,"gold_gain":0,"player_choice":"Gave Gold","damage_taken":0,"max_hp_gain":0,"max_hp_loss":0,"event_name":"Beggar","floor":20,"gold_loss":75},{"damage_healed":0,"gold_gain":0,"player_choice":"Obtained Book","damage_taken":16,"max_hp_gain":0,"max_hp_loss":0,"event_name":"Cursed Tome","floor":21,"gold_loss":0},{"damage_healed":0,"gold_gain":0,"player_choice":"Paid Fearfully","damage_taken":0,"max_hp_gain":0,"max_hp_loss":0,"event_name":"Masked Bandits","floor":22,"gold_loss":100},{"damage_healed":0,"gold_gain":99,"player_choice":"Stole From Cult","damage_taken":0,"max_hp_gain":0,"max_hp_loss":0,"event_name":"Nest","floor":24,"gold_loss":0}],"is_beta":false,"boss_relics":[{"not_picked":["Ectoplasm","White Beast Statue"],"picked":"Lizard Tail"}],"items_purged_floors":[],"is_endless":false,"potions_floor_spawned":[1,10,12,13,18,19],"killed_by":"Champ","ascension_level":0}