{"gold_per_floor":[110,110,110,110,125,125,125,137,160,160,173,26,38,38,38,134,134,144,157,167,181,198,198,208,218,245,260,274,274,286,304,304,401,401,412,412,425,438,438,438],"floor_reached":40,"playtime":2706,"items_purged":["Strike_G"],"score":537,"play_id":"eacf6b6d-c2e9-4a90-9d3f-b8d2420fe307","local_time":"20190218132609","is_ascension_mode":true,"campfire_choices":[{"floor":6,"key":"REST"},{"data":"Footwork","floor":10,"key":"SMITH"},{"data":"Caltrops","floor":15,"key":"SMITH"},{"floor":23,"key":"REST"},{"data":"Corpse Explosion","floor":29,"key":"SMITH"},{"data":"Caltrops","floor":32,"key":"SMITH"}],"neow_cost":"NONE","seed_source_timestamp":484273443773090,"circlet_count":0,"master_deck":["Defend_G+1","Defend_G","Defend_G","Defend_G","Defend_G+1","Strike_G","Strike_G+1","Survivor+1","Neutralize","PiercingWail","Footwork+1","Caltrops+1","Caltrops+1","Corpse Explosion+1","Blur","Blur","PiercingWail","Burst","Cloak And Dagger","Bane+1"],"relics":["Ring of the Snake","Vajra","Ornamental Fan","Ancient Tea Set","Busted Crown","War Paint","Philosopher\u0027s Stone"],"potions_floor_usage":[25,33,33,33,40],"damage_taken":[{"damage":1,"enemies":"Small Slimes","floor":1,"turns":5},{"damage":0,"enemies":"2 Louse","floor":5,"turns":3},{"damage":0,"enemies":"Jaw Worm","floor":8,"turns":3},{"damage":0,"enemies":"Exordium Wildlife","floor":11,"turns":3},{"damage":4,"enemies":"Large Slime","floor":13,"turns":9},{"damage":57,"enemies":"Slime Boss","floor":16,"turns":23},{"damage":5,"enemies":"Shell Parasite","floor":18,"turns":6},{"damage":0,"enemies":"3 Byrds","floor":19,"turns":2},{"damage":0,"enemies":"Snake Plant","floor":20,"turns":6},{"damage":3,"enemies":"Sentry and Sphere","floor":21,"turns":7},{"damage":2,"enemies":"3 Cultists","floor":22,"turns":3},{"damage":0,"enemies":"Cultist and Chosen","floor":24,"turns":5},{"damage":0,"enemies":"Shelled Parasite and Fungi","floor":25,"turns":7},{"damage":0,"enemies":"Snake Plant","floor":27,"turns":5},{"damage":0,"enemies":"Chosen and Byrds","floor":28,"turns":5},{"damage":0,"enemies":"Centurion and Healer","floor":30,"turns":7},{"damage":0,"enemies":"Snake Plant","floor":31,"turns":6},{"damage":33,"enemies":"Automaton","floor":33,"turns":15},{"damage":14,"enemies":"3 Darklings","floor":35,"turns":4},{"damage":0,"enemies":"Orb Walker","floor":37,"turns":4},{"damage":0,"enemies":"Spire Growth","floor":38,"turns":8},{"damage":57,"enemies":"Nemesis","floor":40,"turns":18}],"seed_played":"-4781010410156036504","potions_obtained":[{"floor":13,"key":"SteroidPotion"},{"floor":16,"key":"SpeedPotion"},{"floor":19,"key":"Strength Potion"},{"floor":21,"key":"EssenceOfSteel"},{"floor":24,"key":"AttackPotion"},{"floor":25,"key":"SneckoOil"},{"floor":28,"key":"Weak Potion"},{"floor":30,"key":"Energy Potion"},{"floor":33,"key":"Weak Potion"}],"is_trial":false,"path_per_floor":["M","?","?","?","M","R","T","M","T","R","M","$","M","?","R","B",null,"M","M","M","M","M","R","M","M","T","M","M","R","M","M","R","B",null,"M","?","M","M","?","E"],"character_chosen":"THE_SILENT","items_purchased":["Caltrops"],"campfire_rested":2,"item_purchase_floors":[12],"current_hp_per_floor":[62,59,45,50,50,72,72,72,72,72,72,72,68,68,68,11,59,54,54,54,51,49,71,71,71,71,71,71,71,71,71,71,38,66,52,52,52,52,52,0],"gold":438,"neow_bonus":"REMOVE_CARD","is_prod":false,"is_daily":false,"chose_seed":false,"campfire_upgraded":4,"win_rate":0,"timestamp":1550517969,"path_taken":["M","?","?","?","?","R","?","M","T","R","M","?","M","?","R","BOSS","M","M","?","M","?","R","M","M","T","M","M","R","M","M","R","BOSS","M","?","M","M","?","E"],"build_version":"2019-01-23","purchased_purges":1,"victory":false,"max_hp_per_floor":[70,70,70,75,75,75,75,75,75,75,75,75,75,75,75,75,75,75,75,75,75,75,75,75,75,75,75,75,75,75,75,75,75,75,75,75,75,75,75,75],"card_choices":[{"not_picked":["Underhanded Strike","Prepared"],"picked":"PiercingWail","floor":1},{"not_picked":["Skewer","Blade Dance"],"picked":"Dash","floor":5},{"not_picked":["Dodge and Roll","Setup"],"picked":"Footwork","floor":8},{"not_picked":["Finisher","Flechettes"],"picked":"Caltrops","floor":11},{"not_picked":["Dagger Throw","Predator","Terror"],"picked":"SKIP","floor":13},{"not_picked":["Grand Finale","Doppelganger"],"picked":"Corpse Explosion","floor":16},{"not_picked":[],"picked":"Blur","floor":18},{"not_picked":["Sucker Punch"],"picked":"SKIP","floor":19},{"not_picked":["Flying Knee"],"picked":"SKIP","floor":20},{"not_picked":["Deflect"],"picked":"SKIP","floor":21},{"not_picked":["Dagger Spray"],"picked":"SKIP","floor":22},{"not_picked":["Finisher+1"],"picked":"SKIP","floor":24},{"not_picked":[],"picked":"Blur","floor":25},{"not_picked":["Dagger Throw"],"picked":"SKIP","floor":27},{"not_picked":["Prepared"],"picked":"SKIP","floor":28},{"not_picked":["Underhanded Strike"],"picked":"SKIP","floor":30},{"not_picked":[],"picked":"PiercingWail","floor":31},{"not_picked":[],"picked":"Burst","floor":33},{"not_picked":[],"picked":"Cloak And Dagger","floor":35},{"not_picked":[],"picked":"Bane+1","floor":37},{"not_picked":["Poisoned Stab+1"],"picked":"SKIP","floor":38}],"player_experience":1446345,"relics_obtained":[{"floor":7,"key":"Ornamental Fan"},{"floor":9,"key":"Ancient Tea Set"},{"floor":26,"key":"War Paint"}],"event_choices":[{"damage_healed":0,"gold_gain":0,"player_choice":"Success","damage_taken":3,"relics_obtained":["Vajra"],"max_hp_gain":0,"max_hp_loss":0,"event_name":"Scrap Ooze","floor":2,"gold_loss":0},{"damage_healed":0,"gold_gain":0,"player_choice":"Entered Light","damage_taken":14,"max_hp_gain":0,"max_hp_loss":0,"event_name":"Shining Light","floor":3,"gold_loss":0,"cards_upgraded":["Strike_G","Survivor"]},{"damage_healed":0,"gold_gain":0,"player_choice":"Donut","damage_taken":0,"max_hp_gain":5,"max_hp_loss":0,"event_name":"Big Fish","floor":4,"gold_loss":0},{"cards_removed":["Strike_G"],"damage_healed":0,"gold_gain":0,"player_choice":"Purged","damage_taken":0,"max_hp_gain":0,"max_hp_loss":0,"event_name":"Purifier","floor":14,"gold_loss":0},{"cards_removed":["Dash"],"damage_healed":0,"gold_gain":0,"player_choice":"Removed Attack","damage_taken":0,"max_hp_gain":0,"max_hp_loss":0,"event_name":"Falling","floor":36,"gold_loss":0},{"damage_healed":0,"gold_gain":0,"player_choice":"Memory 1","damage_taken":0,"max_hp_gain":0,"max_hp_loss":0,"event_name":"SensoryStone","floor":39,"gold_loss":0}],"is_beta":false,"boss_relics":[{"not_picked":["Runic Pyramid","Black Star"],"picked":"Busted Crown"},{"not_picked":["HoveringKite","Snecko Eye"],"picked":"Philosopher\u0027s Stone"}],"items_purged_floors":[12],"is_endless":false,"potions_floor_spawned":[13,16,19,21,24,25,28,30,33],"killed_by":"Nemesis","ascension_level":6}