{"gold_per_floor":[115,115,128,203,41,41,81,81,81,101,120,120,20,54,54,54],"floor_reached":16,"playtime":535,"items_purged":["Dualcast","Strike_B"],"score":213,"play_id":"24522d2a-a760-4258-a561-702eb70dbd84","local_time":"20190825163047","is_ascension_mode":true,"campfire_choices":[{"floor":6,"key":"REST"},{"data":"Zap","floor":8,"key":"SMITH"},{"floor":15,"key":"REST"}],"neow_cost":"NONE","seed_source_timestamp":1003634324919100,"circlet_count":0,"master_deck":["AscendersBane","Strike_B","Strike_B","Strike_B","Defend_B","Defend_B","Defend_B","Defend_B","Zap+1","Reinforced Body","Bandage Up","Conserve Battery","Gash"],"relics":["Cracked Core","NeowsBlessing","Golden Idol","Art of War","Bag of Preparation","Anchor","Meat on the Bone"],"potions_floor_usage":[16,16],"damage_taken":[{"damage":0,"enemies":"Cultist","floor":1,"turns":1},{"damage":0,"enemies":"Small Slimes","floor":3,"turns":1},{"damage":0,"enemies":"Gremlin Nob","floor":7,"turns":1},{"damage":0,"enemies":"Jaw Worm","floor":10,"turns":4},{"damage":24,"enemies":"3 Louse","floor":11,"turns":4},{"damage":25,"enemies":"3 Sentries","floor":14,"turns":9},{"damage":52,"enemies":"Slime Boss","floor":16,"turns":10}],"seed_played":"1196359340510708998","potions_obtained":[{"floor":3,"key":"GamblersBrew"},{"floor":7,"key":"Weak Potion"}],"is_trial":false,"path_per_floor":["M","?","M","?","$","R","E","R","T","M","M","?","$","E","R","B"],"character_chosen":"DEFECT","items_purchased":["Bandage Up"],"campfire_rested":2,"item_purchase_floors":[5],"current_hp_per_floor":[68,50,50,39,39,61,61,61,61,65,45,42,42,21,43,0],"gold":54,"neow_bonus":"THREE_ENEMY_KILL","is_prod":false,"is_daily":false,"chose_seed":false,"campfire_upgraded":1,"win_rate":0,"timestamp":1566768647,"path_taken":["M","?","M","?","?","R","E","R","T","M","M","?","$","E","R","BOSS"],"build_version":"2019-07-17","purchased_purges":2,"victory":false,"max_hp_per_floor":[75,75,75,75,75,75,75,75,75,75,75,75,75,75,75,75],"card_choices":[{"not_picked":["Leap","Steam","Rebound"],"picked":"SKIP","floor":1},{"not_picked":["Steam Power","Scrape"],"picked":"Reinforced Body","floor":3},{"not_picked":["Sunder","Coolheaded"],"picked":"Conserve Battery","floor":7},{"not_picked":["Stack","Leap","Redo"],"picked":"SKIP","floor":10},{"not_picked":["Sweeping Beam","Rip and Tear","Turbo"],"picked":"SKIP","floor":11},{"not_picked":["Rebound","Hologram"],"picked":"Gash","floor":14}],"player_experience":2901330,"relics_obtained":[{"floor":7,"key":"Art of War"},{"floor":9,"key":"Bag of Preparation"},{"floor":14,"key":"Meat on the Bone"}],"event_choices":[{"damage_healed":0,"gold_gain":0,"player_choice":"Take Damage","damage_taken":18,"relics_obtained":["Golden Idol"],"max_hp_gain":0,"max_hp_loss":0,"event_name":"Golden Idol","floor":2,"gold_loss":0},{"damage_healed":0,"gold_gain":75,"player_choice":"Gather Gold","damage_taken":11,"max_hp_gain":0,"max_hp_loss":0,"event_name":"World of Goop","floor":4,"gold_loss":0},{"damage_healed":0,"gold_gain":0,"player_choice":"Success","damage_taken":3,"relics_obtained":["Anchor"],"max_hp_gain":0,"max_hp_loss":0,"event_name":"Scrap Ooze","floor":12,"gold_loss":0}],"is_beta":false,"boss_relics":[],"items_purged_floors":[5,13],"is_endless":false,"potions_floor_spawned":[3,7],"killed_by":"Slime Boss","ascension_level":12}