{"gold_per_floor":[112,112,125,138,138,138,167,167,167,167,184,184,5,24,24,123,123,137,137,149,163,175,175,510,33,60,95,95,112,112,129,129,232,232,252,92,110,110,70,105,105,118,145,145,70,120,120,139,139,139,139,139,19,45,45],"floor_reached":56,"playtime":7919,"items_purged":["Strike_B"],"score":1522,"play_id":"19289730-ae05-40ef-92f6-6d30300ddc60","local_time":"20190822201815","is_ascension_mode":true,"campfire_choices":[{"data":"Zap","floor":6,"key":"SMITH"},{"data":"Dualcast","floor":10,"key":"SMITH"},{"data":"Rainbow","floor":15,"key":"SMITH"},{"data":"Self Repair","floor":23,"key":"SMITH"},{"data":"Creative AI","floor":28,"key":"SMITH"},{"data":"Hologram","floor":30,"key":"SMITH"},{"data":"Defragment","floor":32,"key":"SMITH"},{"data":"Fission","floor":41,"key":"SMITH"},{"data":"Echo Form","floor":44,"key":"SMITH"},{"floor":49,"key":"RECALL"},{"data":"Steam Power","floor":52,"key":"SMITH"}],"neow_cost":"NONE","seed_source_timestamp":247042844965400,"circlet_count":0,"master_deck":["Strike_B","Defend_B","Defend_B","Defend_B","Zap+1","Dualcast+1","Reinforced Body","Steam Power+1","Gash","FTL","Parasite","Self Repair+1","Rainbow+1","Compile Driver","Hologram+1","Creative AI+1","Sunder","Recycle","Glacier","Go for the Eyes","Amplify","Cold Snap+1","Conserve Battery","All For One","Capacitor","Beam Cell","Static Discharge","Defragment+1","Fission+1","Echo Form+1","Heatsinks","Defragment+1","Static Discharge","Loop+1","Conserve Battery+1","Capacitor","Go for the Eyes"],"relics":["FrozenCore","Mummified Hand","Gremlin Horn","Blue Candle","Coffee Dripper","Old Coin","Vajra","Orichalcum","Pantograph","Ginger","Nunchaku","Pocketwatch"],"potions_floor_usage":[16,21,21,24,27,27,35,42,42,50],"damage_taken":[{"damage":4,"enemies":"Small Slimes","floor":1,"turns":3},{"damage":7,"enemies":"Jaw Worm","floor":3,"turns":3},{"damage":4,"enemies":"2 Louse","floor":4,"turns":2},{"damage":29,"enemies":"Gremlin Nob","floor":7,"turns":4},{"damage":0,"enemies":"Looter","floor":11,"turns":2},{"damage":10,"enemies":"Gremlin Gang","floor":14,"turns":4},{"damage":36,"enemies":"Hexaghost","floor":16,"turns":11},{"damage":14,"enemies":"Chosen","floor":18,"turns":5},{"damage":4,"enemies":"3 Byrds","floor":20,"turns":4},{"damage":14,"enemies":"Cultist and Chosen","floor":21,"turns":5},{"damage":32,"enemies":"Centurion and Healer","floor":22,"turns":8},{"damage":11,"enemies":"Book of Stabbing","floor":24,"turns":5},{"damage":0,"enemies":"Gremlin Leader","floor":27,"turns":3},{"damage":14,"enemies":"Sentry and Sphere","floor":29,"turns":4},{"damage":10,"enemies":"Chosen and Byrds","floor":31,"turns":4},{"damage":33,"enemies":"Collector","floor":33,"turns":10},{"damage":10,"enemies":"3 Shapes","floor":35,"turns":4},{"damage":1,"enemies":"Orb Walker","floor":37,"turns":3},{"damage":5,"enemies":"Nemesis","floor":40,"turns":9},{"damage":10,"enemies":"4 Shapes","floor":42,"turns":5},{"damage":23,"enemies":"2 Orb Walkers","floor":46,"turns":5},{"damage":0,"enemies":"Sphere and 2 Shapes","floor":48,"turns":6},{"damage":59,"enemies":"Awakened One","floor":50,"turns":18},{"damage":19,"enemies":"Shield and Spear","floor":54,"turns":7},{"damage":55,"enemies":"The Heart","floor":55,"turns":10}],"seed_played":"-7020311974249751669","potions_obtained":[{"floor":4,"key":"Regen Potion"},{"floor":16,"key":"GamblersBrew"},{"floor":20,"key":"FearPotion"},{"floor":21,"key":"SteroidPotion"},{"floor":22,"key":"SkillPotion"},{"floor":24,"key":"FearPotion"},{"floor":29,"key":"Fire Potion"},{"floor":33,"key":"Weak Potion"},{"floor":35,"key":"Weak Potion"},{"floor":37,"key":"Poison Potion"},{"floor":40,"key":"Block Potion"}],"is_trial":false,"path_per_floor":["M","?","M","M","?","R","E","?","T","R","M","?","$","M","R","B",null,"M","?","M","M","M","R","E","$","T","E","R","M","R","M","R","B",null,"M","$","M","?","$","E","R","M","T","R","$","?","?","M","R","B",null,"R","$","E","B",null],"character_chosen":"DEFECT","items_purchased":["Rainbow","Compile Driver","Conserve Battery","All For One","Vajra","Capacitor","Echo Form","Heatsinks","Static Discharge","Capacitor","Go for the Eyes"],"campfire_rested":0,"item_purchase_floors":[13,13,25,25,25,25,36,39,45,53,53],"current_hp_per_floor":[64,64,57,53,46,46,17,35,35,35,35,28,28,25,25,11,59,52,52,55,48,23,23,22,22,22,42,42,48,48,58,58,52,69,69,69,75,75,75,75,75,75,75,75,75,72,72,75,75,36,65,65,65,56,30],"gold":45,"neow_bonus":"ONE_RANDOM_RARE_CARD","is_prod":false,"is_daily":false,"chose_seed":false,"campfire_upgraded":10,"win_rate":0,"timestamp":1566472695,"path_taken":["M","?","M","M","?","R","E","?","T","R","M","?","?","?","R","BOSS","M","?","M","?","M","R","E","$","T","E","R","M","R","M","R","BOSS","M","?","M","?","$","E","R","?","T","R","$","?","?","M","R","BOSS","R","$","E","BOSS"],"build_version":"2019-07-17","purchased_purges":1,"victory":true,"max_hp_per_floor":[75,75,75,75,75,75,75,75,75,75,75,75,75,75,75,75,75,75,75,75,75,75,75,75,75,75,75,75,75,75,75,75,75,75,75,75,75,75,75,75,75,75,75,75,75,75,75,75,75,75,75,75,75,75,75],"card_choices":[{"not_picked":["Undo","Stack"],"picked":"Barrage","floor":1},{"not_picked":["Stack","Meteor Strike"],"picked":"Steam Power","floor":3},{"not_picked":["Barrage","Coolheaded"],"picked":"Gash","floor":4},{"not_picked":["Fusion","Redo"],"picked":"FTL","floor":7},{"not_picked":["Stack","White Noise"],"picked":"Self Repair","floor":11},{"not_picked":["Coolheaded","Streamline"],"picked":"Hologram","floor":14},{"not_picked":["Echo Form","Electrodynamics"],"picked":"Creative AI","floor":16},{"not_picked":["Ball Lightning","Consume"],"picked":"Sunder","floor":18},{"not_picked":["Gash","Redo"],"picked":"Glacier","floor":20},{"not_picked":["Coolheaded","Cold Snap"],"picked":"Go for the Eyes","floor":21},{"not_picked":["Rebound+1","Compile Driver"],"picked":"Amplify","floor":22},{"not_picked":["Go for the Eyes","Hologram"],"picked":"Cold Snap+1","floor":24},{"not_picked":["Rainbow","Fusion"],"picked":"Beam Cell","floor":27},{"not_picked":["Turbo","Blizzard"],"picked":"Static Discharge","floor":29},{"not_picked":["Barrage","Reprogram"],"picked":"Defragment","floor":31},{"not_picked":["All For One","Buffer"],"picked":"Fission","floor":33},{"not_picked":["Beam Cell+1","Genetic Algorithm","Recycle+1"],"picked":"SKIP","floor":35},{"not_picked":["Turbo+1","Rebound+1","Go for the Eyes"],"picked":"SKIP","floor":37},{"not_picked":["Ball Lightning+1","Heatsinks"],"picked":"Defragment+1","floor":40},{"not_picked":["Doom and Gloom","Cold Snap+1","Scrape+1"],"picked":"SKIP","floor":42},{"not_picked":["Sweeping Beam","Redo+1"],"picked":"Loop+1","floor":46},{"not_picked":["Steam","Go for the Eyes"],"picked":"Conserve Battery+1","floor":48},{"not_picked":["Ball Lightning","Creative AI","Streamline+1"],"picked":"SKIP","floor":54}],"player_experience":396953,"relics_obtained":[{"floor":7,"key":"Mummified Hand"},{"floor":9,"key":"Gremlin Horn"},{"floor":24,"key":"Old Coin"},{"floor":26,"key":"Orichalcum"},{"floor":27,"key":"Pantograph"},{"floor":40,"key":"Ginger"},{"floor":46,"key":"Nunchaku"},{"floor":54,"key":"Pocketwatch"}],"event_choices":[{"damage_healed":0,"gold_gain":0,"cards_transformed":["Meteor Strike"],"player_choice":"Change","damage_taken":0,"max_hp_gain":0,"max_hp_loss":0,"event_name":"Living Wall","floor":2,"gold_loss":0,"cards_obtained":["Reinforced Body"]},{"cards_removed":["Defend_B"],"damage_healed":0,"gold_gain":0,"player_choice":"Card Removal","damage_taken":7,"max_hp_gain":0,"max_hp_loss":0,"event_name":"Golden Wing","floor":5,"gold_loss":0},{"damage_healed":18,"gold_gain":0,"player_choice":"Healed and dodged fight","damage_taken":0,"max_hp_gain":0,"max_hp_loss":0,"event_name":"Mushrooms","floor":8,"gold_loss":0,"cards_obtained":["Parasite"]},{"damage_healed":0,"gold_gain":0,"player_choice":"Success","damage_taken":7,"relics_obtained":["Blue Candle"],"max_hp_gain":0,"max_hp_loss":0,"event_name":"Scrap Ooze","floor":12,"gold_loss":0},{"damage_healed":0,"gold_gain":0,"cards_transformed":["Strike_B"],"player_choice":"Transformed","damage_taken":0,"max_hp_gain":0,"max_hp_loss":0,"event_name":"Transmorgrifier","floor":19,"gold_loss":0,"cards_obtained":["Recycle"]},{"cards_removed":["Strike_B"],"damage_healed":0,"gold_gain":0,"player_choice":"Purged","damage_taken":0,"max_hp_gain":0,"max_hp_loss":0,"event_name":"Purifier","floor":38,"gold_loss":0},{"damage_healed":0,"gold_gain":0,"player_choice":"Fight","damage_taken":0,"max_hp_gain":0,"max_hp_loss":0,"event_name":"Mysterious Sphere","floor":46,"gold_loss":0},{"cards_removed":["Barrage"],"damage_healed":0,"gold_gain":0,"player_choice":"Removed Attack","damage_taken":0,"max_hp_gain":0,"max_hp_loss":0,"event_name":"Falling","floor":47,"gold_loss":0}],"is_beta":false,"boss_relics":[{"not_picked":["Orrery","White Beast Statue"],"picked":"Coffee Dripper"},{"not_picked":["Calling Bell","Philosopher\u0027s Stone"],"picked":"FrozenCore"}],"items_purged_floors":[25],"is_endless":false,"potions_floor_spawned":[4,16,20,21,22,24,29,33,35,37,40],"ascension_level":6}