{"gold_per_floor":[114,126,144,162,175,175,188,208,208,267,286,361,361,329,329,428,428,443,443,472,56,69,69,2,20,43,43,61,74,88,104,104,201,201,214,214,233,249,261,261,361,373,373,390,402,98,111,139,139,139,139,139,14,41,41],"floor_reached":55,"playtime":14136,"items_purged":["Strike_R","Strike_R","Strike_R"],"score":814,"play_id":"e6a83c79-2a3d-4965-95be-f22c3d542c76","local_time":"20190207153320","is_ascension_mode":true,"campfire_choices":[{"data":"Whirlwind","floor":6,"key":"SMITH"},{"floor":13,"key":"REST"},{"floor":15,"key":"REST"},{"floor":23,"key":"REST"},{"floor":27,"key":"RECALL"},{"floor":32,"key":"REST"},{"floor":40,"key":"REST"},{"floor":49,"key":"REST"},{"floor":52,"key":"REST"}],"neow_cost":"NONE","seed_source_timestamp":2445578679446650,"circlet_count":0,"master_deck":["Strike_R","Strike_R","Defend_R","Defend_R","Defend_R","Defend_R","Bash","Whirlwind+1","Body Slam","Disarm","Metallicize+1","Shrug It Off","Inflame+1","Inflame+1","Feed","Shrug It Off+1","Madness","Madness","Shockwave+1","Seeing Red+1","Seeing Red","Impervious","Shrug It Off+1","Body Slam+1"],"relics":["Black Blood","NeowsBlessing","Odd Mushroom","Frozen Egg 2","Orichalcum","Fusion Hammer","Red Mask","Chemical X","Blood Vial","Strawberry","FossilizedHelix","Strange Spoon","Vajra","Charon\u0027s Ashes"],"potions_floor_usage":[10,16,16,16,33,33,33,48,48,48],"damage_taken":[{"damage":0,"enemies":"Small Slimes","floor":1,"turns":1},{"damage":0,"enemies":"Jaw Worm","floor":2,"turns":1},{"damage":0,"enemies":"2 Louse","floor":3,"turns":1},{"damage":24,"enemies":"Blue Slaver","floor":4,"turns":6},{"damage":27,"enemies":"Lots of Slimes","floor":5,"turns":5},{"damage":10,"enemies":"Exordium Wildlife","floor":7,"turns":4},{"damage":10,"enemies":"The Mushroom Lair","floor":8,"turns":3},{"damage":23,"enemies":"3 Sentries","floor":10,"turns":5},{"damage":0,"enemies":"2 Fungi Beasts","floor":11,"turns":1},{"damage":27,"enemies":"Exordium Thugs","floor":14,"turns":5},{"damage":29,"enemies":"Slime Boss","floor":16,"turns":10},{"damage":8,"enemies":"Shell Parasite","floor":18,"turns":9},{"damage":24,"enemies":"Masked Bandits","floor":20,"turns":4},{"damage":18,"enemies":"Spheric Guardian","floor":22,"turns":6},{"damage":3,"enemies":"Centurion and Healer","floor":25,"turns":6},{"damage":0,"enemies":"Cultist and Chosen","floor":28,"turns":4},{"damage":12,"enemies":"Snecko","floor":29,"turns":4},{"damage":7,"enemies":"Chosen and Byrds","floor":30,"turns":5},{"damage":0,"enemies":"3 Cultists","floor":31,"turns":1},{"damage":48,"enemies":"Collector","floor":33,"turns":7},{"damage":14,"enemies":"3 Darklings","floor":35,"turns":3},{"damage":21,"enemies":"3 Shapes","floor":37,"turns":3},{"damage":2,"enemies":"Maw","floor":38,"turns":6},{"damage":30,"enemies":"Spire Growth","floor":39,"turns":6},{"damage":7,"enemies":"Mind Bloom Boss Battle","floor":41,"turns":6},{"damage":10,"enemies":"3 Darklings","floor":42,"turns":3},{"damage":29,"enemies":"Transient","floor":44,"turns":5},{"damage":30,"enemies":"Spire Growth","floor":45,"turns":7},{"damage":0,"enemies":"Jaw Worm Horde","floor":47,"turns":2},{"damage":29,"enemies":"Reptomancer","floor":48,"turns":6},{"damage":46,"enemies":"Awakened One","floor":50,"turns":15},{"damage":53,"enemies":"Shield and Spear","floor":54,"turns":7},{"damage":52,"enemies":"The Heart","floor":55,"turns":2}],"seed_played":"4501634395628034498","potions_obtained":[{"floor":1,"key":"Energy Potion"},{"floor":4,"key":"Fire Potion"},{"floor":8,"key":"AttackPotion"},{"floor":10,"key":"LiquidBronze"},{"floor":22,"key":"FearPotion"},{"floor":25,"key":"Block Potion"},{"floor":29,"key":"SteroidPotion"},{"floor":35,"key":"Ancient Potion"},{"floor":37,"key":"Dexterity Potion"},{"floor":44,"key":"Energy Potion"},{"floor":54,"key":"GamblersBrew"}],"is_trial":false,"path_per_floor":["M","M","M","M","M","R","M","?","T","?","M","?","R","M","R","B",null,"M","?","?","$","M","R","$","M","T","R","M","M","M","M","R","B",null,"M","?","M","M","M","R","?","M","T","M","M","$","M","E","R","B",null,"R","$","E","B"],"character_chosen":"IRONCLAD","items_purchased":["Chemical X","Blood Vial","Inflame+1","Strange Spoon"],"campfire_rested":7,"item_purchase_floors":[21,21,24,46],"current_hp_per_floor":[80,80,80,62,41,41,37,33,33,16,22,11,35,14,38,15,64,62,62,44,44,34,58,58,63,70,70,78,74,75,83,87,45,77,75,64,55,68,50,77,82,84,84,67,49,49,61,47,74,40,80,93,93,50,0],"gold":41,"neow_bonus":"THREE_ENEMY_KILL","is_prod":false,"is_daily":false,"chose_seed":false,"campfire_upgraded":1,"win_rate":0,"timestamp":1549575200,"path_taken":["M","M","M","M","M","R","M","?","T","?","M","?","R","?","R","BOSS","M","?","?","$","M","R","?","M","T","R","M","M","?","M","R","BOSS","M","?","M","M","M","R","?","?","T","M","M","$","M","E","R","BOSS","R","$","E","BOSS"],"build_version":"2019-01-23","purchased_purges":3,"victory":false,"max_hp_per_floor":[80,80,80,80,80,80,80,80,80,80,80,80,80,80,80,80,80,80,80,80,80,80,80,80,80,87,87,87,87,87,87,87,87,87,87,87,87,90,90,90,90,90,90,90,90,90,90,93,93,93,93,93,93,93,93],"card_choices":[{"not_picked":["Bloodletting","Clothesline","Anger"],"picked":"SKIP","floor":1},{"not_picked":["Shrug It Off","Burning Pact"],"picked":"Whirlwind","floor":2},{"not_picked":["Headbutt","Fire Breathing"],"picked":"Body Slam","floor":3},{"not_picked":["Wild Strike","Body Slam","Cleave"],"picked":"SKIP","floor":4},{"not_picked":["Burning Pact","Feel No Pain","Infernal Blade"],"picked":"SKIP","floor":5},{"not_picked":["Heavy Blade","Thunderclap","Infernal Blade"],"picked":"SKIP","floor":7},{"not_picked":["Iron Wave","True Grit"],"picked":"Disarm","floor":8},{"not_picked":["Heavy Blade","Havoc","Sword Boomerang"],"picked":"SKIP","floor":11},{"not_picked":["Clothesline","Reckless Charge"],"picked":"Metallicize+1","floor":14},{"not_picked":["Bloodletting","Body Slam+1","Burning Pact"],"picked":"SKIP","floor":18},{"not_picked":["Havoc+1","Flex+1"],"picked":"Shrug It Off","floor":20},{"not_picked":["Anger","Flex+1","Second Wind"],"picked":"SKIP","floor":22},{"not_picked":["Burning Pact","Thunderclap+1","True Grit"],"picked":"SKIP","floor":25},{"not_picked":["Fiend Fire","Iron Wave","True Grit"],"picked":"SKIP","floor":28},{"not_picked":["Pommel Strike+1","Fire Breathing+1","Clash+1"],"picked":"SKIP","floor":29},{"not_picked":["Fire Breathing+1","Burning Pact+1"],"picked":"Inflame+1","floor":30},{"not_picked":["Clash","Pummel+1","Combust+1"],"picked":"SKIP","floor":31},{"not_picked":["Double Tap","Fiend Fire"],"picked":"Feed","floor":33},{"not_picked":["Anger","Second Wind"],"picked":"Shrug It Off+1","floor":35},{"not_picked":["Thunderclap","Dual Wield+1","Clothesline"],"picked":"SKIP","floor":37},{"not_picked":["Rampage+1","Thunderclap+1"],"picked":"Shockwave+1","floor":38},{"not_picked":["Iron Wave","Heavy Blade+1"],"picked":"Seeing Red+1","floor":39},{"not_picked":["Iron Wave+1","Heavy Blade"],"picked":"Seeing Red","floor":41},{"not_picked":["Clothesline","Blood for Blood+1","Spot Weakness"],"picked":"SKIP","floor":42},{"not_picked":["Pommel Strike+1","Clothesline","Sword Boomerang+1"],"picked":"SKIP","floor":44},{"not_picked":["Iron Wave+1","Anger+1"],"picked":"Impervious","floor":45},{"not_picked":["Warcry+1","Combust+1"],"picked":"Shrug It Off+1","floor":47},{"not_picked":["Anger","Twin Strike"],"picked":"Body Slam+1","floor":48},{"not_picked":["Hemokinesis","True Grit","Corruption+1"],"picked":"SKIP","floor":54}],"player_experience":1258316,"relics_obtained":[{"floor":8,"key":"Odd Mushroom"},{"floor":9,"key":"Frozen Egg 2"},{"floor":20,"key":"Red Mask"},{"floor":26,"key":"Strawberry"},{"floor":41,"key":"FossilizedHelix"},{"floor":48,"key":"Vajra"},{"floor":54,"key":"Charon\u0027s Ashes"}],"event_choices":[{"damage_healed":0,"gold_gain":0,"player_choice":"Fought Mushrooms","damage_taken":0,"max_hp_gain":0,"max_hp_loss":0,"event_name":"Mushrooms","floor":8,"gold_loss":0},{"damage_healed":0,"gold_gain":0,"player_choice":"Searched \u00272\u0027 times","damage_taken":0,"relics_obtained":["Orichalcum"],"max_hp_gain":0,"max_hp_loss":0,"event_name":"Dead Adventurer","floor":10,"gold_loss":0},{"damage_healed":0,"gold_gain":75,"player_choice":"Gather Gold","damage_taken":11,"max_hp_gain":0,"max_hp_loss":0,"event_name":"World of Goop","floor":12,"gold_loss":0},{"damage_healed":0,"gold_gain":0,"player_choice":"Ignored","damage_taken":0,"max_hp_gain":0,"max_hp_loss":0,"event_name":"Ghosts","floor":19,"gold_loss":0},{"damage_healed":0,"gold_gain":0,"player_choice":"Fought Bandits","damage_taken":0,"max_hp_gain":0,"max_hp_loss":0,"event_name":"Masked Bandits","floor":20,"gold_loss":0},{"damage_healed":0,"gold_gain":0,"player_choice":"Embrace Madness","damage_taken":11,"max_hp_gain":0,"max_hp_loss":0,"event_name":"Winding Halls","floor":36,"gold_loss":0,"cards_obtained":["Madness","Madness"]},{"damage_healed":0,"gold_gain":0,"player_choice":"Fight","damage_taken":0,"max_hp_gain":0,"max_hp_loss":0,"event_name":"MindBloom","floor":41,"gold_loss":0}],"is_beta":false,"boss_relics":[{"not_picked":["Tiny House","Orrery"],"picked":"Fusion Hammer"},{"not_picked":["Snecko Eye","Eternal Feather"],"picked":"Black Blood"}],"items_purged_floors":[21,46,53],"is_endless":false,"potions_floor_spawned":[1,4,8,10,14,22,25,29,35,37,44,45,54],"killed_by":"The Heart","ascension_level":5}