{"gold_per_floor":[115,127,127,127,202,202,227,227,227,9,28,39,57,68,68,164,164,179,179,154,154],"floor_reached":21,"playtime":795,"items_purged":["Dualcast"],"score":309,"play_id":"4ca16f79-983d-442a-8b5d-d0c5eafc57e1","local_time":"20190730223314","is_ascension_mode":true,"campfire_choices":[{"floor":6,"key":"REST"},{"data":"Storm","floor":8,"key":"SMITH"},{"floor":15,"key":"REST"}],"neow_cost":"NONE","seed_source_timestamp":1634778560018616,"circlet_count":0,"master_deck":["AscendersBane","Strike_B","Strike_B","Strike_B+1","Strike_B","Defend_B","Defend_B","Defend_B","Defend_B","Zap","Force Field","Cold Snap+1","Storm+1","Undo","Core Surge"],"relics":["Cracked Core","NeowsBlessing","Bronze Scales","Matryoshka","Anchor","Eternal Feather"],"potions_floor_usage":[16,16,16],"damage_taken":[{"damage":0,"enemies":"Jaw Worm","floor":1,"turns":1},{"damage":0,"enemies":"Small Slimes","floor":2,"turns":1},{"damage":0,"enemies":"Lagavulin","floor":7,"turns":1},{"damage":0,"enemies":"2 Louse","floor":11,"turns":3},{"damage":0,"enemies":"Exordium Wildlife","floor":12,"turns":5},{"damage":17,"enemies":"Lots of Slimes","floor":13,"turns":4},{"damage":8,"enemies":"3 Louse","floor":14,"turns":4},{"damage":34,"enemies":"The Guardian","floor":16,"turns":12},{"damage":26,"enemies":"Spheric Guardian","floor":18,"turns":5},{"damage":20,"enemies":"2 Thieves","floor":20,"turns":5},{"damage":23,"enemies":"3 Cultists","floor":21,"turns":3}],"seed_played":"1207853833700933743","potions_obtained":[{"floor":1,"key":"FocusPotion"},{"floor":13,"key":"Block Potion"},{"floor":14,"key":"FearPotion"},{"floor":20,"key":"Dexterity Potion"}],"is_trial":false,"path_per_floor":["M","M","?","?","?","R","E","R","T","$","M","M","M","M","R","B",null,"M","?","M","M"],"character_chosen":"DEFECT","items_purchased":["Anchor"],"campfire_rested":2,"item_purchase_floors":[10],"current_hp_per_floor":[68,68,53,58,47,71,71,71,71,71,71,71,54,46,70,36,69,43,35,15,0],"gold":154,"neow_bonus":"THREE_ENEMY_KILL","is_prod":false,"is_daily":false,"chose_seed":false,"campfire_upgraded":1,"win_rate":0,"timestamp":1564543994,"path_taken":["M","M","?","?","?","R","E","R","T","?","M","M","M","M","R","BOSS","M","?","?","M"],"build_version":"2019-07-17","purchased_purges":1,"victory":false,"max_hp_per_floor":[75,75,75,80,80,80,80,80,80,80,80,80,80,80,80,80,80,80,80,80,80],"card_choices":[{"not_picked":["Self Repair","Sweeping Beam"],"picked":"Force Field","floor":1},{"not_picked":["Consume","Hologram"],"picked":"Cold Snap","floor":2},{"not_picked":["Doom and Gloom","Hologram"],"picked":"Storm","floor":7},{"not_picked":["Steam","Rebound"],"picked":"Undo","floor":11},{"not_picked":["Steam","Doom and Gloom","White Noise"],"picked":"SKIP","floor":12},{"not_picked":["Beam Cell","Stack","Scrape"],"picked":"SKIP","floor":13},{"not_picked":["Sunder","Leap"],"picked":"Core Surge","floor":14},{"not_picked":["Coolheaded","Fusion","Hologram"],"picked":"SKIP","floor":18},{"not_picked":["Go for the Eyes","Beam Cell+1","Compile Driver+1"],"picked":"SKIP","floor":20}],"player_experience":2582182,"relics_obtained":[{"floor":7,"key":"Bronze Scales"},{"floor":9,"key":"Matryoshka"}],"event_choices":[{"damage_healed":0,"gold_gain":0,"player_choice":"Entered Light","damage_taken":15,"max_hp_gain":0,"max_hp_loss":0,"event_name":"Shining Light","floor":3,"gold_loss":0,"cards_upgraded":["Strike_B","Cold Snap"]},{"damage_healed":0,"gold_gain":0,"player_choice":"Donut","damage_taken":0,"max_hp_gain":5,"max_hp_loss":0,"event_name":"Big Fish","floor":4,"gold_loss":0},{"damage_healed":0,"gold_gain":75,"player_choice":"Gather Gold","damage_taken":11,"max_hp_gain":0,"max_hp_loss":0,"event_name":"World of Goop","floor":5,"gold_loss":0},{"damage_healed":0,"gold_gain":0,"player_choice":"","damage_taken":8,"max_hp_gain":0,"max_hp_loss":0,"event_name":"Knowing Skull","floor":19,"potions_obtained":[],"gold_loss":0,"cards_obtained":[]}],"is_beta":false,"boss_relics":[{"not_picked":["Ectoplasm","Velvet Choker"],"picked":"Eternal Feather"}],"items_purged_floors":[10],"is_endless":false,"potions_floor_spawned":[1,13,14,20],"killed_by":"3 Cultists","ascension_level":10}