{"gold_per_floor":[219,219,219,219,231,231,65,65,65,79,97,22,22,22,22,126,126,91,91,104,104,104],"floor_reached":22,"playtime":1128,"items_purged":["Strike_R"],"score":215,"play_id":"7f277ab7-1fa9-412c-9952-b0f76418c1a8","local_time":"20190202215514","is_ascension_mode":true,"campfire_choices":[{"data":"Battle Trance","floor":6.0,"key":"SMITH"},{"data":"Master of Strategy","floor":8.0,"key":"SMITH"},{"data":"Shrug It Off","floor":13.0,"key":"SMITH"},{"data":"Bash","floor":15.0,"key":"SMITH"}],"neow_cost":"NONE","seed_source_timestamp":0,"circlet_count":0,"master_deck":["Strike_R","Strike_R","Strike_R","Defend_R","Defend_R","Defend_R","Defend_R","Bash+1","Battle Trance+1","Master of Strategy+1","Shrug It Off+1","Offering","Inflame","Second Wind","Body Slam"],"special_seed":0,"relics":["Burning Blood","Orichalcum","Mummified Hand","Velvet Choker"],"potions_floor_usage":[],"damage_taken":[{"damage":6.0,"enemies":"Jaw Worm","floor":1.0,"turns":7.0},{"damage":12.0,"enemies":"2 Louse","floor":5.0,"turns":4.0},{"damage":0.0,"enemies":"Small Slimes","floor":10.0,"turns":3.0},{"damage":8.0,"enemies":"Blue Slaver","floor":11.0,"turns":8.0},{"damage":20.0,"enemies":"The Guardian","floor":16.0,"turns":11.0},{"damage":28.0,"enemies":"2 Thieves","floor":18.0,"turns":5.0},{"damage":28.0,"enemies":"Spheric Guardian","floor":20.0,"turns":11.0},{"damage":32,"enemies":"Shelled Parasite and Fungi","floor":22,"turns":5}],"seed_played":"-4672710122911046355","potions_obtained":[{"floor":10.0,"key":"Energy Potion"},{"floor":11.0,"key":"PowerPotion"}],"is_trial":false,"path_per_floor":["M","?","?","?","M","R","$","R","T","M","M","$","R","$","R","B",null,"M","?","M","?","M"],"character_chosen":"IRONCLAD","items_purchased":["Master of Strategy"],"campfire_rested":0,"item_purchase_floors":[7],"current_hp_per_floor":[80,73,78,78,72,72,72,72,72,78,76,76,76,76,76,62,79,57,57,35,35,3],"gold":104,"neow_bonus":"HUNDRED_GOLD","is_prod":false,"is_daily":false,"chose_seed":false,"campfire_upgraded":4,"win_rate":0,"timestamp":1549166114,"path_taken":["M","?","?","?","M","R","$","R","T","M","M","?","R","$","R","BOSS","M","?","M","?","M"],"build_version":"2019-01-23","purchased_purges":1,"victory":false,"max_hp_per_floor":[80,80,85,85,85,85,85,85,85,85,85,85,85,85,85,85,85,85,85,85,85,85],"card_choices":[{"not_picked":["Iron Wave","Heavy Blade","Sword Boomerang"],"picked":"SKIP","floor":1.0},{"not_picked":["Iron Wave","Shockwave"],"picked":"Battle Trance","floor":5.0},{"not_picked":["Havoc","Sword Boomerang"],"picked":"Shrug It Off","floor":10.0},{"not_picked":["Warcry","Thunderclap","Sever Soul"],"picked":"SKIP","floor":11.0},{"not_picked":["Fiend Fire","Double Tap"],"picked":"Offering","floor":16.0},{"not_picked":["Thunderclap","Headbutt"],"picked":"Inflame","floor":18.0},{"not_picked":["Warcry+1","Wild Strike"],"picked":"Body Slam","floor":20}],"player_experience":1241589,"relics_obtained":[{"floor":9.0,"key":"Mummified Hand"}],"event_choices":[{"damage_healed":0.0,"max_hp_gain":0.0,"max_hp_loss":0.0,"gold_gain":0.0,"event_name":"Scrap Ooze","player_choice":"Success","floor":2.0,"gold_loss":0.0,"damage_taken":7.0,"relics_obtained":["Orichalcum"]},{"damage_healed":0.0,"max_hp_gain":5.0,"max_hp_loss":0.0,"gold_gain":0.0,"event_name":"Big Fish","player_choice":"Donut","floor":3.0,"gold_loss":0.0,"damage_taken":0.0},{"damage_healed":0.0,"max_hp_gain":0.0,"max_hp_loss":0.0,"gold_gain":0.0,"event_name":"Liars Game","player_choice":"Ignored","floor":4.0,"gold_loss":0.0,"damage_taken":0.0},{"damage_healed":0.0,"max_hp_gain":0.0,"max_hp_loss":0.0,"gold_gain":0.0,"cards_transformed":["Strike_R"],"event_name":"Transmorgrifier","player_choice":"Transformed","floor":19.0,"gold_loss":0.0,"damage_taken":0.0,"cards_obtained":["Second Wind"]},{"damage_healed":0,"gold_gain":0,"player_choice":"Bought 0 Potions","damage_taken":0,"max_hp_gain":0,"max_hp_loss":0,"event_name":"The Woman in Blue","floor":21,"gold_loss":0}],"is_beta":false,"boss_relics":[{"not_picked":["Runic Cube","Ectoplasm"],"picked":"Velvet Choker"}],"items_purged_floors":[12],"is_endless":false,"potions_floor_spawned":[10,11],"killed_by":"Shelled Parasite and Fungi","ascension_level":5}