{"gold_per_floor":[217,142,160,36,36,75,93,93,93,112,112,130,130,148,148,148],"floor_reached":16,"playtime":755,"items_purged":["Dualcast","Strike_B"],"score":138,"play_id":"1163a217-4caa-4ad6-8e06-b8d636fe46d5","local_time":"20190303111835","is_ascension_mode":true,"campfire_choices":[{"floor":8,"key":"REST"},{"floor":13,"key":"REST"},{"floor":15,"key":"REST"}],"neow_cost":"NONE","seed_source_timestamp":1601844390760904,"circlet_count":0,"master_deck":["Strike_B","Strike_B","Strike_B","Defend_B","Defend_B","Defend_B","Defend_B","Zap","Cold Snap","Electrodynamics","Chill"],"relics":["Cracked Core","Golden Idol","FossilizedHelix"],"potions_floor_usage":[16,16,16],"damage_taken":[{"damage":10,"enemies":"Cultist","floor":1,"turns":5},{"damage":7,"enemies":"Jaw Worm","floor":3,"turns":4},{"damage":18,"enemies":"Gremlin Nob","floor":6,"turns":4},{"damage":4,"enemies":"2 Louse","floor":7,"turns":4},{"damage":0,"enemies":"Looter","floor":10,"turns":5},{"damage":11,"enemies":"Large Slime","floor":12,"turns":6},{"damage":0,"enemies":"Exordium Wildlife","floor":14,"turns":3},{"damage":70,"enemies":"Hexaghost","floor":16,"turns":16}],"seed_played":"5220035666212794863","potions_obtained":[{"floor":3,"key":"SpeedPotion"},{"floor":6,"key":"GamblersBrew"},{"floor":14,"key":"SkillPotion"}],"is_trial":false,"path_per_floor":["M","$","M","$","?","E","M","R","T","M","?","M","R","M","R","B"],"character_chosen":"DEFECT","items_purchased":["Cold Snap"],"campfire_rested":3,"item_purchase_floors":[4],"current_hp_per_floor":[58,58,51,51,33,15,11,33,33,33,33,22,44,44,66,0],"gold":148,"neow_bonus":"HUNDRED_GOLD","is_prod":false,"is_daily":false,"chose_seed":false,"campfire_upgraded":0,"win_rate":0,"timestamp":1551633515,"path_taken":["M","$","?","?","?","E","M","R","T","M","?","M","R","M","R","BOSS"],"build_version":"2019-01-23","purchased_purges":2,"victory":false,"max_hp_per_floor":[75,75,75,75,75,75,75,75,75,75,75,75,75,75,75,75],"card_choices":[{"not_picked":["Beam Cell","Stack","Hologram"],"picked":"SKIP","floor":1},{"not_picked":["Ball Lightning","Leap","Gash"],"picked":"SKIP","floor":3},{"not_picked":["Coolheaded","Melter","Heatsinks"],"picked":"SKIP","floor":6},{"not_picked":["Scrape","Streamline"],"picked":"Electrodynamics","floor":7},{"not_picked":["Conserve Battery","Heatsinks","Beam Cell"],"picked":"SKIP","floor":10},{"not_picked":["Coolheaded","Barrage","Force Field"],"picked":"SKIP","floor":12},{"not_picked":["Barrage","Redo"],"picked":"Chill","floor":14}],"player_experience":1578716,"relics_obtained":[{"floor":6,"key":"FossilizedHelix"}],"event_choices":[{"damage_healed":0,"gold_gain":0,"player_choice":"Take Damage","damage_taken":18,"relics_obtained":["Golden Idol"],"max_hp_gain":0,"max_hp_loss":0,"event_name":"Golden Idol","floor":5,"gold_loss":0},{"damage_healed":0,"gold_gain":0,"player_choice":"Ignored","damage_taken":0,"max_hp_gain":0,"max_hp_loss":0,"event_name":"Liars Game","floor":11,"gold_loss":0}],"is_beta":false,"boss_relics":[],"items_purged_floors":[2,4],"is_endless":false,"potions_floor_spawned":[3,6,14],"killed_by":"Hexaghost","ascension_level":7}