{"gold_per_floor":[117,192,203,203,128,128,159,59,59,59,84,94,112,132,132,132],"floor_reached":16,"playtime":864,"items_purged":["Bash","Strike_R"],"score":116,"play_id":"1b6b7d82-8a82-49d4-8363-72c41edf82f5","local_time":"20181109235102","is_ascension_mode":true,"campfire_choices":[{"data":"Clothesline","floor":6,"key":"SMITH"},{"floor":10,"key":"REST"},{"floor":15,"key":"REST"}],"neow_cost":"NONE","seed_source_timestamp":2679749024351107,"circlet_count":0,"master_deck":["Strike_R","Strike_R","Strike_R","Strike_R","Defend_R","Defend_R","Defend_R","Defend_R","Pommel Strike","Clothesline+1","Clothesline","Iron Wave","Pommel Strike","Disarm","Metallicize","Metallicize","Clothesline+1"],"relics":["Orrery","Happy Flower","Molten Egg 2","Letter Opener"],"potions_floor_usage":[],"damage_taken":[{"damage":5,"enemies":"2 Louse","floor":1,"turns":2},{"damage":0,"enemies":"Cultist","floor":3,"turns":3},{"damage":30,"enemies":"Lagavulin","floor":7,"turns":8},{"damage":30,"enemies":"3 Sentries","floor":11,"turns":8},{"damage":0,"enemies":"Jaw Worm","floor":12,"turns":4},{"damage":7,"enemies":"Exordium Wildlife","floor":13,"turns":4},{"damage":5,"enemies":"Large Slime","floor":14,"turns":7},{"damage":43,"enemies":"Slime Boss","floor":16,"turns":9}],"seed_played":"-4762286996184612372","potions_obtained":[{"floor":3,"key":"PowerPotion"},{"floor":7,"key":"AttackPotion"},{"floor":11,"key":"SteroidPotion"}],"is_trial":false,"path_per_floor":["M","?","M","?","$","R","E","$","T","R","E","M","M","M","R","B"],"character_chosen":"IRONCLAD","items_purchased":[],"campfire_rested":2,"item_purchase_floors":[],"current_hp_per_floor":[75,67,67,67,67,67,37,37,37,61,31,31,24,19,43,0],"gold":132,"neow_bonus":"BOSS_RELIC","is_prod":false,"is_daily":false,"chose_seed":false,"campfire_upgraded":1,"win_rate":0,"timestamp":1541829062,"path_taken":["M","?","?","?","$","R","E","$","T","R","E","M","?","M","R","BOSS"],"build_version":"2018-11-08","purchased_purges":2,"victory":false,"max_hp_per_floor":[80,80,80,80,80,80,80,80,80,80,80,80,80,80,80,80],"card_choices":[{"not_picked":["Rampage","True Grit"],"picked":"Pommel Strike","floor":0},{"not_picked":["Corruption","Second Wind"],"picked":"Clothesline","floor":0},{"not_picked":["Twin Strike","Perfected Strike"],"picked":"Clothesline","floor":0},{"not_picked":["Fiend Fire","Power Through"],"picked":"Iron Wave","floor":0},{"not_picked":["Havoc","Seeing Red"],"picked":"Pommel Strike","floor":0},{"not_picked":["Body Slam","True Grit","Power Through"],"picked":"SKIP","floor":1},{"not_picked":["Clothesline","Rage","Iron Wave"],"picked":"SKIP","floor":3},{"not_picked":["Headbutt","Armaments"],"picked":"Disarm","floor":7},{"not_picked":["Exhume","Infernal Blade"],"picked":"Metallicize","floor":11},{"not_picked":["Ghostly Armor","Warcry"],"picked":"Metallicize","floor":12},{"not_picked":["Bloodletting","Clash+1"],"picked":"Clothesline+1","floor":13},{"not_picked":["Clash+1","Corruption","Sword Boomerang+1"],"picked":"SKIP","floor":14}],"player_experience":53225,"relics_obtained":[{"floor":7,"key":"Happy Flower"},{"floor":9,"key":"Molten Egg 2"},{"floor":11,"key":"Letter Opener"}],"event_choices":[{"damage_healed":0,"gold_gain":75,"player_choice":"Touch","damage_taken":8,"max_hp_gain":0,"max_hp_loss":0,"event_name":"FaceTrader","floor":2,"gold_loss":0},{"damage_healed":0,"gold_gain":0,"player_choice":"Ignored","damage_taken":0,"max_hp_gain":0,"max_hp_loss":0,"event_name":"Transmorgrifier","floor":4,"gold_loss":0}],"is_beta":false,"boss_relics":[],"items_purged_floors":[5,8],"is_endless":false,"potions_floor_spawned":[3,7,11],"killed_by":"Slime Boss","ascension_level":1}