{"gold_per_floor":[118,118,138,138,157,191,191,191,191,116,116,116,129,94,94,191,241,254,254,265,282,182,182,57,70,70,70,70,170,170,182,182,282,282,297,147,147,162,162,162],"floor_reached":40,"playtime":2889,"items_purged":["Decay","Bash","Defend_R","Defend_R"],"score":432,"play_id":"680928d2-634d-4a8f-af77-60edbace63f0","local_time":"20181104161516","is_ascension_mode":false,"campfire_choices":[{"floor":7,"key":"REST"},{"floor":11,"key":"REST"},{"data":"Metallicize","floor":15,"key":"SMITH"},{"floor":23,"key":"REST"},{"data":"Armaments","floor":27,"key":"SMITH"},{"floor":32,"key":"REST"}],"neow_cost":"NONE","seed_source_timestamp":2218368080124766,"circlet_count":0,"master_deck":["Strike_R","Strike_R","Strike_R","Strike_R","Strike_R","Defend_R","Headbutt","Metallicize+1","Clash+1","Anger","Armaments+1","Clash","Fire Breathing","Juggernaut","Dual Wield+1","Rage+1","Pommel Strike+1"],"relics":["Velvet Choker","Pantograph","Mango","Bottled Tornado","Tiny House","Kunai","Thread and Needle","Question Card","Runic Pyramid"],"potions_floor_usage":[18,18,18,29,29,33],"damage_taken":[{"damage":10,"enemies":"Jaw Worm","floor":1,"turns":4},{"damage":1,"enemies":"Cultist","floor":3,"turns":3},{"damage":0,"enemies":"2 Louse","floor":5,"turns":3},{"damage":33,"enemies":"3 Sentries","floor":6,"turns":7},{"damage":8,"enemies":"Large Slime","floor":13,"turns":4},{"damage":31,"enemies":"Slime Boss","floor":16,"turns":13},{"damage":18,"enemies":"2 Thieves","floor":18,"turns":4},{"damage":1,"enemies":"Spheric Guardian","floor":20,"turns":3},{"damage":32,"enemies":"Centurion and Healer","floor":21,"turns":6},{"damage":21,"enemies":"Snecko","floor":25,"turns":5},{"damage":21,"enemies":"Colosseum Slavers","floor":29,"turns":3},{"damage":15,"enemies":"Colosseum Nobs","floor":29,"turns":5},{"damage":14,"enemies":"Snake Plant","floor":31,"turns":5},{"damage":47,"enemies":"Champ","floor":33,"turns":9},{"damage":13,"enemies":"3 Darklings","floor":35,"turns":4},{"damage":7,"enemies":"3 Shapes","floor":38,"turns":3},{"damage":93,"enemies":"Reptomancer","floor":40,"turns":3}],"seed_played":"6439448986138034085","potions_obtained":[{"floor":13,"key":"SpeedPotion"},{"floor":16,"key":"SpeedPotion"},{"floor":17,"key":"BloodPotion"},{"floor":18,"key":"Explosive Potion"},{"floor":25,"key":"Block Potion"},{"floor":31,"key":"Dexterity Potion"},{"floor":33,"key":"Energy Potion"},{"floor":38,"key":"Dexterity Potion"}],"is_trial":false,"path_per_floor":["M","?","M","?","M","E","R","?","T","$","R","$","M","?","R","B",null,"M","?","M","M","$","R","$","M","T","R","$","?","?","M","R","B",null,"M","$","?","M","$","E"],"character_chosen":"IRONCLAD","items_purchased":[],"campfire_rested":4,"item_purchase_floors":[],"current_hp_per_floor":[70,70,69,69,69,36,60,49,49,49,77,77,69,92,92,63,99,94,113,112,80,80,113,113,92,92,92,92,56,56,42,75,53,113,100,100,100,93,93,0],"gold":162,"neow_bonus":"BOSS_RELIC","is_prod":false,"is_daily":false,"chose_seed":false,"campfire_upgraded":2,"win_rate":0.0,"timestamp":1541369716,"path_taken":["M","?","?","?","M","E","R","?","T","$","R","?","?","?","R","BOSS","M","?","M","?","?","R","$","?","T","R","$","?","?","M","R","BOSS","M","$","?","M","$","E"],"build_version":"2018-11-01","purchased_purges":4,"victory":false,"max_hp_per_floor":[80,80,80,80,80,80,80,94,94,94,94,94,94,94,94,94,99,103,113,113,113,113,113,113,113,113,113,113,113,113,113,113,113,113,113,113,113,113,113,113],"card_choices":[{"not_picked":["Clash","Pommel Strike"],"picked":"Headbutt","floor":1},{"not_picked":["Headbutt","Rupture"],"picked":"Metallicize","floor":3},{"not_picked":["Clothesline","Disarm"],"picked":"Clash","floor":5},{"not_picked":["Pommel Strike","Headbutt"],"picked":"Anger","floor":6},{"not_picked":["Intimidate","Clothesline"],"picked":"Armaments","floor":13},{"not_picked":["Limit Break","Impervious"],"picked":"Feed","floor":16},{"not_picked":["Sever Soul","Sword Boomerang"],"picked":"Clash","floor":17},{"not_picked":["Heavy Blade","Corruption","Bludgeon"],"picked":"SKIP","floor":18},{"not_picked":["Perfected Strike","Body Slam","Spot Weakness"],"picked":"SKIP","floor":20},{"not_picked":["Flex+1","Armaments"],"picked":"Fire Breathing","floor":21},{"not_picked":["Body Slam","Flame Barrier","Clothesline"],"picked":"SKIP","floor":25},{"not_picked":["Dropkick","Feel No Pain+1"],"picked":"Juggernaut","floor":29},{"not_picked":["Armaments","Shockwave+1","Thunderclap"],"picked":"Dual Wield+1","floor":31},{"not_picked":["Perfected Strike","Heavy Blade+1","Carnage"],"picked":"Rage+1","floor":35},{"not_picked":["Burning Pact","Seeing Red","Reckless Charge"],"picked":"Pommel Strike+1","floor":38}],"player_experience":6160,"relics_obtained":[{"floor":6,"key":"Pantograph"},{"floor":9,"key":"Bottled Tornado"},{"floor":26,"key":"Kunai"},{"floor":29,"key":"Thread and Needle"},{"floor":29,"key":"Question Card"}],"event_choices":[{"damage_healed":0,"gold_gain":0,"player_choice":"Cursed","damage_taken":0,"max_hp_gain":0,"max_hp_loss":0,"event_name":"Wheel of Change","floor":2,"gold_loss":0,"cards_obtained":["Decay"]},{"damage_healed":0,"gold_gain":0,"player_choice":"Ignored","damage_taken":0,"max_hp_gain":0,"max_hp_loss":0,"event_name":"Golden Idol","floor":4,"gold_loss":0},{"damage_healed":0,"gold_gain":0,"player_choice":"Success","damage_taken":25,"relics_obtained":["Mango"],"max_hp_gain":0,"max_hp_loss":0,"event_name":"Scrap Ooze","floor":8,"gold_loss":0},{"damage_healed":23,"gold_gain":0,"player_choice":"Healed","damage_taken":0,"max_hp_gain":0,"max_hp_loss":0,"event_name":"The Cleric","floor":14,"gold_loss":35},{"cards_removed":["Feed"],"damage_healed":9,"gold_gain":0,"player_choice":"Offered Rare","damage_taken":0,"max_hp_gain":10,"max_hp_loss":0,"event_name":"Bonfire Elementals","floor":19,"gold_loss":0},{"damage_healed":0,"gold_gain":0,"player_choice":"Fight","damage_taken":0,"max_hp_gain":0,"max_hp_loss":0,"event_name":"Colosseum","floor":29,"gold_loss":0},{"damage_healed":0,"gold_gain":0,"player_choice":"Fought Nobs","damage_taken":0,"max_hp_gain":0,"max_hp_loss":0,"event_name":"Colosseum","floor":29,"gold_loss":0},{"damage_healed":0,"gold_gain":0,"player_choice":"Ignored","damage_taken":0,"max_hp_gain":0,"max_hp_loss":0,"event_name":"Vampires","floor":30,"gold_loss":0},{"cards_removed":["Defend_R"],"damage_healed":0,"gold_gain":0,"player_choice":"Removed Skill","damage_taken":0,"max_hp_gain":0,"max_hp_loss":0,"event_name":"Falling","floor":37,"gold_loss":0}],"is_beta":false,"boss_relics":[{"not_picked":["Mark of Pain","Runic Dome"],"picked":"Tiny House"},{"not_picked":["Sozu","Coffee Dripper"],"picked":"Runic Pyramid"}],"items_purged_floors":[10,22,24,36],"is_endless":false,"potions_floor_spawned":[13,16,18,25,29,31,33,38],"killed_by":"Reptomancer","ascension_level":0}