{"gold_per_floor":[119,119,136,146,162,162,162,112,160,178,31,47,47,47,47,150,150,168,168,181,201,45,45,58,58,84,84,94,106,6,20,20,20],"floor_reached":33,"playtime":1587,"items_purged":["Strike_B","Defend_B"],"score":337,"play_id":"326c955e-2009-42d5-8bab-db194e0ed63a","local_time":"20190417201338","is_ascension_mode":true,"campfire_choices":[{"floor":7,"key":"REST"},{"data":"Capacitor","floor":13,"key":"SMITH"},{"data":"Chill","floor":15,"key":"SMITH"},{"floor":23,"key":"REST"},{"floor":27,"key":"REST"},{"floor":32,"key":"REST"}],"neow_cost":"NONE","seed_source_timestamp":664377666026211,"circlet_count":0,"master_deck":["Defend_B","Defend_B","Zap+1","Chill+1","Capacitor+1","Echo Form","Loop+1","Melter","Auto Shields","Madness","Defragment","Tempest+1","BootSequence"],"relics":["Cracked Core","Strawberry","Bronze Scales","Philosopher\u0027s Stone","PreservedInsect"],"potions_floor_usage":[12,16,16,31,31],"damage_taken":[{"damage":4,"enemies":"Small Slimes","floor":1,"turns":4},{"damage":0,"enemies":"Cultist","floor":3,"turns":3},{"damage":7,"enemies":"Jaw Worm","floor":4,"turns":3},{"damage":17,"enemies":"3 Louse","floor":5,"turns":4},{"damage":1,"enemies":"Exordium Wildlife","floor":10,"turns":4},{"damage":0,"enemies":"Gremlin Gang","floor":12,"turns":4},{"damage":32,"enemies":"Hexaghost","floor":16,"turns":11},{"damage":15,"enemies":"Shell Parasite","floor":18,"turns":8},{"damage":0,"enemies":"Spheric Guardian","floor":20,"turns":3},{"damage":22,"enemies":"Snake Plant","floor":21,"turns":5},{"damage":3,"enemies":"Snecko","floor":24,"turns":7},{"damage":60,"enemies":"Chosen and Byrds","floor":28,"turns":7},{"damage":12,"enemies":"Centurion and Healer","floor":29,"turns":7},{"damage":0,"enemies":"Snecko","floor":31,"turns":4},{"damage":34,"enemies":"Champ","floor":33,"turns":7}],"seed_played":"901937241003894537","potions_obtained":[{"floor":1,"key":"Explosive Potion"},{"floor":4,"key":"Block Potion"},{"floor":12,"key":"Swift Potion"},{"floor":20,"key":"Swift Potion"},{"floor":21,"key":"SpeedPotion"},{"floor":28,"key":"Explosive Potion"},{"floor":31,"key":"SpeedPotion"}],"is_trial":false,"path_per_floor":["M","?","M","M","M","?","R","?","T","M","$","M","R","?","R","B",null,"M","?","M","M","$","R","M","?","T","R","M","M","$","M","R","B"],"character_chosen":"DEFECT","items_purchased":["Capacitor","Madness","Defragment"],"campfire_rested":4,"item_purchase_floors":[11,22,22],"current_hp_per_floor":[64,64,64,57,40,44,68,68,68,67,67,67,67,67,67,35,70,55,55,55,33,33,57,54,54,54,78,18,6,6,6,30,0],"gold":20,"neow_bonus":"UPGRADE_CARD","is_prod":false,"is_daily":false,"chose_seed":false,"campfire_upgraded":2,"win_rate":0,"timestamp":1555550018,"path_taken":["M","?","?","M","M","?","R","?","T","M","?","?","R","?","R","BOSS","M","?","M","M","$","R","M","?","T","R","M","?","?","M","R","BOSS"],"build_version":"2019-01-23","purchased_purges":2,"victory":false,"max_hp_per_floor":[75,75,75,75,75,82,82,82,82,82,82,82,82,82,82,82,82,82,82,82,82,82,82,82,82,82,82,82,82,82,82,82,82],"card_choices":[{"not_picked":["Steam","Go for the Eyes","Coolheaded"],"picked":"SKIP","floor":1},{"not_picked":["Ball Lightning","Beam Cell"],"picked":"Chill","floor":3},{"not_picked":["Turbo","Ball Lightning","Tempest"],"picked":"SKIP","floor":4},{"not_picked":["Meteor Strike","Leap","Melter"],"picked":"SKIP","floor":5},{"not_picked":["Leap","Chaos","Redo"],"picked":"SKIP","floor":10},{"not_picked":["Turbo","Rebound","Reprogram"],"picked":"SKIP","floor":12},{"not_picked":["Seek","Core Surge"],"picked":"Echo Form","floor":16},{"not_picked":["Auto Shields","Go for the Eyes+1"],"picked":"Loop+1","floor":18},{"not_picked":["Redo+1","Compile Driver","Ball Lightning"],"picked":"SKIP","floor":20},{"not_picked":["Gash","Fusion","Stack"],"picked":"SKIP","floor":21},{"not_picked":["Barrage+1","Sunder"],"picked":"Tempest+1","floor":24},{"not_picked":["Coolheaded","Stack","Rebound"],"picked":"SKIP","floor":28},{"not_picked":["White Noise","Ball Lightning","Doom and Gloom"],"picked":"SKIP","floor":29},{"not_picked":["Rebound","Chaos"],"picked":"BootSequence","floor":31}],"player_experience":1853102,"relics_obtained":[{"floor":9,"key":"Bronze Scales"},{"floor":26,"key":"PreservedInsect"}],"event_choices":[{"cards_removed":["Dualcast"],"damage_healed":0,"gold_gain":0,"player_choice":"Purged","damage_taken":0,"max_hp_gain":0,"max_hp_loss":0,"event_name":"Purifier","floor":2,"gold_loss":0},{"damage_healed":0,"gold_gain":0,"player_choice":"Success","damage_taken":3,"relics_obtained":["Strawberry"],"max_hp_gain":0,"max_hp_loss":0,"event_name":"Scrap Ooze","floor":6,"gold_loss":0},{"cards_removed":["Strike_B"],"damage_healed":0,"gold_gain":0,"player_choice":"Card Removal","damage_taken":0,"max_hp_gain":0,"max_hp_loss":0,"event_name":"The Cleric","floor":8,"gold_loss":50},{"damage_healed":0,"gold_gain":0,"player_choice":"Ignored","damage_taken":0,"max_hp_gain":0,"max_hp_loss":0,"event_name":"Liars Game","floor":14,"gold_loss":0},{"damage_healed":0,"gold_gain":0,"cards_transformed":["Strike_B","Strike_B"],"player_choice":"Became Test Subject","damage_taken":0,"max_hp_gain":0,"max_hp_loss":0,"event_name":"Drug Dealer","floor":19,"gold_loss":0,"cards_obtained":["Melter","Auto Shields"]},{"cards_removed":["Defend_B"],"damage_healed":0,"gold_gain":0,"player_choice":"Card Removal","damage_taken":0,"max_hp_gain":0,"max_hp_loss":0,"event_name":"Wheel of Change","floor":25,"gold_loss":0}],"is_beta":false,"boss_relics":[{"not_picked":["Orrery","Ectoplasm"],"picked":"Philosopher\u0027s Stone"}],"items_purged_floors":[11,30],"is_endless":false,"potions_floor_spawned":[1,4,12,20,21,28,31],"killed_by":"Champ","ascension_level":8}