{"gold_per_floor":[115,115,135,152,163,163,179,194,221,146,157,174,174,174,174,275,275,292,292,292,56,67,67,85,85,112,112,112],"floor_reached":28,"playtime":1569,"items_purged":["Dualcast","Strike_B"],"score":297,"play_id":"53f4e5b4-a701-4b3d-a439-cf4d20e8c8de","local_time":"20190425003540","is_ascension_mode":true,"campfire_choices":[{"data":"Zap","floor":6,"key":"SMITH"},{"floor":13,"key":"REST"},{"floor":15,"key":"REST"},{"floor":23,"key":"REST"},{"floor":27,"key":"REST"}],"neow_cost":"NONE","seed_source_timestamp":1284924330840843,"circlet_count":0,"master_deck":["Defend_B","Defend_B","Defend_B","Zap+1","Finesse","BootSequence","Thunder Strike","Static Discharge","Seek","Seek+1","Lockon+1","Chill+1","Glacier","Loop","Defragment","Cold Snap"],"relics":["Cracked Core","Vajra","Bottled Flame","Astrolabe","Omamori"],"potions_floor_usage":[8,16,16,16,21],"damage_taken":[{"damage":0,"enemies":"Cultist","floor":1,"turns":4},{"damage":0,"enemies":"Jaw Worm","floor":3,"turns":3},{"damage":0,"enemies":"2 Louse","floor":4,"turns":3},{"damage":10,"enemies":"2 Fungi Beasts","floor":5,"turns":4},{"damage":6,"enemies":"3 Louse","floor":7,"turns":4},{"damage":0,"enemies":"Gremlin Gang","floor":8,"turns":6},{"damage":19,"enemies":"Lots of Slimes","floor":11,"turns":5},{"damage":13,"enemies":"2 Fungi Beasts","floor":12,"turns":4},{"damage":13,"enemies":"Slime Boss","floor":16,"turns":8},{"damage":16,"enemies":"2 Thieves","floor":18,"turns":4},{"damage":6,"enemies":"Spheric Guardian","floor":22,"turns":7},{"damage":26,"enemies":"Centurion and Healer","floor":24,"turns":10},{"damage":77,"enemies":"Slavers","floor":28,"turns":8}],"seed_played":"-14352792254620105","potions_obtained":[{"floor":2,"key":"EssenceOfSteel"},{"floor":2,"key":"Weak Potion"},{"floor":2,"key":"Energy Potion"},{"floor":3,"key":"Fire Potion"},{"floor":8,"key":"SkillPotion"},{"floor":18,"key":"Block Potion"},{"floor":22,"key":"Weak Potion"}],"is_trial":false,"path_per_floor":["M","?","M","M","M","R","M","M","T","$","M","M","R","T","R","B",null,"M","?","?","$","M","R","M","?","T","R","E"],"character_chosen":"DEFECT","items_purchased":["Loop","Fruit Juice"],"campfire_rested":4,"item_purchase_floors":[21,21],"current_hp_per_floor":[68,68,68,68,58,58,52,52,52,52,33,20,42,42,64,51,69,53,53,53,58,52,76,50,50,50,74,0],"gold":112,"neow_bonus":"RANDOM_COLORLESS","is_prod":false,"is_daily":false,"chose_seed":false,"campfire_upgraded":1,"win_rate":0,"timestamp":1556170540,"path_taken":["M","?","M","?","M","R","M","M","T","$","M","M","R","?","R","BOSS","M","?","?","?","?","R","M","?","T","R","E"],"build_version":"2019-01-23","purchased_purges":2,"victory":false,"max_hp_per_floor":[75,75,75,75,75,75,75,75,75,75,75,75,75,75,75,75,75,75,75,75,80,80,80,80,80,80,80,80],"card_choices":[{"not_picked":["Leap","Rebound"],"picked":"BootSequence","floor":1},{"not_picked":["Steam","Sweeping Beam","Steam Power"],"picked":"SKIP","floor":3},{"not_picked":["Hologram","Sweeping Beam","Ball Lightning"],"picked":"SKIP","floor":4},{"not_picked":["Stack","Redo","Force Field"],"picked":"SKIP","floor":5},{"not_picked":["Darkness","Rip and Tear","Hologram"],"picked":"SKIP","floor":7},{"not_picked":["Gash","Coolheaded"],"picked":"Thunder Strike","floor":8},{"not_picked":["Aggregate","Blizzard"],"picked":"Static Discharge","floor":11},{"not_picked":["Hologram","Beam Cell","Coolheaded"],"picked":"SKIP","floor":12},{"not_picked":["Creative AI","Meteor Strike"],"picked":"Seek","floor":16},{"not_picked":["Barrage+1","Hologram"],"picked":"Glacier","floor":18},{"not_picked":["Go for the Eyes","Hello World"],"picked":"Defragment","floor":22},{"not_picked":["Sweeping Beam","Doom and Gloom"],"picked":"Cold Snap","floor":24}],"player_experience":1880532,"relics_obtained":[{"floor":9,"key":"Vajra"},{"floor":14,"key":"Bottled Flame"},{"floor":26,"key":"Omamori"}],"event_choices":[{"damage_healed":0,"gold_gain":0,"player_choice":"Got Potions","damage_taken":0,"max_hp_gain":0,"max_hp_loss":0,"event_name":"Lab","floor":2,"gold_loss":0},{"damage_healed":0,"gold_gain":0,"player_choice":"Ignored","damage_taken":0,"max_hp_gain":0,"max_hp_loss":0,"event_name":"Vampires","floor":19,"gold_loss":0},{"damage_healed":0,"gold_gain":0,"player_choice":"Ignored","damage_taken":0,"max_hp_gain":0,"max_hp_loss":0,"event_name":"Ghosts","floor":20,"gold_loss":0},{"cards_removed":["Defend_B"],"damage_healed":0,"gold_gain":0,"player_choice":"Elegance","damage_taken":0,"max_hp_gain":0,"max_hp_loss":0,"event_name":"Back to Basics","floor":25,"gold_loss":0}],"is_beta":false,"boss_relics":[{"not_picked":["Nuclear Battery","FrozenCore"],"picked":"Astrolabe"}],"items_purged_floors":[10,21],"is_endless":false,"potions_floor_spawned":[3,5,8,11,12,18,22],"killed_by":"Slavers","ascension_level":8}