{"gold_per_floor":[111,126,138,152,227,176,208,208,234,250,250,264,264,276,276,377,377,396,396,406,466,482,482,512,528,607,626,676,676,256,406,406,509,509,529,547,597,647,373,373,407,407,433,453,471,532,548,246,246,246],"floor_reached":50,"playtime":1898,"items_purged":["Decay","Bash","Pain"],"score":548,"play_id":"05636879-9338-4874-bf79-00b607b0e98e","local_time":"20190818200911","is_ascension_mode":false,"campfire_choices":[{"data":"Perfected Strike","floor":11,"key":"SMITH"},{"data":"Perfected Strike","floor":13,"key":"SMITH"},{"floor":15,"key":"REST"},{"data":"Perfected Strike","floor":23,"key":"SMITH"},{"floor":29,"key":"REST"},{"floor":32,"key":"REST"},{"data":"Double Tap","floor":40,"key":"SMITH"},{"floor":42,"key":"DIG"},{"floor":49,"key":"REST"}],"neow_cost":"NONE","seed_source_timestamp":288313074905318,"circlet_count":0,"master_deck":["Strike_R+1","Strike_R","Strike_R","Strike_R","Strike_R","Defend_R","Defend_R","Defend_R","Defend_R","Headbutt","Perfected Strike+1","Perfected Strike+1","Twin Strike+1","Rampage+1","Twin Strike","Perfected Strike+1","Twin Strike","Twin Strike","Double Tap+1","Twin Strike","Madness","Madness","Swift Strike","Inflame"],"relics":["Burning Blood","Whetstone","Orichalcum","Cursed Key","SsserpentHead","Centennial Puzzle","Ornamental Fan","Membership Card","Bag of Preparation","Shovel","Pear","Philosopher\u0027s Stone","Brimstone","Tiny Chest","Bottled Flame","Mummified Hand","Du-Vu Doll","Blood Vial","Kunai","Regal Pillow"],"potions_floor_usage":[7,12,16,16,20,21,24,24,36,44,46,50],"damage_taken":[{"damage":6,"enemies":"2 Louse","floor":1,"turns":3},{"damage":11,"enemies":"Jaw Worm","floor":2,"turns":2},{"damage":1,"enemies":"Cultist","floor":3,"turns":3},{"damage":15,"enemies":"Looter","floor":4,"turns":3},{"damage":40,"enemies":"3 Sentries","floor":7,"turns":6},{"damage":7,"enemies":"Blue Slaver","floor":10,"turns":3},{"damage":0,"enemies":"Large Slime","floor":12,"turns":4},{"damage":4,"enemies":"Exordium Wildlife","floor":14,"turns":2},{"damage":42,"enemies":"Hexaghost","floor":16,"turns":6},{"damage":7,"enemies":"3 Byrds","floor":18,"turns":5},{"damage":2,"enemies":"Chosen","floor":20,"turns":3},{"damage":7,"enemies":"Snake Plant","floor":21,"turns":2},{"damage":5,"enemies":"Cultist and Chosen","floor":22,"turns":4},{"damage":54,"enemies":"Gremlin Leader","floor":24,"turns":7},{"damage":13,"enemies":"3 Cultists","floor":25,"turns":5},{"damage":2,"enemies":"Centurion and Healer","floor":27,"turns":4},{"damage":9,"enemies":"Colosseum Slavers","floor":31,"turns":2},{"damage":7,"enemies":"Colosseum Nobs","floor":31,"turns":3},{"damage":48,"enemies":"Automaton","floor":33,"turns":6},{"damage":0,"enemies":"Orb Walker","floor":35,"turns":1},{"damage":16,"enemies":"3 Shapes","floor":36,"turns":2},{"damage":9,"enemies":"Nemesis","floor":41,"turns":3},{"damage":18,"enemies":"Maw","floor":44,"turns":3},{"damage":20,"enemies":"Writhing Mass","floor":45,"turns":3},{"damage":5,"enemies":"3 Darklings","floor":46,"turns":2},{"damage":29,"enemies":"Spire Growth","floor":47,"turns":3},{"damage":99,"enemies":"Awakened One","floor":50,"turns":6}],"seed_played":"-7375319301550864923","potions_obtained":[{"floor":3,"key":"Regen Potion"},{"floor":4,"key":"Poison Potion"},{"floor":7,"key":"SkillPotion"},{"floor":10,"key":"SkillPotion"},{"floor":12,"key":"Regen Potion"},{"floor":20,"key":"EssenceOfSteel"},{"floor":21,"key":"Weak Potion"},{"floor":22,"key":"Block Potion"},{"floor":33,"key":"LiquidBronze"},{"floor":36,"key":"Poison Potion"},{"floor":41,"key":"Block Potion"},{"floor":46,"key":"Dexterity Potion"}],"is_trial":false,"path_per_floor":["M","M","M","M","?","$","E","?","T","M","R","M","R","M","R","B",null,"M","?","M","M","M","R","E","M","T","M","?","R","$","?","R","B",null,"M","M","?","?","$","R","E","R","T","M","M","M","M","$","R","B"],"character_chosen":"IRONCLAD","items_purchased":["Twin Strike","Membership Card","Double Tap","Bag of Preparation","Twin Strike","Brimstone","Tiny Chest","Bottled Flame","Kunai","Regal Pillow","Inflame"],"campfire_rested":4,"item_purchase_floors":[6,30,30,30,30,39,39,39,48,48,48],"current_hp_per_floor":[80,75,80,71,60,60,40,40,40,39,39,45,45,47,71,40,80,79,79,80,79,80,80,32,25,25,29,29,53,53,59,86,44,90,90,80,69,69,69,69,66,66,66,56,44,47,26,26,68,0],"gold":246,"neow_bonus":"THREE_CARDS","is_prod":false,"is_daily":false,"chose_seed":false,"campfire_upgraded":4,"win_rate":0,"timestamp":1566173351,"path_taken":["M","M","M","M","?","$","E","?","T","M","R","M","R","M","R","BOSS","M","?","M","?","M","R","E","M","T","M","?","R","$","?","R","BOSS","M","M","?","?","?","R","E","R","T","M","M","?","M","$","R","BOSS"],"build_version":"2019-07-17","purchased_purges":3,"victory":false,"max_hp_per_floor":[80,80,80,80,80,80,80,80,80,80,80,80,80,80,80,80,80,80,80,80,80,80,80,80,80,80,80,80,80,80,90,90,90,90,90,90,90,90,90,90,90,90,90,90,90,90,90,90,90,90],"card_choices":[{"not_picked":["Pommel Strike","Corruption"],"picked":"Headbutt","floor":0},{"not_picked":["Power Through","Warcry"],"picked":"Perfected Strike","floor":1},{"not_picked":["Body Slam","Evolve","Warcry"],"picked":"SKIP","floor":2},{"not_picked":["Battle Trance","Pummel","Dropkick"],"picked":"SKIP","floor":3},{"not_picked":["Pummel","Flame Barrier"],"picked":"Perfected Strike","floor":4},{"not_picked":["Battle Trance","Blood for Blood"],"picked":"Rampage","floor":7},{"not_picked":["Exhume","Pummel"],"picked":"Twin Strike","floor":10},{"not_picked":["Shrug It Off","Cleave"],"picked":"Perfected Strike","floor":12},{"not_picked":["Warcry","Whirlwind","Disarm"],"picked":"SKIP","floor":14},{"not_picked":["Entrench","True Grit","Hemokinesis+1"],"picked":"SKIP","floor":18},{"not_picked":["Shrug It Off","Heavy Blade"],"picked":"Twin Strike","floor":20},{"not_picked":["Ghostly Armor","Infernal Blade","Flex"],"picked":"SKIP","floor":21},{"not_picked":["Shrug It Off+1","Body Slam+1","Shockwave+1"],"picked":"SKIP","floor":22},{"not_picked":["Havoc","Inflame","Carnage"],"picked":"SKIP","floor":24},{"not_picked":["Rampage","Heavy Blade","Intimidate"],"picked":"SKIP","floor":25},{"not_picked":["Armaments","Shockwave"],"picked":"Twin Strike","floor":27},{"not_picked":["Warcry","Body Slam","Armaments"],"picked":"SKIP","floor":35},{"not_picked":["Anger","Iron Wave+1","Clothesline+1"],"picked":"SKIP","floor":36},{"not_picked":["Transmutation","Chrysalis"],"picked":"Swift Strike","floor":38},{"not_picked":["Headbutt+1","Warcry","Sword Boomerang+1"],"picked":"SKIP","floor":41},{"not_picked":["Armaments","Warcry+1","Rampage+1"],"picked":"SKIP","floor":44},{"not_picked":["Shrug It Off+1","Offering","Power Through+1"],"picked":"SKIP","floor":45},{"not_picked":["Clothesline+1","Cleave+1","Sword Boomerang"],"picked":"SKIP","floor":46},{"not_picked":["Intimidate","Shrug It Off","Rage"],"picked":"SKIP","floor":47}],"player_experience":127385,"relics_obtained":[{"floor":7,"key":"Whetstone"},{"floor":9,"key":"Orichalcum"},{"floor":24,"key":"Centennial Puzzle"},{"floor":26,"key":"Ornamental Fan"},{"floor":31,"key":"Shovel"},{"floor":31,"key":"Pear"},{"floor":41,"key":"Mummified Hand"},{"floor":42,"key":"Du-Vu Doll"},{"floor":43,"key":"Blood Vial"}],"event_choices":[{"damage_healed":0,"gold_gain":75,"player_choice":"Gather Gold","damage_taken":11,"max_hp_gain":0,"max_hp_loss":0,"event_name":"World of Goop","floor":5,"gold_loss":0},{"damage_healed":0,"gold_gain":0,"player_choice":"Grow","damage_taken":0,"max_hp_gain":0,"max_hp_loss":0,"event_name":"Living Wall","floor":8,"gold_loss":0,"cards_upgraded":["Rampage"]},{"damage_healed":0,"gold_gain":0,"player_choice":"Trade","damage_taken":0,"relics_obtained":["SsserpentHead"],"max_hp_gain":0,"max_hp_loss":0,"event_name":"FaceTrader","floor":19,"gold_loss":0},{"damage_healed":0,"gold_gain":0,"player_choice":"Ignored","damage_taken":0,"max_hp_gain":0,"max_hp_loss":0,"event_name":"Ghosts","floor":28,"gold_loss":0},{"damage_healed":0,"gold_gain":0,"player_choice":"Fight","damage_taken":0,"max_hp_gain":0,"max_hp_loss":0,"event_name":"Colosseum","floor":31,"gold_loss":0},{"damage_healed":0,"gold_gain":0,"player_choice":"Fought Nobs","damage_taken":0,"max_hp_gain":0,"max_hp_loss":0,"event_name":"Colosseum","floor":31,"gold_loss":0},{"damage_healed":0,"gold_gain":0,"player_choice":"Embrace Madness","damage_taken":11,"max_hp_gain":0,"max_hp_loss":0,"event_name":"Winding Halls","floor":37,"gold_loss":0,"cards_obtained":["Madness","Madness"]},{"damage_healed":0,"gold_gain":0,"player_choice":"Memory 1","damage_taken":0,"max_hp_gain":0,"max_hp_loss":0,"event_name":"SensoryStone","floor":38,"gold_loss":0}],"is_beta":false,"boss_relics":[{"not_picked":["Snecko Eye","Empty Cage"],"picked":"Cursed Key"},{"not_picked":["Coffee Dripper","Tiny House"],"picked":"Philosopher\u0027s Stone"}],"items_purged_floors":[30,39,48],"is_endless":false,"potions_floor_spawned":[3,4,7,10,12,20,21,22,33,36,41,46],"killed_by":"Awakened One","ascension_level":0}