{"gold_per_floor":[109,139,139,64,79,98,112,112,136,136],"floor_reached":10,"playtime":309,"items_purged":["Strike_R"],"score":87,"play_id":"fbea76bf-33e8-475c-b6fe-b037c7c2c690","local_time":"20190714203638","is_ascension_mode":true,"campfire_choices":[{"floor":8,"key":"REST"}],"neow_cost":"PERCENT_DAMAGE","seed_source_timestamp":0,"circlet_count":0,"master_deck":["AscendersBane","Strike_R","Strike_R","Strike_R","Defend_R","Defend_R","Defend_R","Defend_R","Bash","Demon Form","Heavy Blade","Body Slam"],"special_seed":0,"relics":["Burning Blood","Tiny Chest"],"potions_floor_usage":[],"damage_taken":[{"damage":9.0,"enemies":"Small Slimes","floor":1.0,"turns":5.0},{"damage":10.0,"enemies":"2 Louse","floor":5.0,"turns":4.0},{"damage":7.0,"enemies":"Jaw Worm","floor":6.0,"turns":4.0},{"damage":26,"enemies":"Lots of Slimes","floor":7,"turns":6},{"damage":56,"enemies":"Gremlin Nob","floor":10,"turns":5}],"seed_played":"-7391556192030077966","potions_obtained":[{"floor":1.0,"key":"Ancient Potion"},{"floor":5.0,"key":"EssenceOfSteel"},{"floor":6.0,"key":"Poison Potion"}],"is_trial":false,"path_per_floor":["M","?","?","$","M","M","M","R","T","E"],"character_chosen":"IRONCLAD","items_purchased":[],"campfire_rested":1,"item_purchase_floors":[],"current_hp_per_floor":[48,45,45,45,41,40,20,44,44,0],"gold":136,"neow_bonus":"THREE_RARE_CARDS","is_prod":false,"is_daily":false,"chose_seed":false,"campfire_upgraded":0,"win_rate":0,"timestamp":1563154598,"path_taken":["M","?","?","?","M","M","?","R","T","E"],"build_version":"2019-07-05","purchased_purges":1,"victory":false,"max_hp_per_floor":[80,80,80,80,80,80,80,80,80,80],"card_choices":[{"not_picked":["Bludgeon","Feed"],"picked":"Demon Form","floor":0.0},{"not_picked":["Rupture","Hemokinesis","Feel No Pain"],"picked":"SKIP","floor":1.0},{"not_picked":["True Grit","Inflame","Shockwave"],"picked":"SKIP","floor":5.0},{"not_picked":["Shockwave","Warcry"],"picked":"Body Slam","floor":6.0},{"not_picked":["Clothesline","Warcry","Flex"],"picked":"SKIP","floor":7}],"player_experience":2323291,"relics_obtained":[],"event_choices":[{"damage_healed":0.0,"max_hp_gain":0.0,"max_hp_loss":0.0,"gold_gain":0.0,"event_name":"Scrap Ooze","player_choice":"Success","floor":2.0,"gold_loss":0.0,"damage_taken":3.0,"relics_obtained":["Tiny Chest"]},{"damage_healed":0.0,"max_hp_gain":0.0,"max_hp_loss":0.0,"gold_gain":0.0,"cards_transformed":["Strike_R"],"event_name":"Living Wall","player_choice":"Change","floor":3.0,"gold_loss":0.0,"damage_taken":0.0,"cards_obtained":["Heavy Blade"]}],"is_beta":false,"boss_relics":[],"items_purged_floors":[4],"is_endless":false,"potions_floor_spawned":[1,5,6],"killed_by":"Gremlin Nob","ascension_level":10}