{"gold_per_floor":[10,10,29,29,42,42,66,80,80,96,21,21,35,35,35,154,154,169,259,10,35,49,49,69,84,84,183,183,183,183,206,206,334,334,352,368,65,190,190,190,204,239,239,239,258,277,277,292,292,292,292,292,6,39,39],"floor_reached":55,"playtime":8030,"items_purged":["Strike_G","Strike_G","Strike_G","Strike_G"],"score":969,"play_id":"e1513d66-e29b-41bf-8571-609da107e4f9","local_time":"20190713193848","is_ascension_mode":true,"campfire_choices":[{"floor":6,"key":"REST"},{"floor":12,"key":"REST"},{"data":"Blur","floor":15,"key":"SMITH"},{"data":"Adrenaline","floor":23,"key":"SMITH"},{"data":"Deadly Poison","floor":28,"key":"SMITH"},{"floor":32,"key":"REST"},{"floor":40,"key":"REST"},{"floor":44,"key":"REST"},{"floor":47,"key":"REST"},{"floor":49,"key":"RECALL"},{"floor":52,"key":"REST"}],"neow_cost":"NO_GOLD","seed_source_timestamp":148194950678760,"circlet_count":0,"master_deck":["Defend_G","Defend_G","Defend_G","Defend_G","Defend_G","Survivor","Neutralize","Backflip","Backflip","Deadly Poison+1","Deadly Poison","Backflip","Leg Sweep","Bouncing Flask","Blur+1","Adrenaline+1","Catalyst","Noxious Fumes","Necronomicurse","Caltrops+1","Apotheosis","Catalyst+1","Backstab","Well Laid Plans","Bouncing Flask"],"relics":["Ring of the Snake","Prayer Wheel","Golden Idol","Gremlin Horn","Busted Crown","Bronze Scales","Necronomicon","Lizard Tail","Gambling Chip","Ice Cream","Shuriken"],"potions_floor_usage":[21,31,33,33,33,42,50,50,54,54],"damage_taken":[{"damage":0,"enemies":"Small Slimes","floor":1,"turns":4},{"damage":13,"enemies":"Jaw Worm","floor":3,"turns":8},{"damage":0,"enemies":"Cultist","floor":5,"turns":4},{"damage":5,"enemies":"Exordium Wildlife","floor":7,"turns":9},{"damage":0,"enemies":"2 Fungi Beasts","floor":8,"turns":6},{"damage":6,"enemies":"Large Slime","floor":10,"turns":9},{"damage":0,"enemies":"Blue Slaver","floor":13,"turns":5},{"damage":11,"enemies":"The Guardian","floor":16,"turns":14},{"damage":0,"enemies":"Spheric Guardian","floor":18,"turns":3},{"damage":17,"enemies":"3 Byrds","floor":21,"turns":7},{"damage":0,"enemies":"Snecko","floor":22,"turns":4},{"damage":0,"enemies":"Centurion and Healer","floor":24,"turns":7},{"damage":0,"enemies":"Snake Plant","floor":25,"turns":3},{"damage":0,"enemies":"3 Cultists","floor":31,"turns":6},{"damage":46,"enemies":"Champ","floor":33,"turns":11},{"damage":2,"enemies":"Orb Walker","floor":35,"turns":5},{"damage":6,"enemies":"3 Darklings","floor":36,"turns":7},{"damage":4,"enemies":"Mind Bloom Boss Battle","floor":38,"turns":5},{"damage":21,"enemies":"Spire Growth","floor":41,"turns":5},{"damage":3,"enemies":"Nemesis","floor":42,"turns":7},{"damage":25,"enemies":"Jaw Worm Horde","floor":45,"turns":8},{"damage":0,"enemies":"Transient","floor":46,"turns":5},{"damage":30,"enemies":"3 Darklings","floor":48,"turns":5},{"damage":44,"enemies":"Donu and Deca","floor":50,"turns":13},{"damage":112,"enemies":"Shield and Spear","floor":54,"turns":10},{"damage":5,"enemies":"The Heart","floor":55,"turns":2}],"seed_played":"-4561818607808753699","potions_obtained":[{"floor":7,"key":"SteroidPotion"},{"floor":8,"key":"Regen Potion"},{"floor":10,"key":"Swift Potion"},{"floor":16,"key":"Regen Potion"},{"floor":22,"key":"SpeedPotion"},{"floor":25,"key":"Energy Potion"},{"floor":31,"key":"SkillPotion"},{"floor":35,"key":"SpeedPotion"},{"floor":36,"key":"FairyPotion"},{"floor":41,"key":"GhostInAJar"},{"floor":48,"key":"Dexterity Potion"}],"is_trial":false,"path_per_floor":["M","?","M","?","M","R","M","M","T","M","$","R","M","?","R","B",null,"M","?","$","M","M","R","M","M","T","?","R","?","?","M","R","B",null,"M","M","$","?","?","R","M","E","T","R","M","M","R","M","R","B",null,"R","$","E","B"],"character_chosen":"THE_SILENT","items_purchased":["Catalyst","Noxious Fumes","Apotheosis","Bouncing Flask","Poison Potion","AttackPotion"],"campfire_rested":7,"item_purchase_floors":[20,20,37,53,53,53],"current_hp_per_floor":[63,46,33,38,38,60,55,55,55,49,49,71,71,64,64,53,70,70,56,56,54,54,54,54,54,54,54,54,38,38,38,60,29,64,62,56,56,52,52,74,53,50,50,72,47,47,69,39,39,7,58,75,75,5,0],"gold":39,"neow_bonus":"ONE_RARE_RELIC","is_prod":false,"is_daily":false,"chose_seed":false,"campfire_upgraded":3,"win_rate":0,"timestamp":1563064728,"path_taken":["M","?","M","?","M","R","?","M","T","M","$","R","M","?","R","BOSS","M","?","$","?","M","R","M","M","T","?","R","?","?","M","R","BOSS","M","M","$","?","?","R","M","E","T","R","?","M","R","M","R","BOSS","R","$","E","BOSS"],"build_version":"2019-07-05","purchased_purges":4,"victory":false,"max_hp_per_floor":[70,70,70,75,75,75,75,75,75,75,75,75,75,75,75,75,75,75,75,75,75,75,75,75,75,75,75,75,75,75,75,75,75,75,75,75,75,75,75,75,75,75,75,75,75,75,75,75,75,75,75,75,75,75,75],"card_choices":[{"not_picked":["Bane","Deflect"],"picked":"Backflip","floor":1},{"not_picked":["Dagger Spray","Cloak And Dagger"],"picked":"Backflip","floor":1},{"not_picked":["Dodge and Roll","Outmaneuver"],"picked":"Deadly Poison","floor":3},{"not_picked":["Poisoned Stab","Quick Slash"],"picked":"Deadly Poison","floor":3},{"not_picked":["Accuracy","Expertise"],"picked":"Backflip","floor":5},{"not_picked":["Concentrate","Setup","Acrobatics"],"picked":"SKIP","floor":5},{"not_picked":["Infinite Blades","Underhanded Strike","All Out Attack"],"picked":"SKIP","floor":7},{"not_picked":["Flying Knee","Flechettes","Expertise"],"picked":"SKIP","floor":7},{"not_picked":["Prepared","Distraction"],"picked":"Leg Sweep","floor":8},{"not_picked":["Tactician","Setup"],"picked":"Bouncing Flask","floor":8},{"not_picked":["Blade Dance","Flechettes","Distraction"],"picked":"SKIP","floor":10},{"not_picked":["Dash","Setup","Grand Finale"],"picked":"SKIP","floor":10},{"not_picked":["Sucker Punch","Accuracy"],"picked":"Blur","floor":13},{"not_picked":["PiercingWail","Sucker Punch","Quick Slash"],"picked":"SKIP","floor":13},{"not_picked":["Tools of the Trade","Envenom"],"picked":"Adrenaline","floor":16},{"not_picked":["Quick Slash+1"],"picked":"SKIP","floor":18},{"not_picked":["Outmaneuver+1"],"picked":"SKIP","floor":18},{"not_picked":["Cloak And Dagger"],"picked":"SKIP","floor":21},{"not_picked":["Dodge and Roll"],"picked":"SKIP","floor":21},{"not_picked":["Bane+1"],"picked":"SKIP","floor":22},{"not_picked":["Dash"],"picked":"SKIP","floor":22},{"not_picked":["Blade Dance"],"picked":"SKIP","floor":24},{"not_picked":["Quick Slash"],"picked":"SKIP","floor":24},{"not_picked":["Underhanded Strike"],"picked":"SKIP","floor":25},{"not_picked":["Slice+1"],"picked":"SKIP","floor":25},{"not_picked":["Terror+1"],"picked":"SKIP","floor":31},{"not_picked":["Bane+1"],"picked":"SKIP","floor":31},{"not_picked":["Dodge and Roll+1"],"picked":"SKIP","floor":35},{"not_picked":["Caltrops+1"],"picked":"SKIP","floor":35},{"not_picked":[],"picked":"Caltrops+1","floor":35},{"not_picked":["Dodge and Roll+1"],"picked":"SKIP","floor":35},{"not_picked":["Finisher+1"],"picked":"SKIP","floor":36},{"not_picked":["Dagger Throw"],"picked":"SKIP","floor":36},{"not_picked":["Deflect"],"picked":"SKIP","floor":41},{"not_picked":["Underhanded Strike"],"picked":"SKIP","floor":41},{"not_picked":["Heel Hook"],"picked":"SKIP","floor":42},{"not_picked":[],"picked":"Catalyst+1","floor":45},{"not_picked":["Cloak And Dagger"],"picked":"SKIP","floor":45},{"not_picked":["Riddle With Holes"],"picked":"SKIP","floor":46},{"not_picked":["Deflect"],"picked":"SKIP","floor":46},{"not_picked":[],"picked":"Backstab","floor":48},{"not_picked":[],"picked":"Well Laid Plans","floor":48},{"not_picked":["Dagger Spray"],"picked":"SKIP","floor":54}],"player_experience":2294841,"relics_obtained":[{"floor":9,"key":"Gremlin Horn"},{"floor":26,"key":"Bronze Scales"},{"floor":29,"key":"Necronomicon"},{"floor":38,"key":"Gambling Chip"},{"floor":42,"key":"Ice Cream"},{"floor":54,"key":"Shuriken"}],"event_choices":[{"damage_healed":0,"gold_gain":0,"player_choice":"Take Damage","damage_taken":17,"relics_obtained":["Golden Idol"],"max_hp_gain":0,"max_hp_loss":0,"event_name":"Golden Idol","floor":2,"gold_loss":0},{"damage_healed":0,"gold_gain":0,"player_choice":"Donut","damage_taken":0,"max_hp_gain":5,"max_hp_loss":0,"event_name":"Big Fish","floor":4,"gold_loss":0},{"cards_removed":["Strike_G"],"damage_healed":0,"gold_gain":0,"player_choice":"Card Removal","damage_taken":7,"max_hp_gain":0,"max_hp_loss":0,"event_name":"Golden Wing","floor":14,"gold_loss":0},{"damage_healed":0,"gold_gain":90,"player_choice":"GOLD ","damage_taken":14,"max_hp_gain":0,"max_hp_loss":0,"event_name":"Knowing Skull","floor":19,"potions_obtained":[],"gold_loss":0,"cards_obtained":[]},{"damage_healed":0,"gold_gain":99,"player_choice":"Stole From Cult","damage_taken":0,"max_hp_gain":0,"max_hp_loss":0,"event_name":"Nest","floor":27,"gold_loss":0},{"damage_healed":0,"gold_gain":0,"player_choice":"Obtained Book","damage_taken":16,"max_hp_gain":0,"max_hp_loss":0,"event_name":"Cursed Tome","floor":29,"gold_loss":0},{"damage_healed":0,"gold_gain":0,"player_choice":"Ignored","damage_taken":0,"max_hp_gain":0,"max_hp_loss":0,"event_name":"Vampires","floor":30,"gold_loss":0},{"damage_healed":0,"gold_gain":0,"player_choice":"Fight","damage_taken":0,"max_hp_gain":0,"max_hp_loss":0,"event_name":"MindBloom","floor":38,"gold_loss":0},{"damage_healed":0,"gold_gain":0,"player_choice":"Ignored","damage_taken":0,"max_hp_gain":0,"max_hp_loss":0,"event_name":"Tomb of Lord Red Mask","floor":39,"gold_loss":0}],"is_beta":false,"boss_relics":[{"not_picked":["Calling Bell","Pandora\u0027s Box"],"picked":"Busted Crown"},{"not_picked":["Empty Cage","Astrolabe"],"picked":"Lizard Tail"}],"items_purged_floors":[11,20,37,53],"is_endless":false,"potions_floor_spawned":[7,8,10,16,22,25,31,35,36,41,48],"killed_by":"The Heart","ascension_level":9}