{"gold_per_floor":[16,29,29,29,45,71,90,90,172,172,172,185,195,206,206,206],"floor_reached":16,"playtime":814,"items_purged":[],"score":104,"play_id":"de6f035d-b46f-458f-8721-a1c368697127","local_time":"20181111163830","is_ascension_mode":false,"campfire_choices":[{"floor":15,"key":"REST"}],"neow_cost":"NO_GOLD","seed_source_timestamp":2826647536654025,"circlet_count":0,"master_deck":["Defend_G","Defend_G","Defend_G","Defend_G","Defend_G","Strike_G","Strike_G","Strike_G+1","Strike_G","Strike_G+1","Survivor","Neutralize","A Thousand Cuts","Noxious Fumes","Noxious Fumes","Cloak And Dagger","Cloak And Dagger"],"relics":["Ring of the Snake","Tingsha","Mercury Hourglass"],"potions_floor_usage":[6,12,12,12,14],"damage_taken":[{"damage":7,"enemies":"Cultist","floor":1,"turns":5},{"damage":1,"enemies":"Jaw Worm","floor":2,"turns":7},{"damage":0,"enemies":"2 Louse","floor":5,"turns":3},{"damage":25,"enemies":"Gremlin Nob","floor":6,"turns":4},{"damage":16,"enemies":"Lots of Slimes","floor":7,"turns":4},{"damage":0,"enemies":"3 Louse","floor":12,"turns":4},{"damage":11,"enemies":"2 Fungi Beasts","floor":13,"turns":3},{"damage":3,"enemies":"Lots of Slimes","floor":14,"turns":3},{"damage":30,"enemies":"Slime Boss","floor":16,"turns":3}],"seed_played":"-7492416808857691062","potions_obtained":[{"floor":4,"key":"SpeedPotion"},{"floor":4,"key":"EssenceOfSteel"},{"floor":4,"key":"Fire Potion"},{"floor":6,"key":"Regen Potion"},{"floor":12,"key":"Energy Potion"}],"is_trial":false,"path_per_floor":["M","M","?","?","M","E","M","?","T","?","?","M","M","M","R","B"],"character_chosen":"THE_SILENT","items_purchased":[],"campfire_rested":1,"item_purchase_floors":[],"current_hp_per_floor":[63,62,48,48,48,23,7,7,7,7,7,19,8,5,26,0],"gold":206,"neow_bonus":"THREE_RARE_CARDS","is_prod":false,"is_daily":false,"chose_seed":false,"campfire_upgraded":0,"win_rate":0.0,"timestamp":1541975910,"path_taken":["M","?","?","?","?","E","?","?","T","?","?","M","?","M","R","BOSS"],"build_version":"2018-11-08","purchased_purges":0,"victory":false,"max_hp_per_floor":[70,70,70,70,70,70,70,70,70,70,70,70,70,70,70,70],"card_choices":[{"not_picked":["Envenom","Bullet Time"],"picked":"A Thousand Cuts","floor":0},{"not_picked":["Deflect","Blade Dance","Backflip"],"picked":"SKIP","floor":1},{"not_picked":["PiercingWail","Tactician","Backflip"],"picked":"SKIP","floor":2},{"not_picked":["Deadly Poison","Outmaneuver","Acrobatics"],"picked":"SKIP","floor":5},{"not_picked":["Flying Knee","Caltrops"],"picked":"Noxious Fumes","floor":6},{"not_picked":["Masterful Stab","Infinite Blades"],"picked":"Noxious Fumes","floor":7},{"not_picked":["Heel Hook","Glass Knife","Underhanded Strike"],"picked":"SKIP","floor":12},{"not_picked":["Sucker Punch","Dodge and Roll"],"picked":"Cloak And Dagger","floor":13},{"not_picked":["Flying Knee","PiercingWail"],"picked":"Cloak And Dagger","floor":14}],"player_experience":137259,"relics_obtained":[{"floor":6,"key":"Tingsha"},{"floor":9,"key":"Mercury Hourglass"}],"event_choices":[{"damage_healed":0,"gold_gain":0,"player_choice":"Entered Light","damage_taken":14,"max_hp_gain":0,"max_hp_loss":0,"event_name":"Shining Light","floor":3,"gold_loss":0,"cards_upgraded":["Strike_G","Strike_G"]},{"damage_healed":0,"gold_gain":0,"player_choice":"Got Potions","damage_taken":0,"max_hp_gain":0,"max_hp_loss":0,"event_name":"Lab","floor":4,"gold_loss":0},{"damage_healed":0,"gold_gain":0,"player_choice":"Ignored","damage_taken":0,"max_hp_gain":0,"max_hp_loss":0,"event_name":"Liars Game","floor":8,"gold_loss":0},{"damage_healed":0,"gold_gain":0,"player_choice":"Searched \u00270\u0027 times","damage_taken":0,"max_hp_gain":0,"max_hp_loss":0,"event_name":"Dead Adventurer","floor":10,"gold_loss":0},{"damage_healed":0,"gold_gain":0,"player_choice":"0 cards matched","damage_taken":0,"max_hp_gain":0,"max_hp_loss":0,"event_name":"Match and Keep!","floor":11,"gold_loss":0,"cards_obtained":[]}],"is_beta":false,"boss_relics":[],"items_purged_floors":[],"is_endless":false,"potions_floor_spawned":[6,7,12],"killed_by":"Slime Boss","ascension_level":0}