{"gold_per_floor":[119,119,194,206,217,217,246,246,246,258,225,248,271,283],"floor_reached":14,"playtime":691,"items_purged":[],"score":131,"play_id":"4db59e77-9682-48d2-8e04-c60ef60d9edf","local_time":"20190710231245","is_ascension_mode":true,"campfire_choices":[{"floor":6,"key":"RECALL"},{"floor":8,"key":"REST"}],"neow_cost":"NONE","seed_source_timestamp":1282632871469212,"circlet_count":0,"master_deck":["Strike_G","Strike_G","Strike_G","Strike_G","Defend_G","Defend_G","Defend_G","Defend_G","Defend_G","Survivor","Neutralize","Tools of the Trade","Well Laid Plans","Cloak And Dagger"],"relics":["Fusion Hammer","The Courier","MawBank"],"potions_floor_usage":[7],"damage_taken":[{"damage":0,"enemies":"Small Slimes","floor":1,"turns":5},{"damage":0,"enemies":"2 Louse","floor":4,"turns":3},{"damage":0,"enemies":"Cultist","floor":5,"turns":5},{"damage":46,"enemies":"Gremlin Nob","floor":7,"turns":6},{"damage":0,"enemies":"Looter","floor":11,"turns":5},{"damage":24,"enemies":"Gremlin Gang","floor":12,"turns":11},{"damage":0,"enemies":"Exordium Wildlife","floor":13,"turns":4},{"damage":4,"enemies":"Exordium Thugs","floor":14,"turns":3}],"seed_played":"6985394915454218090","potions_obtained":[{"floor":5,"key":"Swift Potion"},{"floor":12,"key":"Fire Potion"},{"floor":13,"key":"GhostInAJar"}],"is_trial":false,"path_per_floor":["M","?","?","M","M","R","E","R","T","$","M","M","M","M"],"character_chosen":"THE_SILENT","items_purchased":[],"campfire_rested":1,"item_purchase_floors":[],"current_hp_per_floor":[63,63,52,52,52,52,6,27,27,27,27,3,3,0],"gold":283,"neow_bonus":"BOSS_RELIC","is_prod":false,"is_daily":false,"chose_seed":false,"campfire_upgraded":0,"win_rate":0,"timestamp":1562818365,"path_taken":["M","?","?","M","M","R","E","R","T","$","M","M","M","M"],"build_version":"2019-07-05","purchased_purges":0,"victory":false,"max_hp_per_floor":[70,70,70,70,70,70,70,70,70,70,70,70,70,70],"card_choices":[{"not_picked":["PiercingWail","Expertise","Infinite Blades"],"picked":"SKIP","floor":1},{"not_picked":["PiercingWail","Flechettes","Deflect"],"picked":"SKIP","floor":4},{"not_picked":["Eviscerate","Underhanded Strike","Slice"],"picked":"SKIP","floor":5},{"not_picked":["Storm of Steel","Underhanded Strike"],"picked":"Well Laid Plans","floor":7},{"not_picked":["Sucker Punch","Predator","Dodge and Roll"],"picked":"SKIP","floor":11},{"not_picked":["Prepared","Heel Hook","Endless Agony"],"picked":"SKIP","floor":12},{"not_picked":["Flying Knee","Dodge and Roll"],"picked":"Cloak And Dagger","floor":13}],"player_experience":2217486,"relics_obtained":[{"floor":7,"key":"The Courier"},{"floor":9,"key":"MawBank"}],"event_choices":[{"damage_healed":0,"gold_gain":0,"cards_transformed":["Strike_G"],"player_choice":"Change","damage_taken":0,"max_hp_gain":0,"max_hp_loss":0,"event_name":"Living Wall","floor":2,"gold_loss":0,"cards_obtained":["Tools of the Trade"]},{"damage_healed":0,"gold_gain":75,"player_choice":"Gather Gold","damage_taken":11,"max_hp_gain":0,"max_hp_loss":0,"event_name":"World of Goop","floor":3,"gold_loss":0}],"is_beta":false,"boss_relics":[],"items_purged_floors":[],"is_endless":false,"potions_floor_spawned":[5,12,13],"killed_by":"Exordium Thugs","ascension_level":9}