{"gold_per_floor":[109,109,124,2,2,2,13,39,39,39,56,56,4,20,20,123,123,136,152,162,62,62],"floor_reached":22,"playtime":1712,"items_purged":["Strike_B","Zap"],"score":186,"play_id":"1b2aa7ba-0918-4b26-a6ce-c3341bb36b1b","local_time":"20190828141823","is_ascension_mode":false,"campfire_choices":[{"data":"Defend_B","floor":6,"key":"SMITH"},{"data":"Streamline","floor":12,"key":"SMITH"},{"floor":15,"key":"REST"}],"neow_cost":"NONE","seed_source_timestamp":16938929073500,"circlet_count":0,"master_deck":["Strike_B","Defend_B+1","Defend_B","Defend_B","Defend_B","Dualcast","Static Discharge","Ball Lightning","Cold Snap","Fusion","Darkness+1","Streamline+1","Redo+1","Glacier+1","Rainbow+1","Skim+1","Streamline","Beam Cell+1"],"relics":["Cracked Core","Ornamental Fan","Toxic Egg 2","Bottled Flame","Empty Cage"],"potions_floor_usage":[22,22],"damage_taken":[{"damage":3,"enemies":"Small Slimes","floor":1,"turns":3},{"damage":0,"enemies":"Cultist","floor":3,"turns":3},{"damage":6,"enemies":"Jaw Worm","floor":7,"turns":2},{"damage":34,"enemies":"Lagavulin","floor":8,"turns":7},{"damage":13,"enemies":"Red Slaver","floor":11,"turns":4},{"damage":8,"enemies":"Lots of Slimes","floor":14,"turns":3},{"damage":9,"enemies":"Slime Boss","floor":16,"turns":7},{"damage":12,"enemies":"Shell Parasite","floor":18,"turns":7},{"damage":30,"enemies":"3 Byrds","floor":19,"turns":3},{"damage":11,"enemies":"Centurion and Healer","floor":20,"turns":6},{"damage":39,"enemies":"Masked Bandits","floor":22,"turns":3}],"seed_played":"-340650388216374028","potions_obtained":[{"floor":1,"key":"FocusPotion"},{"floor":11,"key":"Fire Potion"},{"floor":14,"key":"Ancient Potion"},{"floor":16,"key":"Strength Potion"}],"is_trial":false,"path_per_floor":["M","?","M","$","?","R","M","E","T","$","M","R","$","M","R","B",null,"M","M","M","$","?"],"character_chosen":"DEFECT","items_purchased":["Cold Snap","Redo+1"],"campfire_rested":1,"item_purchase_floors":[4,13],"current_hp_per_floor":[79,79,79,79,84,84,78,44,44,44,31,31,31,23,49,40,87,75,45,34,34,0],"gold":62,"neow_bonus":"TEN_PERCENT_HP_BONUS","is_prod":false,"is_daily":false,"chose_seed":false,"campfire_upgraded":2,"win_rate":0.0,"timestamp":1566994703,"path_taken":["M","?","M","?","?","R","M","E","T","?","?","R","$","?","R","BOSS","M","M","?","$","?"],"build_version":"2019-07-17","purchased_purges":2,"victory":false,"max_hp_per_floor":[82,82,82,82,87,87,87,87,87,87,87,87,87,87,87,87,87,87,87,87,87,87],"card_choices":[{"not_picked":["Consume","Compile Driver"],"picked":"Static Discharge","floor":1},{"not_picked":["Beam Cell","Hologram"],"picked":"Ball Lightning","floor":3},{"not_picked":["Auto Shields","Amplify"],"picked":"Fusion","floor":7},{"not_picked":["Ball Lightning","Conserve Battery"],"picked":"Darkness","floor":8},{"not_picked":["Steam+1","Compile Driver"],"picked":"Streamline","floor":11},{"not_picked":["Hologram+1","Loop"],"picked":"Glacier+1","floor":14},{"not_picked":["Seek+1","Amplify+1"],"picked":"Rainbow+1","floor":16},{"not_picked":["Beam Cell+1","Rip and Tear"],"picked":"Skim+1","floor":18},{"not_picked":["Lockon","Loop"],"picked":"Streamline","floor":19},{"not_picked":["Barrage","Stack+1"],"picked":"Beam Cell+1","floor":20}],"player_experience":6826,"relics_obtained":[{"floor":8,"key":"Toxic Egg 2"},{"floor":9,"key":"Bottled Flame"}],"event_choices":[{"damage_healed":0,"gold_gain":0,"player_choice":"Gave Potion","damage_taken":0,"relics_obtained":["Ornamental Fan"],"max_hp_gain":0,"max_hp_loss":0,"event_name":"WeMeetAgain","floor":2,"gold_loss":0},{"damage_healed":0,"gold_gain":0,"player_choice":"Donut","damage_taken":0,"max_hp_gain":5,"max_hp_loss":0,"event_name":"Big Fish","floor":5,"gold_loss":0},{"damage_healed":0,"gold_gain":0,"player_choice":"Fought Bandits","damage_taken":0,"max_hp_gain":0,"max_hp_loss":0,"event_name":"Masked Bandits","floor":22,"gold_loss":0}],"is_beta":false,"boss_relics":[{"not_picked":["Ectoplasm","Orrery"],"picked":"Empty Cage"}],"items_purged_floors":[4,21],"is_endless":false,"potions_floor_spawned":[1,11,14,16,20],"killed_by":"Masked Bandits","ascension_level":0}