{"gold_per_floor":[116,127,12,87,87,87,100,100,126,138,150,192,220,15,15,116,116,56,56,156,170,170,170],"floor_reached":23,"playtime":1052,"items_purged":["Strike_B"],"score":245,"play_id":"31b29a0e-2e07-4f4a-bc87-ac097bc1d8d8","local_time":"20190420223626","is_ascension_mode":true,"campfire_choices":[{"floor":6,"key":"REST"},{"data":"Zap","floor":8,"key":"SMITH"},{"data":"Defragment","floor":10,"key":"SMITH"},{"floor":15,"key":"REST"}],"neow_cost":"NONE","seed_source_timestamp":932684072764860,"circlet_count":0,"master_deck":["Strike_B","Defend_B","Defend_B","Defend_B","Defend_B","Zap+1","Reprogram","Defragment+1","Apotheosis","Conserve Battery","Buffer"],"relics":["Cracked Core","MawBank","Odd Mushroom","Busted Crown"],"potions_floor_usage":[16,16],"damage_taken":[{"damage":8,"enemies":"2 Louse","floor":1,"turns":4},{"damage":10,"enemies":"Small Slimes","floor":2,"turns":4},{"damage":1,"enemies":"Cultist","floor":7,"turns":4},{"damage":19,"enemies":"The Mushroom Lair","floor":12,"turns":6},{"damage":12,"enemies":"Large Slime","floor":13,"turns":6},{"damage":26,"enemies":"The Guardian","floor":16,"turns":13},{"damage":14,"enemies":"2 Thieves","floor":18,"turns":4},{"damage":0,"enemies":"Shell Parasite","floor":21,"turns":9},{"damage":9,"enemies":"Colosseum Slavers","floor":22,"turns":6},{"damage":44,"enemies":"Slavers","floor":23,"turns":2}],"seed_played":"1803900860756155989","potions_obtained":[{"floor":2,"key":"SkillPotion"},{"floor":7,"key":"Poison Potion"}],"is_trial":false,"path_per_floor":["M","M","$","?","?","R","M","R","T","R","?","?","M","$","R","B",null,"M","?","?","M","?","E"],"character_chosen":"DEFECT","items_purchased":["Defragment","Apotheosis","Conserve Battery"],"campfire_rested":2,"item_purchase_floors":[3,14,14],"current_hp_per_floor":[60,50,50,39,39,61,60,60,60,60,53,34,22,22,44,18,61,47,47,47,47,38,0],"gold":170,"neow_bonus":"TRANSFORM_CARD","is_prod":false,"is_daily":false,"chose_seed":false,"campfire_upgraded":2,"win_rate":0,"timestamp":1555817786,"path_taken":["M","M","$","?","?","R","M","R","T","R","?","?","M","$","R","BOSS","M","?","?","?","?","E"],"build_version":"2019-01-23","purchased_purges":1,"victory":false,"max_hp_per_floor":[75,75,75,75,75,75,75,75,75,75,75,75,75,75,75,75,75,75,75,75,75,75,75],"card_choices":[{"not_picked":["Stack","Leap","Scrape"],"picked":"SKIP","floor":1},{"not_picked":["Turbo","Creative AI","Go for the Eyes"],"picked":"SKIP","floor":2},{"not_picked":["Steam","Barrage","Blizzard"],"picked":"SKIP","floor":7},{"not_picked":["Stack","Lockon","Tempest"],"picked":"SKIP","floor":13},{"not_picked":["Multi-Cast","Rainbow"],"picked":"Buffer","floor":16},{"not_picked":["Redo+1"],"picked":"SKIP","floor":18},{"not_picked":["Sweeping Beam"],"picked":"SKIP","floor":21}],"player_experience":1877975,"relics_obtained":[{"floor":9,"key":"MawBank"},{"floor":12,"key":"Odd Mushroom"}],"event_choices":[{"damage_healed":0,"gold_gain":75,"player_choice":"Gather Gold","damage_taken":11,"max_hp_gain":0,"max_hp_loss":0,"event_name":"World of Goop","floor":4,"gold_loss":0},{"cards_removed":["Strike_B"],"damage_healed":0,"gold_gain":0,"player_choice":"Forget","damage_taken":0,"max_hp_gain":0,"max_hp_loss":0,"event_name":"Living Wall","floor":5,"gold_loss":0},{"cards_removed":["Strike_B"],"damage_healed":0,"gold_gain":0,"player_choice":"Card Removal","damage_taken":7,"max_hp_gain":0,"max_hp_loss":0,"event_name":"Golden Wing","floor":11,"gold_loss":0},{"damage_healed":0,"gold_gain":0,"player_choice":"Fought Mushrooms","damage_taken":0,"max_hp_gain":0,"max_hp_loss":0,"event_name":"Mushrooms","floor":12,"gold_loss":0},{"damage_healed":0,"gold_gain":0,"player_choice":"Ignored","damage_taken":0,"max_hp_gain":0,"max_hp_loss":0,"event_name":"Ghosts","floor":19,"gold_loss":0},{"damage_healed":0,"gold_gain":100,"player_choice":"Pray","damage_taken":0,"max_hp_gain":0,"max_hp_loss":0,"event_name":"Golden Shrine","floor":20,"gold_loss":0},{"damage_healed":0,"gold_gain":0,"player_choice":"Fight","damage_taken":0,"max_hp_gain":0,"max_hp_loss":0,"event_name":"Colosseum","floor":22,"gold_loss":0},{"damage_healed":0,"gold_gain":0,"player_choice":"Fled From Nobs","damage_taken":0,"max_hp_gain":0,"max_hp_loss":0,"event_name":"Colosseum","floor":22,"gold_loss":0}],"is_beta":false,"boss_relics":[{"not_picked":["Runic Dome","Lizard Tail"],"picked":"Busted Crown"}],"items_purged_floors":[3],"is_endless":false,"potions_floor_spawned":[2,7,22],"killed_by":"Slavers","ascension_level":8}