{"gold_per_floor":[117,136,27,27,27,27,59,82,108,118,152,152,169,183,183,283,283,303,132,151,151,66,66,98,197,265,265,265,265,265,280,280,380,380,390,390,249,249,264,264,364,376,376,401,419,437,437,453,453,453],"floor_reached":50,"playtime":4857,"items_purged":["Dualcast","Strike_B"],"score":810,"play_id":"52f9c0bc-3512-4bda-beab-7c22e194e1a0","local_time":"20190726131237","is_ascension_mode":true,"campfire_choices":[{"floor":6,"key":"REST"},{"floor":15,"key":"REST"},{"data":"Zap","floor":23,"key":"SMITH"},{"data":"Buffer","floor":27,"key":"SMITH"},{"data":"Self Repair","floor":29,"key":"SMITH"},{"data":"Capacitor","floor":32,"key":"SMITH"},{"floor":40,"key":"REST"},{"floor":47,"key":"RECALL"},{"floor":49,"key":"REST"}],"neow_cost":"NONE","seed_source_timestamp":1251468804594658,"circlet_count":0,"master_deck":["AscendersBane","Defend_B","Defend_B","Defend_B","Defend_B+1","Zap+1","Defragment+1","Capacitor+1","Buffer+1","Cold Snap","Cold Snap","Self Repair+1","Chill","Capacitor","Cold Snap","Capacitor","Electrodynamics","Loop","Blizzard","Madness","Madness","Redo+1","Capacitor+1","Glacier+1"],"relics":["Cracked Core","NeowsBlessing","Bottled Tornado","Lantern","Dream Catcher","Pen Nib","Sozu","Boot","Centennial Puzzle","Kunai","MutagenicStrength","Fusion Hammer","Gambling Chip","Frozen Egg 2"],"potions_floor_usage":[16],"damage_taken":[{"damage":0,"enemies":"Small Slimes","floor":1,"turns":1},{"damage":0,"enemies":"2 Louse","floor":2,"turns":1},{"damage":0,"enemies":"3 Sentries","floor":7,"turns":1},{"damage":0,"enemies":"Jaw Worm","floor":10,"turns":4},{"damage":30,"enemies":"Gremlin Nob","floor":11,"turns":5},{"damage":13,"enemies":"3 Louse","floor":13,"turns":3},{"damage":14,"enemies":"Lots of Slimes","floor":14,"turns":6},{"damage":10,"enemies":"Hexaghost","floor":16,"turns":13},{"damage":0,"enemies":"Chosen","floor":18,"turns":6},{"damage":7,"enemies":"Spheric Guardian","floor":20,"turns":6},{"damage":11,"enemies":"Book of Stabbing","floor":24,"turns":9},{"damage":0,"enemies":"Snecko","floor":31,"turns":6},{"damage":8,"enemies":"Automaton","floor":33,"turns":19},{"damage":5,"enemies":"Orb Walker","floor":35,"turns":5},{"damage":31,"enemies":"3 Darklings","floor":39,"turns":4},{"damage":20,"enemies":"Mind Bloom Boss Battle","floor":41,"turns":8},{"damage":14,"enemies":"Sphere and 2 Shapes","floor":42,"turns":5},{"damage":32,"enemies":"Nemesis","floor":44,"turns":17},{"damage":26,"enemies":"Jaw Worm Horde","floor":45,"turns":4},{"damage":12,"enemies":"Spire Growth","floor":46,"turns":7},{"damage":0,"enemies":"Maw","floor":48,"turns":10},{"damage":58,"enemies":"Time Eater","floor":50,"turns":3}],"seed_played":"-2241010547784759514","potions_obtained":[{"floor":2,"key":"SteroidPotion"},{"floor":11,"key":"Dexterity Potion"},{"floor":16,"key":"SteroidPotion"}],"is_trial":false,"path_per_floor":["M","M","$","?","?","R","E","T","T","M","E","?","M","M","R","B",null,"M","$","M","?","?","R","E","?","T","R","?","R","?","M","R","B",null,"M","?","$","?","M","R","?","M","T","E","M","M","R","M","R","B"],"character_chosen":"DEFECT","items_purchased":["Capacitor","Capacitor","Loop","Blizzard"],"campfire_rested":4,"item_purchase_floors":[3,19,37,37],"current_hp_per_floor":[68,68,68,61,46,68,68,68,68,68,38,38,25,11,33,30,64,71,71,71,71,71,71,67,67,67,67,67,67,67,75,75,75,75,75,75,75,66,45,67,57,53,53,31,15,13,13,23,45,0],"gold":453,"neow_bonus":"THREE_ENEMY_KILL","is_prod":false,"is_daily":false,"chose_seed":false,"campfire_upgraded":4,"win_rate":0,"timestamp":1564164757,"path_taken":["M","M","$","?","?","R","E","?","T","M","E","?","?","M","R","BOSS","M","$","?","?","?","R","E","?","T","R","?","R","?","M","R","BOSS","M","?","$","?","M","R","?","M","T","E","M","M","R","M","R","BOSS"],"build_version":"2019-07-17","purchased_purges":2,"victory":false,"max_hp_per_floor":[75,75,75,75,75,75,75,75,75,75,75,75,75,75,75,75,75,75,75,75,75,75,75,75,75,75,75,75,75,75,75,75,75,75,75,75,75,75,75,75,75,75,75,75,75,75,75,75,75,75],"card_choices":[{"not_picked":["Stack","Undo"],"picked":"Defragment","floor":1},{"not_picked":["Turbo","Redo","Aggregate"],"picked":"SKIP","floor":2},{"not_picked":["Go for the Eyes","Leap"],"picked":"Buffer","floor":7},{"not_picked":["Recycle","Beam Cell","Sweeping Beam"],"picked":"SKIP","floor":10},{"not_picked":["Meteor Strike","Sweeping Beam"],"picked":"Cold Snap","floor":11},{"not_picked":["Streamline","Ball Lightning"],"picked":"Cold Snap","floor":13},{"not_picked":["Stack","Barrage"],"picked":"Self Repair","floor":14},{"not_picked":["Rebound","Doom and Gloom"],"picked":"Chill","floor":18},{"not_picked":["Turbo+1","Streamline","Fusion"],"picked":"SKIP","floor":20},{"not_picked":["Blizzard","Barrage"],"picked":"Cold Snap","floor":24},{"not_picked":["Melter+1","Scrape","Turbo"],"picked":"SKIP","floor":31},{"not_picked":["Buffer","Machine Learning"],"picked":"Electrodynamics","floor":33},{"not_picked":["Stack+1","Gash","Ball Lightning+1"],"picked":"SKIP","floor":35},{"not_picked":["Heatsinks","Cold Snap","Compile Driver"],"picked":"SKIP","floor":39},{"not_picked":["Fission","Rip and Tear+1"],"picked":"Redo+1","floor":42},{"not_picked":["Storm+1","Rebound"],"picked":"Capacitor+1","floor":44},{"not_picked":["Conserve Battery+1","Sweeping Beam","Stack+1"],"picked":"SKIP","floor":45},{"not_picked":["Beam Cell","Compile Driver","Gash+1"],"picked":"SKIP","floor":46},{"not_picked":["Chaos+1","Rip and Tear","Stack+1"],"picked":"SKIP","floor":48},{"not_picked":["Sweeping Beam+1","Stack"],"picked":"Glacier+1","floor":49}],"player_experience":2506350,"relics_obtained":[{"floor":7,"key":"Bottled Tornado"},{"floor":8,"key":"Lantern"},{"floor":9,"key":"Dream Catcher"},{"floor":11,"key":"Pen Nib"},{"floor":24,"key":"Centennial Puzzle"},{"floor":26,"key":"Kunai"},{"floor":41,"key":"Gambling Chip"},{"floor":44,"key":"Frozen Egg 2"}],"event_choices":[{"cards_removed":["Strike_B"],"damage_healed":0,"gold_gain":0,"player_choice":"Card Removal","damage_taken":7,"max_hp_gain":0,"max_hp_loss":0,"event_name":"Golden Wing","floor":4,"gold_loss":0},{"damage_healed":0,"gold_gain":0,"player_choice":"Entered Light","damage_taken":15,"max_hp_gain":0,"max_hp_loss":0,"event_name":"Shining Light","floor":5,"gold_loss":0,"cards_upgraded":["Defend_B","Defragment"]},{"cards_removed":["Strike_B"],"damage_healed":0,"gold_gain":0,"player_choice":"Offered Basic","damage_taken":0,"max_hp_gain":0,"max_hp_loss":0,"event_name":"Bonfire Elementals","floor":12,"gold_loss":0},{"cards_removed":["Strike_B"],"damage_healed":0,"gold_gain":0,"player_choice":"Elegance","damage_taken":0,"max_hp_gain":0,"max_hp_loss":0,"event_name":"Back to Basics","floor":21,"gold_loss":0},{"damage_healed":0,"gold_gain":0,"player_choice":"Obtained Relic","damage_taken":0,"relics_obtained":["Boot"],"max_hp_gain":0,"max_hp_loss":0,"event_name":"Addict","floor":22,"gold_loss":85},{"damage_healed":0,"gold_gain":99,"player_choice":"Stole From Cult","damage_taken":0,"max_hp_gain":0,"max_hp_loss":0,"event_name":"Nest","floor":25,"gold_loss":0},{"damage_healed":0,"gold_gain":0,"player_choice":"Read","damage_taken":0,"max_hp_gain":0,"max_hp_loss":0,"event_name":"The Library","floor":28,"gold_loss":0,"cards_obtained":["Capacitor"]},{"damage_healed":0,"gold_gain":0,"player_choice":"Inject Mutagens","damage_taken":0,"relics_obtained":["MutagenicStrength"],"max_hp_gain":0,"max_hp_loss":0,"event_name":"Drug Dealer","floor":30,"gold_loss":0},{"damage_healed":0,"gold_gain":0,"player_choice":"Memory 1","damage_taken":0,"max_hp_gain":0,"max_hp_loss":0,"event_name":"SensoryStone","floor":36,"gold_loss":0},{"damage_healed":0,"gold_gain":0,"player_choice":"Embrace Madness","damage_taken":9,"max_hp_gain":0,"max_hp_loss":0,"event_name":"Winding Halls","floor":38,"gold_loss":0,"cards_obtained":["Madness","Madness"]},{"damage_healed":0,"gold_gain":0,"player_choice":"Fight","damage_taken":0,"max_hp_gain":0,"max_hp_loss":0,"event_name":"MindBloom","floor":41,"gold_loss":0}],"is_beta":false,"boss_relics":[{"not_picked":["Pandora\u0027s Box","Orrery"],"picked":"Sozu"},{"not_picked":["Runic Dome","FrozenCore"],"picked":"Fusion Hammer"}],"items_purged_floors":[3,19],"is_endless":false,"potions_floor_spawned":[2,11,16,18,35,45,46],"killed_by":"Time Eater","ascension_level":10}