{"gold_per_floor":[111,186,186,199,218,241,241,241,241,260,284,300,300,354,354,354],"floor_reached":16,"playtime":574,"items_purged":[],"score":146,"play_id":"c53d8297-6b49-42b7-9b9f-a8248d84be18","local_time":"20190804093830","is_ascension_mode":true,"campfire_choices":[{"floor":7,"key":"REST"},{"floor":15,"key":"REST"}],"neow_cost":"NONE","seed_source_timestamp":119122597143900,"circlet_count":0,"master_deck":["AscendersBane","Strike_G","Strike_G","Strike_G","Strike_G","Strike_G","Defend_G","Defend_G","Defend_G","Defend_G","Defend_G","Survivor","Neutralize","Backstab","Backstab"],"relics":["Ring of the Snake","NeowsBlessing","Golden Idol","Pantograph","Singing Bowl","Paper Crane"],"potions_floor_usage":[16,16],"damage_taken":[{"damage":0,"enemies":"Jaw Worm","floor":1,"turns":1},{"damage":0,"enemies":"Small Slimes","floor":4,"turns":1},{"damage":0,"enemies":"2 Louse","floor":5,"turns":1},{"damage":6,"enemies":"2 Fungi Beasts","floor":6,"turns":5},{"damage":0,"enemies":"Blue Slaver","floor":10,"turns":7},{"damage":9,"enemies":"Red Slaver","floor":11,"turns":3},{"damage":16,"enemies":"Large Slime","floor":12,"turns":12},{"damage":70,"enemies":"Slime Boss","floor":16,"turns":12}],"seed_played":"-4366654020105249996","potions_obtained":[{"floor":5,"key":"Swift Potion"},{"floor":11,"key":"SteroidPotion"},{"floor":12,"key":"Regen Potion"}],"is_trial":false,"path_per_floor":["M","?","?","M","M","M","R","?","T","M","M","M","T","?","R","B"],"character_chosen":"THE_SILENT","items_purchased":[],"campfire_rested":2,"item_purchase_floors":[],"current_hp_per_floor":[63,52,35,35,35,29,50,25,25,25,18,4,4,4,26,0],"gold":354,"neow_bonus":"THREE_ENEMY_KILL","is_prod":false,"is_daily":false,"chose_seed":false,"campfire_upgraded":0,"win_rate":0,"timestamp":1564929510,"path_taken":["M","?","?","M","M","M","R","?","T","M","M","M","?","?","R","BOSS"],"build_version":"2019-07-17","purchased_purges":0,"victory":false,"max_hp_per_floor":[70,70,70,70,70,70,70,70,70,70,72,74,74,74,74,74],"card_choices":[{"not_picked":["Quick Slash","Infinite Blades","Underhanded Strike"],"picked":"SKIP","floor":1},{"not_picked":["Dagger Throw","Quick Slash","Slice"],"picked":"SKIP","floor":4},{"not_picked":["Quick Slash","Underhanded Strike"],"picked":"Backstab","floor":5},{"not_picked":["Dagger Spray","Slice","Concentrate"],"picked":"SKIP","floor":6},{"not_picked":["Predator","Dagger Throw"],"picked":"Backstab","floor":10},{"not_picked":["Cloak And Dagger","Dodge and Roll","Outmaneuver"],"picked":"Singing Bowl","floor":11},{"not_picked":["Slice","Underhanded Strike","Outmaneuver"],"picked":"Singing Bowl","floor":12}],"player_experience":2662675,"relics_obtained":[{"floor":9,"key":"Singing Bowl"},{"floor":13,"key":"Paper Crane"}],"event_choices":[{"damage_healed":0,"gold_gain":75,"player_choice":"Gather Gold","damage_taken":11,"max_hp_gain":0,"max_hp_loss":0,"event_name":"World of Goop","floor":2,"gold_loss":0},{"damage_healed":0,"gold_gain":0,"player_choice":"Take Damage","damage_taken":17,"relics_obtained":["Golden Idol"],"max_hp_gain":0,"max_hp_loss":0,"event_name":"Golden Idol","floor":3,"gold_loss":0},{"damage_healed":0,"gold_gain":0,"player_choice":"Success","damage_taken":25,"relics_obtained":["Pantograph"],"max_hp_gain":0,"max_hp_loss":0,"event_name":"Scrap Ooze","floor":8,"gold_loss":0},{"damage_healed":0,"gold_gain":54,"player_choice":"Gained Gold","damage_taken":0,"max_hp_gain":0,"max_hp_loss":0,"event_name":"Golden Wing","floor":14,"gold_loss":0}],"is_beta":false,"boss_relics":[],"items_purged_floors":[],"is_endless":false,"potions_floor_spawned":[5,11,12],"killed_by":"Slime Boss","ascension_level":11}