{"gold_per_floor":[111,34,51,67,86,86,103,128,179,213,213,229,154,154,154,257,257,275,287,318,417,437,437,437],"floor_reached":24,"playtime":1493,"items_purged":["Dualcast"],"score":229,"play_id":"878843a6-3a0d-46c0-982e-17b0b28718c7","local_time":"20181118215436","is_ascension_mode":true,"campfire_choices":[{"data":"Zap","floor":6,"key":"SMITH"},{"floor":15,"key":"REST"},{"floor":23,"key":"REST"}],"neow_cost":"NONE","seed_source_timestamp":362481704421164,"circlet_count":0,"master_deck":["Zap+1","FTL","Cold Snap","Reinforced Body","Buffer","Rip and Tear","Leap","Rip and Tear","Aggregate","BootSequence","Recycle","Conserve Battery","Defragment"],"relics":["Cracked Core","NeowsBlessing","War Paint","Dodecahedron","Strawberry","Regal Pillow","Matryoshka","Pandora\u0027s Box","Red Mask"],"potions_floor_usage":[8,8],"damage_taken":[{"damage":0,"enemies":"2 Louse","floor":1,"turns":1},{"damage":0,"enemies":"Cultist","floor":3,"turns":1},{"damage":0,"enemies":"Jaw Worm","floor":4,"turns":1},{"damage":19,"enemies":"Gremlin Gang","floor":5,"turns":6},{"damage":1,"enemies":"Looter","floor":7,"turns":3},{"damage":12,"enemies":"Gremlin Nob","floor":8,"turns":4},{"damage":14,"enemies":"Lagavulin","floor":10,"turns":7},{"damage":0,"enemies":"Blue Slaver","floor":12,"turns":4},{"damage":22,"enemies":"The Guardian","floor":16,"turns":18},{"damage":8,"enemies":"Spheric Guardian","floor":18,"turns":4},{"damage":0,"enemies":"Chosen","floor":19,"turns":5},{"damage":87,"enemies":"Masked Bandits","floor":20,"turns":7},{"damage":0,"enemies":"Snecko","floor":22,"turns":7},{"damage":57,"enemies":"Slavers","floor":24,"turns":4}],"seed_played":"5392595760933892078","potions_obtained":[{"floor":7,"key":"Weak Potion"},{"floor":8,"key":"Fruit Juice"},{"floor":10,"key":"FairyPotion"},{"floor":12,"key":"Energy Potion"},{"floor":19,"key":"Poison Potion"}],"is_trial":false,"path_per_floor":["M","?","M","M","M","R","M","E","T","E","T","M","$","?","R","B",null,"M","M","?","?","M","R","E"],"character_chosen":"DEFECT","items_purchased":[],"campfire_rested":2,"item_purchase_floors":[],"current_hp_per_floor":[75,75,75,75,56,56,55,48,55,41,41,41,41,41,82,60,87,79,79,8,8,8,49,0],"gold":437,"neow_bonus":"THREE_ENEMY_KILL","is_prod":false,"is_daily":false,"chose_seed":false,"campfire_upgraded":1,"win_rate":0,"timestamp":1542599676,"path_taken":["M","?","M","?","?","R","M","E","T","E","?","?","?","?","R","BOSS","M","?","?","?","M","R","E"],"build_version":"2018-11-15","purchased_purges":1,"victory":false,"max_hp_per_floor":[75,75,75,75,75,75,75,80,87,87,87,87,87,87,87,87,87,87,87,87,87,87,87,87],"card_choices":[{"not_picked":["Leap","Barrage","Darkness"],"picked":"SKIP","floor":1},{"not_picked":["Blizzard","Go for the Eyes"],"picked":"FTL","floor":3},{"not_picked":["Conserve Battery","Beam Cell","Thunder Strike"],"picked":"SKIP","floor":4},{"not_picked":["Reprogram","Rebound"],"picked":"Cold Snap","floor":5},{"not_picked":["Go for the Eyes","Conserve Battery","Stack"],"picked":"SKIP","floor":7},{"not_picked":["Rebound","Leap","Creative AI"],"picked":"SKIP","floor":8},{"not_picked":["Conserve Battery","Lockon","Hologram"],"picked":"SKIP","floor":10},{"not_picked":["Heatsinks","Reprogram"],"picked":"Reinforced Body","floor":12},{"not_picked":["Thunder Strike","Meteor Strike"],"picked":"Buffer","floor":16},{"not_picked":["Genetic Algorithm","Go for the Eyes","Streamline+1"],"picked":"SKIP","floor":18},{"not_picked":["Rip and Tear","Fusion+1","Conserve Battery+1"],"picked":"SKIP","floor":19},{"not_picked":["Barrage+1","Ball Lightning+1"],"picked":"Defragment","floor":20},{"not_picked":["Thunder Strike","Conserve Battery+1","Force Field"],"picked":"SKIP","floor":22}],"player_experience":374712,"relics_obtained":[{"floor":8,"key":"Dodecahedron"},{"floor":9,"key":"Strawberry"},{"floor":10,"key":"Regal Pillow"},{"floor":11,"key":"Matryoshka"},{"floor":20,"key":"Red Mask"}],"event_choices":[{"damage_healed":0,"gold_gain":0,"player_choice":"Paid Gold","damage_taken":0,"relics_obtained":["War Paint"],"max_hp_gain":0,"max_hp_loss":0,"event_name":"WeMeetAgain","floor":2,"gold_loss":77},{"cards_removed":["Strike_B"],"damage_healed":0,"gold_gain":0,"player_choice":"Offered Basic","damage_taken":0,"max_hp_gain":0,"max_hp_loss":0,"event_name":"Bonfire Elementals","floor":14,"gold_loss":0},{"damage_healed":0,"gold_gain":0,"player_choice":"Fought Bandits","damage_taken":0,"max_hp_gain":0,"max_hp_loss":0,"event_name":"Masked Bandits","floor":20,"gold_loss":0},{"damage_healed":0,"gold_gain":99,"player_choice":"Stole From Cult","damage_taken":0,"max_hp_gain":0,"max_hp_loss":0,"event_name":"Nest","floor":21,"gold_loss":0}],"is_beta":false,"boss_relics":[{"not_picked":["Philosopher\u0027s Stone","Ectoplasm"],"picked":"Pandora\u0027s Box"}],"items_purged_floors":[13],"is_endless":false,"potions_floor_spawned":[7,8,10,12,19],"killed_by":"Slavers","ascension_level":2}