{"gold_per_floor":[111,111,111,127,127,127,160,172,244,21,31,51,51,67,67,163,163,173,191,203,216,216,216,232,250,250,263,263,263,109,129,129,226,226,241,69,86,99,119,119,134,134,159,159,159],"floor_reached":45,"playtime":7427,"items_purged":["Strike_R","Defend_R","Defend_R"],"score":836,"play_id":"52dad087-fd74-4a1c-8705-e385c3cf5093","local_time":"20190803135302","is_ascension_mode":true,"campfire_choices":[{"data":"Defend_R","floor":6,"key":"SMITH"},{"floor":13,"key":"REST"},{"floor":15,"key":"REST"},{"data":"Armaments","floor":23,"key":"SMITH"},{"floor":29,"key":"REST"},{"data":"Body Slam","floor":32,"key":"SMITH"},{"floor":40,"key":"REST"},{"floor":42,"key":"RECALL"}],"neow_cost":"NONE","seed_source_timestamp":41131069857100,"circlet_count":0,"master_deck":["AscendersBane","Defend_R","Defend_R+1","Limit Break+1","Shrug It Off+1","Whirlwind","Rampage","Shrug It Off","Armaments+1","Berserk","Metallicize","Body Slam+1","Shrug It Off","Madness","Madness"],"relics":["Astrolabe","Vajra","Singing Bowl","Regal Pillow","Busted Crown","FossilizedHelix","Fusion Hammer"],"potions_floor_usage":[7,16,16,19,20,27,33,33,35,45,45],"damage_taken":[{"damage":0,"enemies":"2 Louse","floor":1,"turns":4},{"damage":3,"enemies":"Jaw Worm","floor":4,"turns":5},{"damage":34,"enemies":"3 Sentries","floor":7,"turns":13},{"damage":0,"enemies":"Cultist","floor":8,"turns":3},{"damage":3,"enemies":"Large Slime","floor":11,"turns":10},{"damage":0,"enemies":"Exordium Wildlife","floor":12,"turns":4},{"damage":50,"enemies":"Exordium Thugs","floor":14,"turns":10},{"damage":0,"enemies":"The Guardian","floor":16,"turns":12},{"damage":0,"enemies":"3 Byrds","floor":18,"turns":4},{"damage":0,"enemies":"Shell Parasite","floor":19,"turns":5},{"damage":7,"enemies":"Snake Plant","floor":20,"turns":7},{"damage":21,"enemies":"Snecko","floor":21,"turns":6},{"damage":42,"enemies":"Cultist and Chosen","floor":24,"turns":8},{"damage":18,"enemies":"Shelled Parasite and Fungi","floor":25,"turns":7},{"damage":0,"enemies":"3 Cultists","floor":27,"turns":4},{"damage":0,"enemies":"Centurion and Healer","floor":31,"turns":6},{"damage":0,"enemies":"Automaton","floor":33,"turns":9},{"damage":50,"enemies":"3 Darklings","floor":35,"turns":4},{"damage":0,"enemies":"Orb Walker","floor":37,"turns":4},{"damage":8,"enemies":"Maw","floor":38,"turns":7},{"damage":0,"enemies":"Sphere and 2 Shapes","floor":39,"turns":6},{"damage":1,"enemies":"Transient","floor":41,"turns":5},{"damage":99,"enemies":"2 Orb Walkers","floor":45,"turns":5}],"seed_played":"-4061861060333183998","potions_obtained":[{"floor":4,"key":"LiquidBronze"},{"floor":7,"key":"Fire Potion"},{"floor":11,"key":"LiquidBronze"},{"floor":16,"key":"Weak Potion"},{"floor":18,"key":"Weak Potion"},{"floor":20,"key":"Ancient Potion"},{"floor":25,"key":"Energy Potion"},{"floor":31,"key":"Regen Potion"},{"floor":33,"key":"SkillPotion"},{"floor":35,"key":"Strength Potion"},{"floor":38,"key":"SkillPotion"}],"is_trial":false,"path_per_floor":["M","?","?","M","?","R","E","M","T","$","M","M","R","M","R","B",null,"M","M","M","M","?","R","M","M","T","M","?","R","$","M","R","B",null,"M","$","M","M","M","R","M","R","T","?","?"],"character_chosen":"IRONCLAD","items_purchased":["Regal Pillow","Body Slam","Shrug It Off"],"campfire_rested":4,"item_purchase_floors":[10,30,36],"current_hp_per_floor":[72,72,72,69,62,62,28,28,28,28,27,27,66,16,55,55,75,75,77,72,53,82,82,42,24,24,26,26,68,68,70,70,87,94,46,46,48,40,42,87,88,88,88,75,0],"gold":159,"neow_bonus":"BOSS_RELIC","is_prod":false,"is_daily":false,"chose_seed":false,"campfire_upgraded":3,"win_rate":0,"timestamp":1564858382,"path_taken":["M","?","?","?","?","R","E","M","T","?","M","?","R","M","R","BOSS","M","M","M","M","?","R","M","M","T","M","?","R","$","?","R","BOSS","M","$","M","M","M","R","M","R","T","?","?"],"build_version":"2019-07-17","purchased_purges":3,"victory":false,"max_hp_per_floor":[80,80,80,80,80,80,80,80,80,80,82,82,82,82,82,82,82,82,84,86,88,88,88,90,90,90,92,92,92,92,94,94,96,96,98,98,100,100,102,102,104,104,104,104,104],"card_choices":[{"not_picked":["Flex","Wild Strike"],"picked":"Whirlwind","floor":1},{"not_picked":["Headbutt","Uppercut","Warcry"],"picked":"SKIP","floor":4},{"not_picked":["Pommel Strike","Twin Strike"],"picked":"Heavy Blade","floor":7},{"not_picked":["Dropkick","Rage","Shockwave"],"picked":"SKIP","floor":8},{"not_picked":["Anger","Sever Soul","True Grit"],"picked":"Singing Bowl","floor":11},{"not_picked":["Feel No Pain","Flex"],"picked":"Shrug It Off","floor":12},{"not_picked":["Flex","Cleave"],"picked":"Armaments","floor":14},{"not_picked":["Double Tap","Limit Break"],"picked":"Berserk","floor":16},{"not_picked":[],"picked":"Metallicize","floor":18},{"not_picked":["Heavy Blade"],"picked":"Singing Bowl","floor":19},{"not_picked":["Pummel"],"picked":"Singing Bowl","floor":20},{"not_picked":["Anger"],"picked":"Singing Bowl","floor":21},{"not_picked":["Flex"],"picked":"Singing Bowl","floor":24},{"not_picked":["Whirlwind+1"],"picked":"SKIP","floor":25},{"not_picked":["Bloodletting"],"picked":"Singing Bowl","floor":27},{"not_picked":["Rupture"],"picked":"Singing Bowl","floor":31},{"not_picked":["Dark Embrace"],"picked":"Singing Bowl","floor":33},{"not_picked":["Blood for Blood+1"],"picked":"Singing Bowl","floor":35},{"not_picked":["Perfected Strike"],"picked":"Singing Bowl","floor":37},{"not_picked":["Heavy Blade+1"],"picked":"SKIP","floor":38},{"not_picked":["Twin Strike"],"picked":"Singing Bowl","floor":39},{"not_picked":["Hemokinesis+1"],"picked":"Singing Bowl","floor":41}],"player_experience":2638274,"relics_obtained":[{"floor":7,"key":"Vajra"},{"floor":9,"key":"Singing Bowl"},{"floor":26,"key":"FossilizedHelix"}],"event_choices":[{"damage_healed":0,"gold_gain":0,"cards_transformed":["Brutality"],"player_choice":"Change","damage_taken":0,"max_hp_gain":0,"max_hp_loss":0,"event_name":"Living Wall","floor":2,"gold_loss":0,"cards_obtained":["Rampage"]},{"cards_removed":["Strike_R"],"damage_healed":0,"gold_gain":0,"player_choice":"Offered Basic","damage_taken":0,"max_hp_gain":0,"max_hp_loss":0,"event_name":"Bonfire Elementals","floor":3,"gold_loss":0},{"cards_removed":["Strike_R"],"damage_healed":0,"gold_gain":0,"player_choice":"Card Removal","damage_taken":7,"max_hp_gain":0,"max_hp_loss":0,"event_name":"Golden Wing","floor":5,"gold_loss":0},{"damage_healed":29,"gold_gain":0,"player_choice":"Heal","damage_taken":0,"max_hp_gain":0,"max_hp_loss":0,"event_name":"The Library","floor":22,"gold_loss":0},{"cards_removed":["Heavy Blade"],"damage_healed":0,"gold_gain":0,"player_choice":"Purged","damage_taken":0,"max_hp_gain":0,"max_hp_loss":0,"event_name":"Purifier","floor":28,"gold_loss":0},{"damage_healed":0,"gold_gain":0,"player_choice":"Embrace Madness","damage_taken":13,"max_hp_gain":0,"max_hp_loss":0,"event_name":"Winding Halls","floor":44,"gold_loss":0,"cards_obtained":["Madness","Madness"]},{"damage_healed":0,"gold_gain":0,"player_choice":"Fight","damage_taken":0,"max_hp_gain":0,"max_hp_loss":0,"event_name":"Mysterious Sphere","floor":45,"gold_loss":0}],"is_beta":false,"boss_relics":[{"not_picked":["Runic Dome","Pandora\u0027s Box"],"picked":"Busted Crown"},{"not_picked":["Mark of Pain","Coffee Dripper"],"picked":"Fusion Hammer"}],"items_purged_floors":[10,30,36],"is_endless":false,"potions_floor_spawned":[4,7,11,14,16,18,20,25,31,33,35,38,41],"killed_by":"2 Orb Walkers","ascension_level":11}