{"gold_per_floor":[20,32,32,51,63,63,98,115,138,150,162,162,237,237,237,332,332,352,352,370,389,389,389,401,401,425,425],"floor_reached":27,"playtime":2362,"items_purged":[],"score":217,"play_id":"eb06d371-e078-4d23-9402-a4981cc787d9","local_time":"20181111160155","is_ascension_mode":false,"campfire_choices":[{"data":"Neutralize","floor":6,"key":"SMITH"},{"floor":15,"key":"REST"},{"floor":23,"key":"REST"},{"floor":25,"key":"REST"}],"neow_cost":"NO_GOLD","seed_source_timestamp":2822902701742599,"circlet_count":0,"master_deck":["Defend_G","Defend_G","Defend_G","Defend_G","Strike_G","Strike_G","Strike_G","Strike_G+1","Strike_G+1","Survivor","Neutralize+1","Well Laid Plans","Leg Sweep","Pain","Cloak And Dagger","Leg Sweep","Burst"],"relics":["Ring of the Snake","Incense Burner","Centennial Puzzle","Vajra","WarpedTongs","Black Star","Nilry\u0027s Codex","Whetstone"],"potions_floor_usage":[7,7,8,16,27],"damage_taken":[{"damage":2,"enemies":"2 Louse","floor":1,"turns":5},{"damage":0,"enemies":"Cultist","floor":2,"turns":5},{"damage":0,"enemies":"Small Slimes","floor":4,"turns":3},{"damage":13,"enemies":"3 Louse","floor":5,"turns":7},{"damage":26,"enemies":"Lagavulin","floor":7,"turns":9},{"damage":1,"enemies":"Large Slime","floor":8,"turns":9},{"damage":11,"enemies":"Exordium Thugs","floor":10,"turns":5},{"damage":0,"enemies":"Red Slaver","floor":11,"turns":6},{"damage":45,"enemies":"The Guardian","floor":16,"turns":16},{"damage":7,"enemies":"Chosen","floor":18,"turns":8},{"damage":15,"enemies":"Spheric Guardian","floor":20,"turns":7},{"damage":17,"enemies":"Snake Plant","floor":21,"turns":8},{"damage":31,"enemies":"Snecko","floor":24,"turns":10},{"damage":26,"enemies":"Cultist and Chosen","floor":27,"turns":12}],"seed_played":"4303443794491381875","potions_obtained":[{"floor":3,"key":"FairyPotion"},{"floor":3,"key":"Block Potion"},{"floor":3,"key":"SmokeBomb"},{"floor":4,"key":"Energy Potion"},{"floor":7,"key":"Regen Potion"},{"floor":8,"key":"Energy Potion"},{"floor":24,"key":"Block Potion"}],"is_trial":false,"path_per_floor":["M","M","?","M","M","R","E","M","T","M","M","?","?","?","R","B",null,"M","?","M","M","?","R","M","R","T","M"],"character_chosen":"THE_SILENT","items_purchased":[],"campfire_rested":3,"item_purchase_floors":[],"current_hp_per_floor":[68,68,68,68,55,55,29,43,43,32,32,32,21,21,42,6,70,63,47,32,15,15,36,5,26,26,0],"gold":425,"neow_bonus":"ONE_RARE_RELIC","is_prod":false,"is_daily":false,"chose_seed":false,"campfire_upgraded":1,"win_rate":0.0,"timestamp":1541973715,"path_taken":["M","M","?","?","M","R","E","M","T","?","M","?","?","?","R","BOSS","M","?","M","M","?","R","M","R","T","?"],"build_version":"2018-11-08","purchased_purges":0,"victory":false,"max_hp_per_floor":[70,70,70,70,70,70,70,70,70,70,70,70,70,70,70,70,70,70,70,70,70,70,70,70,70,70,70],"card_choices":[{"not_picked":["Quick Slash","Dodge and Roll","Catalyst"],"picked":"SKIP","floor":1},{"not_picked":["Deadly Poison","Sucker Punch","Skewer"],"picked":"SKIP","floor":2},{"not_picked":["Slice","Bane","Dagger Spray"],"picked":"SKIP","floor":4},{"not_picked":["Eviscerate","Flying Knee","Poisoned Stab"],"picked":"SKIP","floor":5},{"not_picked":["Eviscerate","Skewer","Riddle With Holes"],"picked":"SKIP","floor":7},{"not_picked":["Prepared","Deflect","Bullet Time"],"picked":"SKIP","floor":8},{"not_picked":["Prepared","Deadly Poison"],"picked":"Well Laid Plans","floor":10},{"not_picked":["Flying Knee","PiercingWail"],"picked":"Leg Sweep","floor":11},{"not_picked":["Underhanded Strike","Backflip"],"picked":"Cloak And Dagger","floor":18},{"not_picked":["Outmaneuver+1","All Out Attack","Blade Dance"],"picked":"SKIP","floor":20},{"not_picked":["Dagger Spray","Expertise","Acrobatics"],"picked":"SKIP","floor":21},{"not_picked":["Deflect+1","Prepared+1"],"picked":"Burst","floor":24}],"player_experience":133571,"relics_obtained":[{"floor":7,"key":"Centennial Puzzle"},{"floor":9,"key":"Vajra"},{"floor":19,"key":"Nilry\u0027s Codex"},{"floor":26,"key":"Whetstone"}],"event_choices":[{"damage_healed":0,"gold_gain":0,"player_choice":"Got Potions","damage_taken":0,"max_hp_gain":0,"max_hp_loss":0,"event_name":"Lab","floor":3,"gold_loss":0},{"cards_removed":["Defend_G"],"damage_healed":0,"gold_gain":0,"player_choice":"Forget","damage_taken":0,"max_hp_gain":0,"max_hp_loss":0,"event_name":"Living Wall","floor":12,"gold_loss":0},{"damage_healed":0,"gold_gain":75,"player_choice":"Gather Gold","damage_taken":11,"max_hp_gain":0,"max_hp_loss":0,"event_name":"World of Goop","floor":13,"gold_loss":0},{"damage_healed":0,"gold_gain":0,"player_choice":"Rummage","damage_taken":0,"relics_obtained":["WarpedTongs"],"max_hp_gain":0,"max_hp_loss":0,"event_name":"Accursed Blacksmith","floor":14,"gold_loss":0,"cards_obtained":["Pain"]},{"damage_healed":0,"gold_gain":0,"player_choice":"Obtained Book","damage_taken":16,"max_hp_gain":0,"max_hp_loss":0,"event_name":"Cursed Tome","floor":19,"gold_loss":0},{"damage_healed":0,"gold_gain":0,"player_choice":"Copied","damage_taken":0,"max_hp_gain":0,"max_hp_loss":0,"event_name":"Duplicator","floor":22,"gold_loss":0,"cards_obtained":["Leg Sweep"]}],"is_beta":false,"boss_relics":[{"not_picked":["HoveringKite","Astrolabe"],"picked":"Black Star"}],"items_purged_floors":[],"is_endless":false,"potions_floor_spawned":[4,7,8,24],"killed_by":"Cultist and Chosen","ascension_level":0}