{"gold_per_floor":[118,137,137,137,137,137,153,153,178,194,194,213,223,223,223,324,324,335,250,26,46,63,63,63,80,105,118,131,142,160,160,160,160],"floor_reached":33,"playtime":2115,"items_purged":["Strike_G"],"score":352,"play_id":"2cb1b323-b1e9-410f-ab14-5b4a9d9a1a11","local_time":"20190708150858","is_ascension_mode":true,"campfire_choices":[{"floor":6,"key":"DIG"},{"floor":8,"key":"DIG"},{"floor":15,"key":"DIG"},{"floor":23,"key":"DIG"},{"floor":32,"key":"REST"}],"neow_cost":"TEN_PERCENT_HP_LOSS","seed_source_timestamp":1079379787016072,"circlet_count":0,"master_deck":["Strike_G","Strike_G","Defend_G","Defend_G+1","Defend_G","Defend_G+1","Defend_G","Survivor","Neutralize","Deadly Poison+1","Acrobatics","Adrenaline","Noxious Fumes","Blur","Blur+1"],"relics":["Ring of the Snake","Tough Bandages","Shovel","Pear","Girya","Snake Skull","Paper Crane","Mummified Hand","Philosopher\u0027s Stone","Ninja Scroll","Mercury Hourglass","Regal Pillow"],"potions_floor_usage":[16,16,16,16,16,33,33,33],"damage_taken":[{"damage":2,"enemies":"Small Slimes","floor":1,"turns":5},{"damage":0,"enemies":"2 Louse","floor":2,"turns":4},{"damage":2,"enemies":"Cultist","floor":7,"turns":4},{"damage":6,"enemies":"Exordium Thugs","floor":10,"turns":4},{"damage":3,"enemies":"Blue Slaver","floor":12,"turns":4},{"damage":0,"enemies":"2 Fungi Beasts","floor":13,"turns":4},{"damage":15,"enemies":"Hexaghost","floor":16,"turns":11},{"damage":17,"enemies":"3 Byrds","floor":18,"turns":7},{"damage":28,"enemies":"Chosen","floor":21,"turns":5},{"damage":10,"enemies":"Snake Plant","floor":22,"turns":5},{"damage":3,"enemies":"Shelled Parasite and Fungi","floor":25,"turns":7},{"damage":0,"enemies":"3 Cultists","floor":27,"turns":5},{"damage":0,"enemies":"Centurion and Healer","floor":28,"turns":7},{"damage":2,"enemies":"Shelled Parasite and Fungi","floor":29,"turns":6},{"damage":0,"enemies":"Snake Plant","floor":30,"turns":5},{"damage":0,"enemies":"Colosseum Slavers","floor":31,"turns":6},{"damage":60,"enemies":"Champ","floor":33,"turns":13}],"seed_played":"2279687718645387713","potions_obtained":[{"floor":1,"key":"Regen Potion"},{"floor":7,"key":"EntropicBrew"},{"floor":18,"key":"PowerPotion"},{"floor":21,"key":"SpeedPotion"},{"floor":22,"key":"Fire Potion"},{"floor":29,"key":"Regen Potion"}],"is_trial":false,"path_per_floor":["M","M","?","?","?","R","M","R","T","M","T","M","M","?","R","B",null,"M","?","$","M","M","R","?","M","T","M","M","M","M","?","R","B"],"character_chosen":"THE_SILENT","items_purchased":["Noxious Fumes","Blur"],"campfire_rested":1,"item_purchase_floors":[20,20],"current_hp_per_floor":[61,61,48,36,36,46,44,44,44,38,38,35,35,35,35,35,64,47,47,47,19,9,9,9,6,6,6,6,4,4,4,40,0],"gold":160,"neow_bonus":"ONE_RARE_RELIC","is_prod":false,"is_daily":false,"chose_seed":false,"campfire_upgraded":0,"win_rate":0,"timestamp":1562616538,"path_taken":["M","M","?","?","?","R","M","R","T","?","?","M","M","?","R","BOSS","M","?","$","M","M","R","?","M","T","M","M","?","M","?","R","BOSS"],"build_version":"2019-07-05","purchased_purges":1,"victory":false,"max_hp_per_floor":[63,63,63,63,63,73,73,73,73,73,73,73,73,73,73,73,73,73,73,73,73,73,73,73,73,73,73,73,73,73,73,73,73],"card_choices":[{"not_picked":["All Out Attack","Crippling Poison"],"picked":"Deadly Poison","floor":1},{"not_picked":["Underhanded Strike","Eviscerate"],"picked":"Acrobatics","floor":2},{"not_picked":["Backflip","Dodge and Roll","Crippling Poison"],"picked":"SKIP","floor":7},{"not_picked":["Cloak And Dagger","Dodge and Roll"],"picked":"Adrenaline","floor":10},{"not_picked":["Terror","Blade Dance","Accuracy"],"picked":"SKIP","floor":12},{"not_picked":["Flying Knee","Infinite Blades","Poisoned Stab"],"picked":"SKIP","floor":13},{"not_picked":["Underhanded Strike","Prepared","Flying Knee"],"picked":"SKIP","floor":18},{"not_picked":["Poisoned Stab","Outmaneuver","Dash"],"picked":"SKIP","floor":21},{"not_picked":["Infinite Blades","Masterful Stab","Blade Dance+1"],"picked":"SKIP","floor":22},{"not_picked":["Expertise","Slice","Masterful Stab"],"picked":"SKIP","floor":25},{"not_picked":["Masterful Stab","Prepared","Dagger Spray"],"picked":"SKIP","floor":27},{"not_picked":["Flying Knee","Crippling Poison","Acrobatics"],"picked":"SKIP","floor":28},{"not_picked":["Outmaneuver","Dash"],"picked":"Blur+1","floor":29},{"not_picked":["Heel Hook","Blade Dance","Distraction+1"],"picked":"SKIP","floor":30}],"player_experience":2165196,"relics_obtained":[{"floor":6,"key":"Pear"},{"floor":8,"key":"Girya"},{"floor":9,"key":"Snake Skull"},{"floor":11,"key":"Paper Crane"},{"floor":15,"key":"Mummified Hand"},{"floor":23,"key":"Mercury Hourglass"},{"floor":26,"key":"Regal Pillow"}],"event_choices":[{"damage_healed":0,"gold_gain":0,"player_choice":"Entered Light","damage_taken":13,"max_hp_gain":0,"max_hp_loss":0,"event_name":"Shining Light","floor":3,"gold_loss":0,"cards_upgraded":["Defend_G","Defend_G"]},{"damage_healed":0,"gold_gain":0,"player_choice":"Success","damage_taken":12,"relics_obtained":["Shovel"],"max_hp_gain":0,"max_hp_loss":0,"event_name":"Scrap Ooze","floor":4,"gold_loss":0},{"damage_healed":0,"gold_gain":0,"player_choice":"Upgraded","damage_taken":0,"max_hp_gain":0,"max_hp_loss":0,"event_name":"Upgrade Shrine","floor":5,"gold_loss":0,"cards_upgraded":["Deadly Poison"]},{"cards_removed":["Strike_G"],"damage_healed":0,"gold_gain":0,"player_choice":"Forget","damage_taken":0,"max_hp_gain":0,"max_hp_loss":0,"event_name":"Living Wall","floor":14,"gold_loss":0},{"damage_healed":0,"gold_gain":0,"player_choice":"Obtained Relic","damage_taken":0,"relics_obtained":["Ninja Scroll"],"max_hp_gain":0,"max_hp_loss":0,"event_name":"Addict","floor":19,"gold_loss":85},{"cards_removed":["Strike_G"],"damage_healed":0,"gold_gain":0,"player_choice":"Elegance","damage_taken":0,"max_hp_gain":0,"max_hp_loss":0,"event_name":"Back to Basics","floor":24,"gold_loss":0},{"damage_healed":0,"gold_gain":0,"player_choice":"Fight","damage_taken":0,"max_hp_gain":0,"max_hp_loss":0,"event_name":"Colosseum","floor":31,"gold_loss":0},{"damage_healed":0,"gold_gain":0,"player_choice":"Fled From Nobs","damage_taken":0,"max_hp_gain":0,"max_hp_loss":0,"event_name":"Colosseum","floor":31,"gold_loss":0}],"is_beta":false,"boss_relics":[{"not_picked":["White Beast Statue","Orrery"],"picked":"Philosopher\u0027s Stone"}],"items_purged_floors":[20],"is_endless":false,"potions_floor_spawned":[1,7,18,21,22,29,30],"killed_by":"Champ","ascension_level":9}