{"gold_per_floor":[110,127,127,52,52,52,52,52,76,102,102,102,118,133,133,229,229,245,0,14,14,68,68,87,87,87,104,32,51,68,68,68,164,164,176,176,176,196,196,196,22,42,69,69],"floor_reached":44,"playtime":4015,"items_purged":["Strike_B","Strike_B","Defend_B"],"score":603,"play_id":"f0bcf509-8713-4468-9c96-2b4ba57181d0","local_time":"20190528092412","is_ascension_mode":true,"campfire_choices":[{"floor":6,"key":"REST"},{"data":"Zap","floor":8,"key":"SMITH"},{"data":"Self Repair","floor":12,"key":"SMITH"},{"data":"Cold Snap","floor":15,"key":"SMITH"},{"data":"FTL","floor":23,"key":"SMITH"},{"floor":25,"key":"REST"},{"data":"Conserve Battery","floor":32,"key":"SMITH"},{"floor":40,"key":"REST"}],"neow_cost":"NONE","seed_source_timestamp":983437305945434,"circlet_count":0,"master_deck":["Defend_B","Defend_B","Zap+1","Cold Snap+1","FTL+1","Conserve Battery+1","Conserve Battery","Auto Shields","Static Discharge","Capacitor+1","Seek","Conserve Battery","Cold Snap"],"relics":["Cracked Core","NeowsBlessing","Dream Catcher","Bag of Preparation","Letter Opener","Lizard Tail","Happy Flower","Boot","Frozen Egg 2","Sozu","Bottled Tornado","Bronze Scales"],"potions_floor_usage":[16,16,33,33,33],"damage_taken":[{"damage":0,"enemies":"2 Louse","floor":1,"turns":1},{"damage":0,"enemies":"Small Slimes","floor":2,"turns":1},{"damage":0,"enemies":"Lagavulin","floor":10,"turns":1},{"damage":0,"enemies":"Jaw Worm","floor":13,"turns":3},{"damage":0,"enemies":"Exordium Wildlife","floor":14,"turns":5},{"damage":16,"enemies":"The Guardian","floor":16,"turns":14},{"damage":10,"enemies":"Chosen","floor":18,"turns":6},{"damage":9,"enemies":"Spheric Guardian","floor":20,"turns":4},{"damage":36,"enemies":"Cultist and Chosen","floor":24,"turns":7},{"damage":13,"enemies":"Chosen and Byrds","floor":27,"turns":9},{"damage":10,"enemies":"Snake Plant","floor":29,"turns":5},{"damage":8,"enemies":"Shelled Parasite and Fungi","floor":30,"turns":8},{"damage":34,"enemies":"Collector","floor":33,"turns":18},{"damage":21,"enemies":"3 Darklings","floor":35,"turns":8},{"damage":10,"enemies":"Orb Walker","floor":38,"turns":5},{"damage":23,"enemies":"Jaw Worm Horde","floor":42,"turns":6},{"damage":117,"enemies":"Giant Head","floor":44,"turns":10}],"seed_played":"-1237861358968585229","potions_obtained":[{"floor":1,"key":"Explosive Potion"},{"floor":2,"key":"GamblersBrew"},{"floor":14,"key":"AttackPotion"},{"floor":18,"key":"SkillPotion"},{"floor":27,"key":"Block Potion"},{"floor":29,"key":"Dexterity Potion"}],"is_trial":false,"path_per_floor":["M","M","?","$","?","R","$","R","T","E","?","R","M","M","R","B",null,"M","$","M","?","T","R","M","R","T","M","$","M","M","?","R","B",null,"M","?","T","M","?","R","$","M","T","E"],"character_chosen":"DEFECT","items_purchased":["Happy Flower","Capacitor+1","Conserve Battery"],"campfire_rested":3,"item_purchase_floors":[19,28,41],"current_hp_per_floor":[68,68,61,61,43,65,65,65,65,72,72,72,75,75,75,69,74,74,74,75,75,75,75,49,71,71,68,68,58,60,60,60,36,65,54,54,54,54,54,75,75,52,52,0],"gold":69,"neow_bonus":"THREE_ENEMY_KILL","is_prod":false,"is_daily":false,"chose_seed":false,"campfire_upgraded":5,"win_rate":0,"timestamp":1559053452,"path_taken":["M","M","?","$","?","R","$","R","T","E","?","R","M","M","R","BOSS","M","$","M","?","?","R","M","R","T","M","?","M","M","?","R","BOSS","M","?","?","M","?","R","?","M","T","E"],"build_version":"2019-01-23","purchased_purges":3,"victory":false,"max_hp_per_floor":[75,75,75,75,75,75,75,75,75,75,75,75,75,75,75,75,75,75,75,75,75,75,75,75,75,75,75,75,75,75,75,75,75,75,75,75,75,75,75,75,75,75,75,75],"card_choices":[{"not_picked":["Lockon","Gash","Leap"],"picked":"SKIP","floor":1},{"not_picked":["Force Field","Fusion"],"picked":"Self Repair","floor":2},{"not_picked":["Doom and Gloom","Hologram"],"picked":"Cold Snap","floor":6},{"not_picked":["Steam","Reboot"],"picked":"FTL","floor":10},{"not_picked":["Go for the Eyes","Gash","Hello World"],"picked":"SKIP","floor":13},{"not_picked":["Steam","Beam Cell"],"picked":"Conserve Battery","floor":14},{"not_picked":["Go for the Eyes","Hologram","Rebound+1"],"picked":"SKIP","floor":18},{"not_picked":["Rebound","Barrage+1"],"picked":"Conserve Battery","floor":20},{"not_picked":["White Noise","Redo","Force Field+1"],"picked":"SKIP","floor":24},{"not_picked":["Double Energy","Force Field+1","Gash"],"picked":"SKIP","floor":27},{"not_picked":["Rebound","Blizzard","Chaos+1"],"picked":"SKIP","floor":29},{"not_picked":["Static Discharge+1","Ball Lightning+1","Multi-Cast"],"picked":"SKIP","floor":30},{"not_picked":["Core Surge","Hyperbeam"],"picked":"Seek","floor":33},{"not_picked":["White Noise+1","Streamline+1","Barrage"],"picked":"SKIP","floor":35},{"not_picked":["Consume","Coolheaded+1","Compile Driver+1"],"picked":"SKIP","floor":38},{"not_picked":["Streamline","Chaos+1"],"picked":"Cold Snap","floor":42}],"player_experience":1947077,"relics_obtained":[{"floor":9,"key":"Bag of Preparation"},{"floor":10,"key":"Letter Opener"},{"floor":22,"key":"Boot"},{"floor":26,"key":"Frozen Egg 2"},{"floor":37,"key":"Bottled Tornado"},{"floor":43,"key":"Bronze Scales"}],"event_choices":[{"cards_removed":["Dualcast"],"damage_healed":0,"gold_gain":0,"player_choice":"Card Removal","damage_taken":7,"max_hp_gain":0,"max_hp_loss":0,"event_name":"Golden Wing","floor":3,"gold_loss":0},{"damage_healed":0,"gold_gain":0,"player_choice":"Success","damage_taken":18,"relics_obtained":["Dream Catcher"],"max_hp_gain":0,"max_hp_loss":0,"event_name":"Scrap Ooze","floor":5,"gold_loss":0},{"damage_healed":0,"gold_gain":0,"player_choice":"Ignored","damage_taken":0,"max_hp_gain":0,"max_hp_loss":0,"event_name":"Liars Game","floor":11,"gold_loss":0},{"damage_healed":0,"gold_gain":0,"cards_transformed":["Strike_B","Strike_B"],"player_choice":"Became Test Subject","damage_taken":0,"max_hp_gain":0,"max_hp_loss":0,"event_name":"Drug Dealer","floor":21,"gold_loss":0,"cards_obtained":["Auto Shields","Static Discharge"]},{"cards_removed":["Defend_B"],"damage_healed":0,"gold_gain":0,"player_choice":"Elegance","damage_taken":0,"max_hp_gain":0,"max_hp_loss":0,"event_name":"Back to Basics","floor":31,"gold_loss":0},{"damage_healed":0,"gold_gain":0,"player_choice":"Ignored","damage_taken":0,"max_hp_gain":0,"max_hp_loss":0,"event_name":"Tomb of Lord Red Mask","floor":36,"gold_loss":0},{"cards_removed":["Self Repair"],"damage_healed":0,"gold_gain":0,"player_choice":"Removed Power","damage_taken":0,"max_hp_gain":0,"max_hp_loss":0,"event_name":"Falling","floor":39,"gold_loss":0}],"is_beta":false,"boss_relics":[{"not_picked":["Pandora\u0027s Box","Coffee Dripper"],"picked":"Lizard Tail"},{"not_picked":["Black Star","Fusion Hammer"],"picked":"Sozu"}],"items_purged_floors":[4,19,41],"is_endless":false,"potions_floor_spawned":[1,2,14,18,27,29,30,42],"killed_by":"Giant Head","ascension_level":8}