{"gold_per_floor":[217,49,49,59,72,72,72,72,124,134,144,171,181,201,201,296,296,309,19,37,54,64,64,76,76,76,76,76,76,87,101,101,101],"floor_reached":33,"playtime":2057,"items_purged":["Dualcast","Strike_B"],"score":340,"play_id":"8c33b838-d6a7-4719-aa6a-98b4edc38245","local_time":"20190410173838","is_ascension_mode":true,"campfire_choices":[{"data":"Madness","floor":6.0,"key":"SMITH"},{"floor":8.0,"key":"REST"},{"data":"Zap","floor":15.0,"key":"SMITH"},{"floor":23,"key":"REST"},{"floor":25,"key":"REST"},{"floor":27,"key":"REST"},{"data":"Buffer","floor":29,"key":"SMITH"},{"data":"Master of Strategy","floor":32,"key":"SMITH"}],"neow_cost":"NONE","seed_source_timestamp":0,"circlet_count":0,"master_deck":["Strike_B","Strike_B","Defend_B","Defend_B","Defend_B","Defend_B","Zap+1","Sunder","Madness+1","BootSequence","Cold Snap","Buffer+1","Defragment","Master of Strategy+1","FTL","Cold Snap","Writhe"],"special_seed":0,"relics":["Cracked Core","The Courier","DataDisk","Odd Mushroom","Cursed Key","Gremlin Horn"],"potions_floor_usage":[33,33,33],"damage_taken":[{"damage":3.0,"enemies":"Small Slimes","floor":1.0,"turns":4.0},{"damage":11.0,"enemies":"Cultist","floor":4.0,"turns":4.0},{"damage":0.0,"enemies":"2 Louse","floor":5.0,"turns":2.0},{"damage":0.0,"enemies":"Large Slime","floor":10.0,"turns":3.0},{"damage":3.0,"enemies":"Blue Slaver","floor":11.0,"turns":3.0},{"damage":0.0,"enemies":"The Mushroom Lair","floor":12.0,"turns":4.0},{"damage":0.0,"enemies":"2 Fungi Beasts","floor":13.0,"turns":4.0},{"damage":7.0,"enemies":"Large Slime","floor":14.0,"turns":7.0},{"damage":1.0,"enemies":"Slime Boss","floor":16.0,"turns":11.0},{"damage":40.0,"enemies":"3 Byrds","floor":18.0,"turns":5.0},{"damage":0.0,"enemies":"Chosen","floor":20.0,"turns":4.0},{"damage":14,"enemies":"3 Cultists","floor":21,"turns":6},{"damage":5,"enemies":"Centurion and Healer","floor":22,"turns":9},{"damage":7,"enemies":"Chosen and Byrds","floor":24,"turns":6},{"damage":5,"enemies":"Shelled Parasite and Fungi","floor":30,"turns":7},{"damage":6,"enemies":"Snake Plant","floor":31,"turns":6},{"damage":80,"enemies":"Champ","floor":33,"turns":15}],"seed_played":"3180815007551974678","potions_obtained":[{"floor":1.0,"key":"Explosive Potion"},{"floor":5.0,"key":"FearPotion"},{"floor":14.0,"key":"Block Potion"},{"floor":16.0,"key":"FearPotion"},{"floor":18.0,"key":"FearPotion"},{"floor":24,"key":"AttackPotion"}],"is_trial":false,"path_per_floor":["M","$","?","M","M","R","?","R","T","M","M","?","M","M","R","B",null,"M","$","M","M","M","R","M","R","T","R","?","R","M","M","R","B"],"character_chosen":"DEFECT","items_purchased":["Madness","Master of Strategy","FTL"],"campfire_rested":4,"item_purchase_floors":[2,19,19],"current_hp_per_floor":[65,65,65,54,54,54,42,64,64,64,61,61,61,54,54,53,70,30,30,30,16,11,33,26,48,48,70,70,70,65,59,59,0],"gold":101,"neow_bonus":"HUNDRED_GOLD","is_prod":false,"is_daily":false,"chose_seed":false,"campfire_upgraded":4,"win_rate":0,"timestamp":1554935918,"path_taken":["M","$","?","?","M","R","?","R","T","M","M","?","M","M","R","BOSS","M","$","M","M","M","R","M","R","T","R","?","R","M","M","R","BOSS"],"build_version":"2019-01-23","purchased_purges":2,"victory":false,"max_hp_per_floor":[75,75,75,75,75,75,75,75,75,75,75,75,75,75,75,75,75,75,75,75,75,75,75,75,75,75,75,75,75,75,75,75,75],"card_choices":[{"not_picked":["Aggregate","Compile Driver"],"picked":"Sunder","floor":1.0},{"not_picked":["Leap","Gash"],"picked":"BootSequence","floor":4.0},{"not_picked":["Stack","Beam Cell","Reprogram"],"picked":"SKIP","floor":5.0},{"not_picked":["Rebound","Lockon","Sweeping Beam"],"picked":"SKIP","floor":10.0},{"not_picked":["Gash","Ball Lightning","Auto Shields"],"picked":"SKIP","floor":11.0},{"not_picked":["Aggregate","Coolheaded"],"picked":"Cold Snap","floor":12.0},{"not_picked":["Doom and Gloom","Compile Driver"],"picked":"Buffer","floor":13.0},{"not_picked":["Chaos","Stack","Beam Cell"],"picked":"SKIP","floor":14.0},{"not_picked":["Steam","Redo+1"],"picked":"Defragment","floor":18.0},{"not_picked":["Ball Lightning","Stack","Hologram"],"picked":"SKIP","floor":20.0},{"not_picked":["Redo+1","Compile Driver"],"picked":"Cold Snap","floor":21},{"not_picked":["Genetic Algorithm","White Noise","Turbo"],"picked":"SKIP","floor":22},{"not_picked":["Beam Cell","Hyperbeam","Sweeping Beam"],"picked":"SKIP","floor":24},{"not_picked":["Ball Lightning","Redo","Go for the Eyes"],"picked":"SKIP","floor":30},{"not_picked":["Hologram+1","Gash+1","Beam Cell+1"],"picked":"SKIP","floor":31}],"player_experience":1815663,"relics_obtained":[{"floor":9.0,"key":"DataDisk"},{"floor":12.0,"key":"Odd Mushroom"},{"floor":26,"key":"Gremlin Horn"}],"event_choices":[{"cards_removed":["Strike_B"],"damage_healed":0.0,"max_hp_gain":0.0,"max_hp_loss":0.0,"gold_gain":0.0,"event_name":"Purifier","player_choice":"Purged","floor":3.0,"gold_loss":0.0,"damage_taken":0.0},{"damage_healed":0.0,"max_hp_gain":0.0,"max_hp_loss":0.0,"gold_gain":0.0,"event_name":"Scrap Ooze","player_choice":"Success","floor":7.0,"gold_loss":0.0,"damage_taken":12.0,"relics_obtained":["The Courier"]},{"damage_healed":0.0,"max_hp_gain":0.0,"max_hp_loss":0.0,"gold_gain":0.0,"event_name":"Mushrooms","player_choice":"Fought Mushrooms","floor":12.0,"gold_loss":0.0,"damage_taken":0.0}],"is_beta":false,"boss_relics":[{"not_picked":["Orrery","Astrolabe"],"picked":"Cursed Key"}],"items_purged_floors":[2,19],"is_endless":false,"potions_floor_spawned":[1,5,14,16,18,24],"killed_by":"Champ","ascension_level":8}