{"gold_per_floor":[114,114,114,39,39,39,39,39,39,66,66,66,83,100,100,202,202,214,214,234,234,251,251,170,170,227,227,49,67,78,113,113,217,217,237,237,179,191,204,204,238,238,291,319,331,343,46,58,58,58],"floor_reached":51,"playtime":2040,"items_purged":["Doubt","Defend_R"],"score":1291,"play_id":"c93bd1b6-e6ca-4575-90ec-e28ca78d9bc1","local_time":"20190830185242","is_ascension_mode":true,"campfire_choices":[{"data":"Strike_R","floor":6,"key":"PURGE"},{"data":"Strike_R","floor":8,"key":"PURGE"},{"data":"Strike_R","floor":12,"key":"PURGE"},{"data":"Strike_R","floor":15,"key":"PURGE"},{"floor":23,"key":"REST"},{"data":"Strike_R","floor":25,"key":"PURGE"},{"data":"Defend_R","floor":27,"key":"PURGE"},{"floor":32,"key":"REST"},{"data":"Bash","floor":40,"key":"SMITH"},{"floor":42,"key":"REST"},{"floor":46,"key":"REST"},{"floor":49,"key":"REST"}],"neow_cost":"CURSE","seed_source_timestamp":99982468965000,"circlet_count":0,"master_deck":["AscendersBane","Defend_R+1","Bash+1","Rampage+1","Battle Trance","Warcry+1"],"relics":["Burning Blood","Peace Pipe","Boot","Vajra","Lantern","Busted Crown","Singing Bowl","Potion Belt","Tiny Chest","The Courier","Velvet Choker","Sundial","MawBank","Self Forming Clay"],"potions_floor_usage":[16,16,41,41,50,50,50,50,50,50],"damage_taken":[{"damage":8,"enemies":"Jaw Worm","floor":1,"turns":6},{"damage":25,"enemies":"Lagavulin","floor":10,"turns":5},{"damage":11,"enemies":"Small Slimes","floor":13,"turns":3},{"damage":1,"enemies":"Cultist","floor":14,"turns":3},{"damage":43,"enemies":"Hexaghost","floor":16,"turns":5},{"damage":23,"enemies":"Spheric Guardian","floor":18,"turns":4},{"damage":12,"enemies":"2 Thieves","floor":20,"turns":3},{"damage":27,"enemies":"Snake Plant","floor":22,"turns":3},{"damage":0,"enemies":"Centurion and Healer","floor":29,"turns":3},{"damage":0,"enemies":"3 Cultists","floor":30,"turns":3},{"damage":41,"enemies":"Slavers","floor":31,"turns":4},{"damage":8,"enemies":"Automaton","floor":33,"turns":4},{"damage":0,"enemies":"Orb Walker","floor":35,"turns":2},{"damage":23,"enemies":"3 Shapes","floor":38,"turns":3},{"damage":10,"enemies":"Jaw Worm Horde","floor":39,"turns":3},{"damage":87,"enemies":"Nemesis","floor":41,"turns":5},{"damage":29,"enemies":"4 Shapes","floor":44,"turns":3},{"damage":12,"enemies":"3 Darklings","floor":48,"turns":3},{"damage":75,"enemies":"Awakened One","floor":50,"turns":6}],"seed_played":"4058715524359051915","potions_obtained":[{"floor":10,"key":"LiquidBronze"},{"floor":14,"key":"Strength Potion"},{"floor":18,"key":"LiquidBronze"},{"floor":22,"key":"Energy Potion"},{"floor":31,"key":"SneckoOil"},{"floor":33,"key":"BloodPotion"},{"floor":41,"key":"SteroidPotion"}],"is_trial":false,"path_per_floor":["M","?","?","$","?","R","$","R","T","E","?","R","M","M","R","B",null,"M","?","M","T","M","R","?","R","T","R","$","M","M","E","R","B",null,"M","?","$","M","M","R","E","R","T","M","?","R","$","M","R","B",null],"character_chosen":"IRONCLAD","items_purchased":["Battle Trance","GamblersBrew","EntropicBrew","Strength Potion","Self Forming Clay"],"campfire_rested":5,"item_purchase_floors":[28,37,47,47,47],"current_hp_per_floor":[70,67,72,72,72,72,72,72,72,53,53,53,48,53,53,16,68,51,51,45,45,26,52,52,52,52,52,52,60,68,35,62,62,87,95,95,95,80,78,78,22,52,52,29,29,59,59,55,86,17],"gold":58,"neow_bonus":"ONE_RARE_RELIC","is_prod":false,"is_daily":false,"chose_seed":false,"campfire_upgraded":1,"win_rate":0,"timestamp":1567158762,"path_taken":["M","?","?","$","?","R","$","R","T","E","?","R","?","M","R","BOSS","M","?","M","?","M","R","?","R","T","R","$","M","?","E","R","BOSS","M","?","$","M","M","R","E","R","T","M","?","R","$","M","R","BOSS"],"build_version":"2019-07-17","purchased_purges":2,"victory":true,"max_hp_per_floor":[80,80,85,85,85,85,85,85,85,85,85,85,85,85,85,85,85,85,85,85,85,87,87,87,87,87,87,87,89,91,93,93,95,95,97,97,97,99,101,101,103,103,103,103,103,103,103,105,105,105],"card_choices":[{"not_picked":["Uppercut","Pommel Strike"],"picked":"Rampage","floor":1},{"not_picked":["Evolve","Dark Embrace","Anger"],"picked":"SKIP","floor":10},{"not_picked":["Rage","Body Slam","Hemokinesis"],"picked":"SKIP","floor":13},{"not_picked":["Twin Strike","Havoc","Clothesline"],"picked":"SKIP","floor":14},{"not_picked":["True Grit"],"picked":"SKIP","floor":18},{"not_picked":["Warcry"],"picked":"SKIP","floor":20},{"not_picked":["Twin Strike"],"picked":"Singing Bowl","floor":22},{"not_picked":["Perfected Strike"],"picked":"Singing Bowl","floor":29},{"not_picked":["Iron Wave"],"picked":"Singing Bowl","floor":30},{"not_picked":["Feel No Pain+1"],"picked":"Singing Bowl","floor":31},{"not_picked":["Limit Break"],"picked":"Singing Bowl","floor":33},{"not_picked":["Feel No Pain"],"picked":"Singing Bowl","floor":35},{"not_picked":["Hemokinesis"],"picked":"Singing Bowl","floor":38},{"not_picked":["Anger"],"picked":"Singing Bowl","floor":39},{"not_picked":["Feel No Pain"],"picked":"Singing Bowl","floor":41},{"not_picked":[],"picked":"Warcry+1","floor":44},{"not_picked":["Wild Strike"],"picked":"Singing Bowl","floor":48}],"player_experience":501796,"relics_obtained":[{"floor":9,"key":"Vajra"},{"floor":10,"key":"Lantern"},{"floor":21,"key":"Singing Bowl"},{"floor":26,"key":"Tiny Chest"},{"floor":31,"key":"The Courier"},{"floor":41,"key":"Sundial"},{"floor":43,"key":"MawBank"}],"event_choices":[{"damage_healed":0,"gold_gain":0,"player_choice":"Success","damage_taken":3,"relics_obtained":["Boot"],"max_hp_gain":0,"max_hp_loss":0,"event_name":"Scrap Ooze","floor":2,"gold_loss":0},{"damage_healed":0,"gold_gain":0,"player_choice":"Donut","damage_taken":0,"max_hp_gain":5,"max_hp_loss":0,"event_name":"Big Fish","floor":3,"gold_loss":0},{"cards_removed":["Defend_R"],"damage_healed":0,"gold_gain":0,"player_choice":"Forget","damage_taken":0,"max_hp_gain":0,"max_hp_loss":0,"event_name":"Living Wall","floor":5,"gold_loss":0},{"damage_healed":0,"gold_gain":0,"player_choice":"Upgraded","damage_taken":0,"max_hp_gain":0,"max_hp_loss":0,"event_name":"Upgrade Shrine","floor":11,"gold_loss":0,"cards_upgraded":["Rampage"]},{"damage_healed":0,"gold_gain":0,"player_choice":"Read","damage_taken":0,"max_hp_gain":0,"max_hp_loss":0,"event_name":"The Library","floor":19,"gold_loss":0,"cards_obtained":["Shrug It Off"]},{"damage_healed":0,"gold_gain":0,"player_choice":"Paid Gold","damage_taken":0,"relics_obtained":["Potion Belt"],"max_hp_gain":0,"max_hp_loss":0,"event_name":"WeMeetAgain","floor":24,"gold_loss":81},{"cards_removed":["Shrug It Off"],"damage_healed":0,"gold_gain":0,"player_choice":"Removed Skill","damage_taken":0,"max_hp_gain":0,"max_hp_loss":0,"event_name":"Falling","floor":36,"gold_loss":0},{"damage_healed":0,"gold_gain":0,"player_choice":"Upgraded","damage_taken":0,"max_hp_gain":0,"max_hp_loss":0,"event_name":"Upgrade Shrine","floor":45,"gold_loss":0,"cards_upgraded":["Defend_R"]}],"is_beta":false,"boss_relics":[{"not_picked":["Black Blood","Coffee Dripper"],"picked":"Busted Crown"},{"not_picked":["Snecko Eye","Runic Dome"],"picked":"Velvet Choker"}],"items_purged_floors":[4,28],"is_endless":false,"potions_floor_spawned":[10,14,18,22,31,33,38,39,41],"ascension_level":12}