{"gold_per_floor":[113,127,202,218,218,251,251,264,316,316,334,66,66,83,83,186,186,196,196,196,209,55,90,90,90,90,90,54,64,64,78,78,174,174,184,184,184],"floor_reached":37,"playtime":1621,"items_purged":["Defend_G","Regret"],"score":437,"play_id":"8896e655-02a9-4dbd-a864-cf4f8a310b14","local_time":"20190816184111","is_ascension_mode":false,"campfire_choices":[{"floor":7,"key":"REST"},{"data":"Bouncing Flask","floor":15,"key":"SMITH"},{"floor":24,"key":"REST"},{"data":"Corpse Explosion","floor":27,"key":"SMITH"},{"data":"Catalyst","floor":30,"key":"SMITH"},{"floor":32,"key":"REST"}],"neow_cost":"NONE","seed_source_timestamp":110500441349566,"circlet_count":0,"master_deck":["Strike_G","Strike_G","Strike_G","Strike_G","Strike_G","Defend_G","Defend_G","Defend_G","Defend_G","Survivor","Neutralize","Reflex","Deadly Poison+1","Dagger Throw","Catalyst+1","Deadly Poison","Bouncing Flask+1","Corpse Explosion+1","Regret","Clumsy","RitualDagger","Bane","Catalyst+1","Distraction+1","Well Laid Plans","Burst"],"relics":["Ring of the Snake","Letter Opener","Strawberry","Sling","Calling Bell","Oddly Smooth Stone","Paper Crane","The Specimen","Bronze Scales","Orichalcum","StoneCalendar","Fusion Hammer"],"potions_floor_usage":[21,23,37,37,37],"damage_taken":[{"damage":1,"enemies":"Jaw Worm","floor":1,"turns":6},{"damage":2,"enemies":"Small Slimes","floor":2,"turns":5},{"damage":1,"enemies":"Cultist","floor":4,"turns":4},{"damage":18,"enemies":"Lagavulin","floor":6,"turns":8},{"damage":2,"enemies":"Exordium Thugs","floor":8,"turns":5},{"damage":0,"enemies":"3 Louse","floor":11,"turns":3},{"damage":5,"enemies":"Looter","floor":14,"turns":2},{"damage":7,"enemies":"The Guardian","floor":16,"turns":6},{"damage":31,"enemies":"2 Thieves","floor":18,"turns":4},{"damage":17,"enemies":"Chosen","floor":21,"turns":4},{"damage":20,"enemies":"Book of Stabbing","floor":23,"turns":4},{"damage":3,"enemies":"3 Cultists","floor":29,"turns":3},{"damage":9,"enemies":"Shelled Parasite and Fungi","floor":31,"turns":3},{"damage":55,"enemies":"Champ","floor":33,"turns":11},{"damage":12,"enemies":"3 Darklings","floor":35,"turns":2},{"damage":86,"enemies":"Awakened One","floor":37,"turns":6}],"seed_played":"5902306661661047555","potions_obtained":[{"floor":2,"key":"AttackPotion"},{"floor":4,"key":"LiquidBronze"},{"floor":6,"key":"Explosive Potion"},{"floor":16,"key":"EssenceOfSteel"},{"floor":33,"key":"Strength Potion"},{"floor":35,"key":"Energy Potion"}],"is_trial":false,"path_per_floor":["M","M","?","M","?","E","R","M","T","?","M","$","?","M","R","B",null,"M","?","?","M","$","E","R","?","T","R","$","M","R","M","R","B",null,"M","?","B"],"character_chosen":"THE_SILENT","items_purchased":["Sling","Bane","Catalyst"],"campfire_rested":3,"item_purchase_floors":[12,22,28],"current_hp_per_floor":[76,74,63,62,67,49,73,71,78,78,78,78,78,73,73,66,89,58,58,52,35,35,15,41,70,70,70,70,67,67,58,84,29,89,77,77,0],"gold":184,"neow_bonus":"TEN_PERCENT_HP_BONUS","is_prod":false,"is_daily":false,"chose_seed":false,"campfire_upgraded":3,"win_rate":0.0,"timestamp":1565995271,"path_taken":["M","M","?","M","?","E","R","M","T","?","?","$","?","M","R","BOSS","M","?","?","M","$","E","R","?","T","R","?","M","R","M","R","BOSS","M","?","BOSS"],"build_version":"2019-07-17","purchased_purges":2,"victory":false,"max_hp_per_floor":[77,77,77,77,82,82,82,82,89,89,89,89,89,89,89,89,89,89,89,89,89,89,89,89,89,89,89,89,89,89,89,89,89,89,89,89,89],"card_choices":[{"not_picked":["Backflip","Prepared"],"picked":"Reflex","floor":1},{"not_picked":["Skewer","Bane"],"picked":"Deadly Poison","floor":2},{"not_picked":["Choke","Quick Slash"],"picked":"Dagger Throw","floor":4},{"not_picked":["Deadly Poison","Riddle With Holes"],"picked":"Catalyst","floor":6},{"not_picked":["Dodge and Roll","Predator"],"picked":"Deadly Poison","floor":8},{"not_picked":["Deflect","Blur","Slice"],"picked":"SKIP","floor":11},{"not_picked":["Deflect","Blur","Slice"],"picked":"SKIP","floor":11},{"not_picked":["Acrobatics","Bane"],"picked":"Bouncing Flask","floor":14},{"not_picked":["Phantasmal Killer","Malaise"],"picked":"Corpse Explosion","floor":16},{"not_picked":["Dagger Throw","Backflip","Deflect"],"picked":"SKIP","floor":18},{"not_picked":["Choke","Slice+1","Eviscerate"],"picked":"SKIP","floor":21},{"not_picked":["Cloak And Dagger","Dodge and Roll","Terror"],"picked":"SKIP","floor":23},{"not_picked":["Leg Sweep","Eviscerate"],"picked":"Distraction+1","floor":29},{"not_picked":["Quick Slash+1","All Out Attack"],"picked":"Well Laid Plans","floor":31},{"not_picked":["Tools of the Trade","Wraith Form v2"],"picked":"Burst","floor":33},{"not_picked":["Sucker Punch","Dagger Throw+1","PiercingWail+1"],"picked":"SKIP","floor":35}],"player_experience":103938,"relics_obtained":[{"floor":6,"key":"Letter Opener"},{"floor":9,"key":"Strawberry"},{"floor":17,"key":"Oddly Smooth Stone"},{"floor":17,"key":"Paper Crane"},{"floor":17,"key":"The Specimen"},{"floor":23,"key":"Orichalcum"},{"floor":26,"key":"StoneCalendar"}],"event_choices":[{"damage_healed":0,"gold_gain":75,"player_choice":"Gather Gold","damage_taken":11,"max_hp_gain":0,"max_hp_loss":0,"event_name":"World of Goop","floor":3,"gold_loss":0},{"damage_healed":0,"gold_gain":0,"player_choice":"Donut","damage_taken":0,"max_hp_gain":5,"max_hp_loss":0,"event_name":"Big Fish","floor":5,"gold_loss":0},{"damage_healed":0,"gold_gain":0,"player_choice":"Upgraded","damage_taken":0,"max_hp_gain":0,"max_hp_loss":0,"event_name":"Upgrade Shrine","floor":10,"gold_loss":0,"cards_upgraded":["Catalyst"]},{"damage_healed":0,"gold_gain":0,"player_choice":"Grow","damage_taken":0,"max_hp_gain":0,"max_hp_loss":0,"event_name":"Living Wall","floor":13,"gold_loss":0,"cards_upgraded":["Deadly Poison"]},{"damage_healed":0,"gold_gain":0,"player_choice":"Opened","damage_taken":0,"relics_obtained":["Bronze Scales"],"max_hp_gain":0,"max_hp_loss":0,"event_name":"The Mausoleum","floor":19,"gold_loss":0},{"damage_healed":0,"gold_gain":0,"player_choice":"Joined the Cult","damage_taken":6,"max_hp_gain":0,"max_hp_loss":0,"event_name":"Nest","floor":20,"gold_loss":0,"cards_obtained":["RitualDagger"]},{"damage_healed":29,"gold_gain":0,"player_choice":"Heal","damage_taken":0,"max_hp_gain":0,"max_hp_loss":0,"event_name":"The Library","floor":25,"gold_loss":0},{"damage_healed":0,"gold_gain":0,"player_choice":"Took Portal","damage_taken":0,"max_hp_gain":0,"max_hp_loss":0,"event_name":"SecretPortal","floor":36,"gold_loss":0}],"is_beta":false,"boss_relics":[{"not_picked":["Tiny House","Pandora\u0027s Box"],"picked":"Calling Bell"},{"not_picked":["Ring of the Serpent","Lizard Tail"],"picked":"Fusion Hammer"}],"items_purged_floors":[12,22],"is_endless":false,"potions_floor_spawned":[2,4,6,16,18,33,35],"killed_by":"Awakened One","ascension_level":0}