{"gold_per_floor":[116,130,142,317,317,348,359,390,416,432,442,34,34,94,94,196,196,216,228,428,441,456,487,487,518,599,612,537,537,122,161,161,262,262,276,288,27,38,83,143,143,202,227,227,19,31,31,48,48,48],"floor_reached":51,"playtime":7371,"items_purged":[],"score":861,"play_id":"d9139853-24e1-465c-9de5-e7c4b3c41941","local_time":"20190821220528","is_ascension_mode":false,"campfire_choices":[{"floor":15,"key":"REST"},{"data":"Apotheosis","floor":24,"key":"SMITH"},{"data":"Backstab","floor":29,"key":"SMITH"},{"data":"HandOfGreed","floor":32,"key":"SMITH"},{"floor":41,"key":"REST"},{"floor":47,"key":"REST"},{"data":"Infinite Blades","floor":49,"key":"SMITH"}],"neow_cost":"NONE","seed_source_timestamp":410035318420700,"circlet_count":0,"master_deck":["Strike_G","Strike_G+1","Strike_G","Strike_G","Strike_G","Defend_G","Defend_G","Defend_G","Defend_G","Defend_G","Survivor","Neutralize","Dodge and Roll","Dagger Spray","Backstab+1","Dash","Well Laid Plans","Glass Knife+1","Dodge and Roll","Sucker Punch","Footwork","Flying Knee","Apotheosis+1","Flash of Steel","PiercingWail","Glass Knife","Choke","Deflect+1","Masterful Stab","Deadly Poison","Skewer+1","Backflip+1","HandOfGreed+1","Leg Sweep","Burst","Crippling Poison+1","Infinite Blades+1","Infinite Blades+1","Master of Strategy","Quick Slash","Deadly Poison","Flechettes+1","A Thousand Cuts","Finisher","Dark Shackles","Secret Technique","Sadistic Nature","Outmaneuver","Terror+1","Backstab+1"],"relics":["Ring of the Serpent","Ornamental Fan","Omamori","Oddly Smooth Stone","Happy Flower","Whetstone","Sozu","Pantograph","Ancient Tea Set","Gremlin Horn","Pear","Blood Vial","Orichalcum","Centennial Puzzle","Bronze Scales"],"potions_floor_usage":[6,6,22,23],"damage_taken":[{"damage":0,"enemies":"Jaw Worm","floor":1,"turns":5},{"damage":0,"enemies":"Cultist","floor":2,"turns":6},{"damage":0,"enemies":"Small Slimes","floor":3,"turns":3},{"damage":13,"enemies":"3 Sentries","floor":6,"turns":12},{"damage":0,"enemies":"2 Fungi Beasts","floor":7,"turns":2},{"damage":48,"enemies":"Lagavulin","floor":8,"turns":14},{"damage":0,"enemies":"Blue Slaver","floor":10,"turns":3},{"damage":0,"enemies":"Red Slaver","floor":11,"turns":3},{"damage":0,"enemies":"Lagavulin Event","floor":14,"turns":5},{"damage":0,"enemies":"Slime Boss","floor":16,"turns":9},{"damage":0,"enemies":"3 Byrds","floor":18,"turns":5},{"damage":1,"enemies":"2 Thieves","floor":19,"turns":4},{"damage":3,"enemies":"Centurion and Healer","floor":21,"turns":5},{"damage":1,"enemies":"Shelled Parasite and Fungi","floor":22,"turns":6},{"damage":13,"enemies":"Slavers","floor":23,"turns":7},{"damage":7,"enemies":"Book of Stabbing","floor":25,"turns":5},{"damage":0,"enemies":"Snake Plant","floor":27,"turns":3},{"damage":0,"enemies":"Centurion and Healer","floor":31,"turns":3},{"damage":22,"enemies":"Automaton","floor":33,"turns":10},{"damage":3,"enemies":"Orb Walker","floor":35,"turns":3},{"damage":0,"enemies":"3 Shapes","floor":36,"turns":2},{"damage":2,"enemies":"Maw","floor":38,"turns":8},{"damage":0,"enemies":"4 Shapes","floor":39,"turns":6},{"damage":40,"enemies":"Nemesis","floor":40,"turns":7},{"damage":0,"enemies":"Reptomancer","floor":42,"turns":5},{"damage":8,"enemies":"Writhing Mass","floor":46,"turns":6},{"damage":5,"enemies":"Maw","floor":48,"turns":6},{"damage":53,"enemies":"Time Eater","floor":50,"turns":11}],"seed_played":"1106443576639824801","potions_obtained":[{"floor":2,"key":"Swift Potion"},{"floor":3,"key":"AttackPotion"},{"floor":6,"key":"Block Potion"},{"floor":8,"key":"Dexterity Potion"},{"floor":10,"key":"Block Potion"},{"floor":14,"key":"Energy Potion"}],"is_trial":false,"path_per_floor":["M","M","M","?","?","E","M","E","T","M","M","$","?","?","R","B",null,"M","M","?","M","M","E","R","E","T","M","?","R","$","M","R","B",null,"M","M","$","M","M","E","R","E","T","?","$","M","R","M","R","B",null],"character_chosen":"THE_SILENT","items_purchased":["Footwork","Happy Flower","Flying Knee","Apotheosis","Pear","HandOfGreed","Infinite Blades","Master of Strategy","Quick Slash","Bronze Scales","Outmaneuver"],"campfire_rested":3,"item_purchase_floors":[12,12,12,12,30,30,37,37,37,45,45],"current_hp_per_floor":[70,70,70,70,70,57,57,9,9,9,9,9,9,9,30,30,70,70,69,69,66,65,52,52,45,45,45,45,45,55,55,55,58,80,77,77,77,75,75,35,59,61,61,51,51,45,69,66,66,27],"gold":48,"neow_bonus":"RANDOM_COLORLESS","is_prod":false,"is_daily":false,"chose_seed":false,"campfire_upgraded":4,"win_rate":0.0,"timestamp":1566439528,"path_taken":["M","M","M","?","?","E","?","E","T","M","M","$","?","?","R","BOSS","M","M","?","?","M","E","R","E","T","M","?","R","$","M","R","BOSS","M","M","$","M","M","E","R","E","T","?","$","M","R","M","R","BOSS"],"build_version":"2019-07-17","purchased_purges":0,"victory":true,"max_hp_per_floor":[70,70,70,70,70,70,70,70,70,70,70,70,70,70,70,70,70,70,70,70,70,70,70,70,70,70,70,70,70,80,80,80,80,80,80,80,80,80,80,80,80,80,80,80,80,80,80,80,80,80],"card_choices":[{"not_picked":["Predator","Blade Dance"],"picked":"Dodge and Roll","floor":1},{"not_picked":["Tactician","Deflect"],"picked":"Dagger Spray","floor":2},{"not_picked":["Outmaneuver","Flechettes"],"picked":"Backstab","floor":3},{"not_picked":["Reflex","Dagger Spray"],"picked":"Dash","floor":6},{"not_picked":["Underhanded Strike","Blade Dance"],"picked":"Well Laid Plans","floor":7},{"not_picked":["Deflect","Quick Slash"],"picked":"Glass Knife","floor":8},{"not_picked":["Blade Dance","Reflex"],"picked":"Dodge and Roll","floor":10},{"not_picked":["Outmaneuver","Acrobatics"],"picked":"Sucker Punch","floor":11},{"not_picked":["Reflex","Wraith Form v2"],"picked":"PiercingWail","floor":14},{"not_picked":["Wraith Form v2","Bullet Time"],"picked":"Glass Knife","floor":16},{"not_picked":["Prepared","Underhanded Strike"],"picked":"Choke","floor":18},{"not_picked":["Dodge and Roll","Well Laid Plans+1"],"picked":"Underhanded Strike","floor":19},{"not_picked":["Well Laid Plans","Calculated Gamble"],"picked":"Deflect+1","floor":21},{"not_picked":["Eviscerate","Leg Sweep+1"],"picked":"Masterful Stab","floor":22},{"not_picked":["Skewer+1","Blade Dance"],"picked":"Deadly Poison","floor":23},{"not_picked":["Reflex+1","Die Die Die"],"picked":"Skewer+1","floor":25},{"not_picked":["Acrobatics+1","Prepared+1"],"picked":"Backflip+1","floor":27},{"not_picked":["Dodge and Roll","PiercingWail"],"picked":"Leg Sweep","floor":31},{"not_picked":["Bullet Time","Glass Knife"],"picked":"Burst","floor":33},{"not_picked":["Deflect","Dagger Spray+1"],"picked":"Crippling Poison+1","floor":35},{"not_picked":["Quick Slash","Leg Sweep"],"picked":"Infinite Blades+1","floor":36},{"not_picked":["PiercingWail","Well Laid Plans+1"],"picked":"Deadly Poison","floor":38},{"not_picked":["Calculated Gamble+1","Quick Slash+1"],"picked":"Flechettes+1","floor":39},{"not_picked":["Backflip+1","Quick Slash"],"picked":"A Thousand Cuts","floor":40},{"not_picked":["Adrenaline","Sucker Punch"],"picked":"Finisher","floor":42},{"not_picked":["Deep Breath","Purity"],"picked":"Dark Shackles","floor":44},{"not_picked":["Deep Breath","Finesse"],"picked":"Secret Technique","floor":44},{"not_picked":["Secret Technique","PanicButton"],"picked":"Sadistic Nature","floor":44},{"not_picked":["Deflect+1","Prepared"],"picked":"Terror+1","floor":46},{"not_picked":["Acrobatics+1","Backflip"],"picked":"Backstab+1","floor":48}],"player_experience":34418,"relics_obtained":[{"floor":6,"key":"Ornamental Fan"},{"floor":8,"key":"Omamori"},{"floor":9,"key":"Oddly Smooth Stone"},{"floor":14,"key":"Whetstone"},{"floor":23,"key":"Pantograph"},{"floor":25,"key":"Ancient Tea Set"},{"floor":26,"key":"Gremlin Horn"},{"floor":40,"key":"Blood Vial"},{"floor":42,"key":"Orichalcum"},{"floor":43,"key":"Centennial Puzzle"}],"event_choices":[{"damage_healed":0,"gold_gain":175,"player_choice":"AGREE","damage_taken":0,"max_hp_gain":0,"max_hp_loss":0,"event_name":"Liars Game","floor":4,"gold_loss":0,"cards_obtained":["Doubt"]},{"cards_removed":["Doubt"],"damage_healed":0,"gold_gain":0,"player_choice":"Purged","damage_taken":0,"max_hp_gain":0,"max_hp_loss":0,"event_name":"Purifier","floor":5,"gold_loss":0},{"damage_healed":0,"gold_gain":0,"cards_transformed":["Purity"],"player_choice":"Change","damage_taken":0,"max_hp_gain":0,"max_hp_loss":0,"event_name":"Living Wall","floor":13,"gold_loss":0,"cards_obtained":["Flash of Steel"]},{"damage_healed":0,"gold_gain":0,"player_choice":"Searched \u00271\u0027 times","damage_taken":0,"max_hp_gain":0,"max_hp_loss":0,"event_name":"Dead Adventurer","floor":14,"gold_loss":0},{"damage_healed":0,"gold_gain":250,"player_choice":"Bet on Owner","damage_taken":0,"max_hp_gain":0,"max_hp_loss":0,"event_name":"The Joust","floor":20,"gold_loss":50},{"cards_removed":["Underhanded Strike"],"damage_healed":0,"gold_gain":0,"player_choice":"Gave Gold","damage_taken":0,"max_hp_gain":0,"max_hp_loss":0,"event_name":"Beggar","floor":28,"gold_loss":75},{"damage_healed":0,"gold_gain":0,"player_choice":"Memory 3","damage_taken":10,"max_hp_gain":0,"max_hp_loss":0,"event_name":"SensoryStone","floor":44,"gold_loss":0}],"is_beta":false,"boss_relics":[{"not_picked":["Busted Crown","Snecko Eye"],"picked":"Sozu"},{"not_picked":["Philosopher\u0027s Stone","HoveringKite"],"picked":"Ring of the Serpent"}],"items_purged_floors":[],"is_endless":false,"potions_floor_spawned":[2,3,6,8,10,14,21,22,25,35,36,48],"ascension_level":0}