{"gold_per_floor":[209,59,73,73,73,73,83,83,83,97,110,60,73,93,93,190,190,170,70,70,80,80],"floor_reached":22,"playtime":827,"items_purged":["Dualcast","Strike_B"],"score":249,"play_id":"0f38cf31-bbb6-4bd8-80e0-7865b817f7b2","local_time":"20190406112231","is_ascension_mode":true,"campfire_choices":[{"data":"Zap","floor":6,"key":"SMITH"},{"data":"Zap","floor":8,"key":"SMITH"},{"floor":15,"key":"REST"}],"neow_cost":"NONE","seed_source_timestamp":125715226188893,"circlet_count":0,"master_deck":["Strike_B","Defend_B","Defend_B","Defend_B","Defend_B","Zap+1","Conserve Battery","Loop","Zap+1","Streamline","Reinforced Body","Self Repair"],"relics":["Cracked Core","Cables","Inserter"],"potions_floor_usage":[16,16,16],"damage_taken":[{"damage":0,"enemies":"Cultist","floor":1,"turns":4},{"damage":0,"enemies":"Small Slimes","floor":3,"turns":3},{"damage":4,"enemies":"2 Louse","floor":7,"turns":3},{"damage":8,"enemies":"2 Fungi Beasts","floor":10,"turns":3},{"damage":3,"enemies":"Blue Slaver","floor":11,"turns":4},{"damage":11,"enemies":"Looter","floor":13,"turns":3},{"damage":12,"enemies":"3 Louse","floor":14,"turns":3},{"damage":11,"enemies":"Slime Boss","floor":16,"turns":7},{"damage":39,"enemies":"2 Thieves","floor":18,"turns":4},{"damage":22,"enemies":"Spheric Guardian","floor":21,"turns":4},{"damage":11,"enemies":"Centurion and Healer","floor":22,"turns":5}],"seed_played":"1830594752192774315","potions_obtained":[{"floor":1,"key":"Ancient Potion"},{"floor":3,"key":"Dexterity Potion"},{"floor":10,"key":"SteroidPotion"}],"is_trial":false,"path_per_floor":["M","$","M","?","$","R","M","R","T","M","M","?","M","M","R","B",null,"M","$","?","M","M"],"character_chosen":"DEFECT","items_purchased":["Loop"],"campfire_rested":1,"item_purchase_floors":[2],"current_hp_per_floor":[68,68,68,68,68,68,64,64,64,56,53,53,42,30,52,41,67,28,28,28,6,0],"gold":80,"neow_bonus":"HUNDRED_GOLD","is_prod":false,"is_daily":false,"chose_seed":false,"campfire_upgraded":2,"win_rate":0,"timestamp":1554567751,"path_taken":["M","$","M","?","?","R","M","R","T","M","M","?","M","M","R","BOSS","M","$","?","M","M"],"build_version":"2019-01-23","purchased_purges":2,"victory":false,"max_hp_per_floor":[75,75,75,75,75,75,75,75,75,75,75,75,75,75,75,75,75,75,75,75,75,75],"card_choices":[{"not_picked":["Compile Driver","Hologram"],"picked":"Conserve Battery","floor":1},{"not_picked":["Hologram","Steam","BootSequence"],"picked":"SKIP","floor":3},{"not_picked":["Sweeping Beam","Genetic Algorithm","Blizzard"],"picked":"SKIP","floor":7},{"not_picked":["BootSequence","Steam"],"picked":"Streamline","floor":10},{"not_picked":["Tempest","Gash","Turbo"],"picked":"SKIP","floor":11},{"not_picked":["Beam Cell","Redo","Barrage"],"picked":"SKIP","floor":13},{"not_picked":["Undo","Barrage"],"picked":"Reinforced Body","floor":14},{"not_picked":["Turbo","Leap","Barrage"],"picked":"SKIP","floor":18},{"not_picked":["Reprogram","Gash"],"picked":"Self Repair","floor":21}],"player_experience":1806213,"relics_obtained":[{"floor":9,"key":"Cables"}],"event_choices":[{"damage_healed":0,"gold_gain":0,"player_choice":"1 cards matched","damage_taken":0,"max_hp_gain":0,"max_hp_loss":0,"event_name":"Match and Keep!","floor":4,"gold_loss":0,"cards_obtained":["Zap"]},{"cards_removed":["Strike_B"],"damage_healed":0,"gold_gain":0,"player_choice":"Card Removal","damage_taken":0,"max_hp_gain":0,"max_hp_loss":0,"event_name":"The Cleric","floor":12,"gold_loss":50},{"cards_removed":["Strike_B"],"damage_healed":0,"gold_gain":0,"player_choice":"Elegance","damage_taken":0,"max_hp_gain":0,"max_hp_loss":0,"event_name":"Back to Basics","floor":20,"gold_loss":0}],"is_beta":false,"boss_relics":[{"not_picked":["Orrery","Busted Crown"],"picked":"Inserter"}],"items_purged_floors":[2,19],"is_endless":false,"potions_floor_spawned":[1,3,10],"killed_by":"Centurion and Healer","ascension_level":8}