{"gold_per_floor":[113,188,206,216,291,303,319,337,387,387,402,421,421],"floor_reached":13,"playtime":764,"items_purged":[],"score":117,"play_id":"af93102e-f508-4083-b8cf-7aca1955df5e","local_time":"20190705224308","is_ascension_mode":true,"campfire_choices":[{"floor":10,"key":"REST"}],"neow_cost":"TEN_PERCENT_HP_LOSS","seed_source_timestamp":848782076874930,"circlet_count":0,"master_deck":["Strike_R","Strike_R","Strike_R","Strike_R","Strike_R","Defend_R","Defend_R","Defend_R","Defend_R","Bash","Seeing Red","Armaments"],"relics":["Burning Blood","Turnip","Happy Flower"],"potions_floor_usage":[],"damage_taken":[{"damage":9,"enemies":"Jaw Worm","floor":1,"turns":7},{"damage":0,"enemies":"Cultist","floor":3,"turns":4},{"damage":5,"enemies":"Small Slimes","floor":4,"turns":5},{"damage":34,"enemies":"Exordium Wildlife","floor":6,"turns":10},{"damage":16,"enemies":"3 Louse","floor":7,"turns":9},{"damage":12,"enemies":"Red Slaver","floor":8,"turns":9},{"damage":5,"enemies":"Large Slime","floor":11,"turns":6},{"damage":8,"enemies":"Blue Slaver","floor":12,"turns":6},{"damage":36,"enemies":"Exordium Thugs","floor":13,"turns":7}],"seed_played":"4237840824102793202","potions_obtained":[{"floor":1,"key":"LiquidBronze"},{"floor":4,"key":"Poison Potion"},{"floor":6,"key":"SneckoOil"}],"is_trial":false,"path_per_floor":["M","?","M","M","?","M","M","M","T","R","M","M","M"],"character_chosen":"IRONCLAD","items_purchased":[],"campfire_rested":1,"item_purchase_floors":[],"current_hp_per_floor":[69,62,68,69,58,30,20,14,14,35,36,34,0],"gold":421,"neow_bonus":"ONE_RARE_RELIC","is_prod":false,"is_daily":false,"chose_seed":false,"campfire_upgraded":0,"win_rate":0,"timestamp":1562384588,"path_taken":["M","?","M","?","?","M","M","M","T","R","M","M","M"],"build_version":"2019-07-05","purchased_purges":0,"victory":false,"max_hp_per_floor":[72,72,72,72,72,72,72,72,72,72,72,72,72],"card_choices":[{"not_picked":["Flex","Pummel"],"picked":"Seeing Red","floor":1},{"not_picked":["Warcry","Sentinel","Iron Wave"],"picked":"SKIP","floor":3},{"not_picked":["Anger","Twin Strike","Pommel Strike"],"picked":"SKIP","floor":4},{"not_picked":["Perfected Strike","Rage","Flex"],"picked":"SKIP","floor":6},{"not_picked":["Warcry","Combust"],"picked":"Armaments","floor":7},{"not_picked":["Flex","Intimidate","Cleave"],"picked":"SKIP","floor":8},{"not_picked":["Headbutt","True Grit","Flex"],"picked":"SKIP","floor":11},{"not_picked":["Immolate","Dropkick","Cleave"],"picked":"SKIP","floor":12}],"player_experience":2114360,"relics_obtained":[{"floor":9,"key":"Happy Flower"}],"event_choices":[{"damage_healed":0,"gold_gain":75,"player_choice":"Touch","damage_taken":7,"max_hp_gain":0,"max_hp_loss":0,"event_name":"FaceTrader","floor":2,"gold_loss":0},{"damage_healed":0,"gold_gain":75,"player_choice":"Gather Gold","damage_taken":11,"max_hp_gain":0,"max_hp_loss":0,"event_name":"World of Goop","floor":5,"gold_loss":0}],"is_beta":false,"boss_relics":[],"items_purged_floors":[],"is_endless":false,"potions_floor_spawned":[1,4,6,7],"killed_by":"Exordium Thugs","ascension_level":9}