{"gold_per_floor":[19,19,34,34,48,48,48,48,74,105,30,55,55,75,75,75],"floor_reached":16,"playtime":5018,"items_purged":["Strike_R"],"score":133,"play_id":"f18d696d-d121-485b-8044-7e7dda2155cb","local_time":"20190121182859","is_ascension_mode":true,"campfire_choices":[{"data":"Shockwave","floor":6,"key":"SMITH"},{"data":"Shrug It Off","floor":8,"key":"SMITH"},{"floor":13,"key":"REST"},{"floor":15,"key":"REST"}],"neow_cost":"NO_GOLD","seed_source_timestamp":996477040254802,"circlet_count":0,"master_deck":["Strike_R","Strike_R","Strike_R","Strike_R","Defend_R","Defend_R","Defend_R","Defend_R","Bash","Shockwave+1","Shrug It Off+1"],"relics":["Burning Blood","Golden Idol","Red Skull","Odd Mushroom"],"potions_floor_usage":[16,16],"damage_taken":[{"damage":3,"enemies":"2 Louse","floor":1,"turns":3},{"damage":3,"enemies":"Jaw Worm","floor":3,"turns":4},{"damage":9,"enemies":"Small Slimes","floor":5,"turns":4},{"damage":35,"enemies":"The Mushroom Lair","floor":10,"turns":8},{"damage":1,"enemies":"3 Louse","floor":12,"turns":6},{"damage":21,"enemies":"Large Slime","floor":14,"turns":14},{"damage":128,"enemies":"The Guardian","floor":16,"turns":21}],"seed_played":"7004287403092546438","potions_obtained":[{"floor":1,"key":"Block Potion"},{"floor":12,"key":"Dexterity Potion"}],"is_trial":false,"path_per_floor":["M","?","M","?","M","R","$","R","T","?","$","M","R","M","R","B"],"character_chosen":"IRONCLAD","items_purchased":[],"campfire_rested":2,"item_purchase_floors":[],"current_hp_per_floor":[96,101,101,76,73,73,73,73,73,44,44,49,79,64,94,0],"gold":75,"neow_bonus":"TWENTY_PERCENT_HP_BONUS","is_prod":false,"is_daily":false,"chose_seed":false,"campfire_upgraded":2,"win_rate":0,"timestamp":1548116939,"path_taken":["M","?","M","?","M","R","?","R","T","?","$","M","R","M","R","BOSS"],"build_version":"2019-01-17v2","purchased_purges":1,"victory":false,"max_hp_per_floor":[96,101,101,101,101,101,101,101,101,101,101,101,101,101,101,101],"card_choices":[{"not_picked":["Feel No Pain","Reckless Charge","True Grit"],"picked":"SKIP","floor":1},{"not_picked":["Heavy Blade","Sentinel"],"picked":"Shockwave","floor":3},{"not_picked":["Flex","Body Slam"],"picked":"Shrug It Off","floor":5},{"not_picked":["Wild Strike","Perfected Strike","Seeing Red"],"picked":"SKIP","floor":12},{"not_picked":["Searing Blow","Entrench","Heavy Blade"],"picked":"SKIP","floor":14}],"player_experience":1116114,"relics_obtained":[{"floor":9,"key":"Red Skull"},{"floor":10,"key":"Odd Mushroom"}],"event_choices":[{"damage_healed":0,"gold_gain":0,"player_choice":"Donut","damage_taken":0,"max_hp_gain":5,"max_hp_loss":0,"event_name":"Big Fish","floor":2,"gold_loss":0},{"damage_healed":0,"gold_gain":0,"player_choice":"Take Damage","damage_taken":25,"relics_obtained":["Golden Idol"],"max_hp_gain":0,"max_hp_loss":0,"event_name":"Golden Idol","floor":4,"gold_loss":0},{"damage_healed":0,"gold_gain":0,"player_choice":"Fought Mushrooms","damage_taken":0,"max_hp_gain":0,"max_hp_loss":0,"event_name":"Mushrooms","floor":10,"gold_loss":0}],"is_beta":false,"boss_relics":[],"items_purged_floors":[11],"is_endless":false,"potions_floor_spawned":[1,12],"killed_by":"The Guardian","ascension_level":4}