{"gold_per_floor":[119,134,153,172,272,290,10,26,26,50,50,65,85,103,103,202,202,217,317,317,317,327,327,338,338,338,355,375,385,385,96,96,194,194,213,213,229,329,382,382,401,401,401,729,744,744,758,774,774,774,774,774,154,184,184],"floor_reached":56,"playtime":7241,"items_purged":["Tactician","PanicButton+1","Pain"],"score":1417,"play_id":"b342e891-628b-404b-84d2-10f501d66316","local_time":"20190131121022","is_ascension_mode":true,"campfire_choices":[{"data":"Adrenaline","floor":15,"key":"SMITH"},{"floor":23,"key":"REST"},{"floor":25,"key":"REST"},{"floor":32,"key":"REST"},{"floor":40,"key":"REST"},{"floor":42,"key":"DIG"},{"floor":46,"key":"REST"},{"floor":49,"key":"RECALL"},{"floor":52,"key":"DIG"}],"neow_cost":"NONE","seed_source_timestamp":1835612136861963,"circlet_count":0,"master_deck":["Survivor","Neutralize","Phantasmal Killer","Skewer","Blade Dance","Well Laid Plans","Predator","Acrobatics","Crippling Poison","Prepared","Cloak And Dagger","Backflip","Dash+1","Adrenaline+1","After Image","Backflip+1","Blur+1","Apotheosis+1","Dash+1","Chrysalis+1","Enlightenment+1","Footwork","Backstab+1","Dash","Backstab","Backflip+1","Corpse Explosion+1","Noxious Fumes","Panache","Backstab+1"],"relics":["Pandora\u0027s Box","Membership Card","Dead Branch","Odd Mushroom","Fusion Hammer","Turnip","Toxic Egg 2","Bottled Flame","Juzu Bracelet","Bag of Marbles","Cursed Key","Shovel","Bird Faced Urn","Bottled Lightning","Old Coin","Ornamental Fan","Sling","Bronze Scales","Whetstone","Happy Flower"],"potions_floor_usage":[16,16,19,33,33,39,41,44,50,50,50,55,55,55],"damage_taken":[{"damage":0,"enemies":"Small Slimes","floor":1,"turns":3},{"damage":0,"enemies":"Cultist","floor":2,"turns":4},{"damage":5,"enemies":"Jaw Worm","floor":3,"turns":3},{"damage":4,"enemies":"3 Louse","floor":4,"turns":3},{"damage":6,"enemies":"Gremlin Gang","floor":6,"turns":3},{"damage":8,"enemies":"Looter","floor":8,"turns":3},{"damage":25,"enemies":"The Mushroom Lair","floor":10,"turns":5},{"damage":0,"enemies":"3 Louse","floor":12,"turns":2},{"damage":0,"enemies":"2 Fungi Beasts","floor":13,"turns":3},{"damage":0,"enemies":"Exordium Thugs","floor":14,"turns":4},{"damage":10,"enemies":"The Guardian","floor":16,"turns":8},{"damage":9,"enemies":"Spheric Guardian","floor":18,"turns":3},{"damage":8,"enemies":"Colosseum Slavers","floor":19,"turns":5},{"damage":50,"enemies":"Colosseum Nobs","floor":19,"turns":5},{"damage":8,"enemies":"Shell Parasite","floor":22,"turns":4},{"damage":0,"enemies":"3 Cultists","floor":24,"turns":5},{"damage":5,"enemies":"Snake Plant","floor":27,"turns":4},{"damage":0,"enemies":"Cultist and Chosen","floor":28,"turns":7},{"damage":0,"enemies":"Chosen and Byrds","floor":29,"turns":6},{"damage":0,"enemies":"Collector","floor":33,"turns":11},{"damage":0,"enemies":"3 Shapes","floor":35,"turns":3},{"damage":15,"enemies":"3 Darklings","floor":37,"turns":5},{"damage":0,"enemies":"Mind Bloom Boss Battle","floor":38,"turns":2},{"damage":16,"enemies":"2 Orb Walkers","floor":39,"turns":5},{"damage":0,"enemies":"Jaw Worm Horde","floor":41,"turns":3},{"damage":39,"enemies":"Reptomancer","floor":44,"turns":8},{"damage":0,"enemies":"4 Shapes","floor":45,"turns":3},{"damage":5,"enemies":"Sphere and 2 Shapes","floor":47,"turns":3},{"damage":4,"enemies":"Maw","floor":48,"turns":6},{"damage":20,"enemies":"Donu and Deca","floor":50,"turns":5},{"damage":1,"enemies":"Shield and Spear","floor":54,"turns":3},{"damage":26,"enemies":"The Heart","floor":55,"turns":9}],"seed_played":"-6291330825603961195","potions_obtained":[{"floor":3,"key":"SpeedPotion"},{"floor":8,"key":"Strength Potion"},{"floor":10,"key":"Dexterity Potion"},{"floor":12,"key":"Regen Potion"},{"floor":19,"key":"Energy Potion"},{"floor":27,"key":"LiquidBronze"},{"floor":29,"key":"PowerPotion"},{"floor":33,"key":"Explosive Potion"},{"floor":35,"key":"Block Potion"},{"floor":39,"key":"Poison Potion"},{"floor":44,"key":"Regen Potion"},{"floor":47,"key":"FearPotion"},{"floor":54,"key":"SkillPotion"}],"is_trial":false,"path_per_floor":["M","M","M","M","?","M","$","M","T","?","?","M","M","M","R","B",null,"M","?","?","?","M","R","M","R","T","M","M","M","?","$","R","B",null,"M","?","M","?","?","R","M","R","T","E","M","R","M","M","R","B",null,"R","$","E","B",null],"character_chosen":"THE_SILENT","items_purchased":["Membership Card","Apotheosis+1","Juzu Bracelet","Bag of Marbles","Backstab","Backflip+1","Corpse Explosion+1","Noxious Fumes","Sling","Bronze Scales","Whetstone","Panache","Weak Potion","Fire Potion","SkillPotion"],"campfire_rested":5,"item_purchase_floors":[7,31,31,31,53,53,53,53,53,53,53,53,53,53,53],"current_hp_per_floor":[70,70,65,61,61,55,55,47,47,22,70,70,70,70,70,60,70,61,15,15,15,7,28,28,49,49,44,44,44,31,31,53,53,75,75,65,50,50,34,56,62,62,62,31,37,59,60,66,66,63,75,75,75,74,60],"gold":184,"neow_bonus":"BOSS_RELIC","is_prod":false,"is_daily":false,"chose_seed":false,"campfire_upgraded":1,"win_rate":0,"timestamp":1548958222,"path_taken":["M","M","M","M","?","M","$","?","T","?","?","?","M","M","R","BOSS","M","?","?","?","M","R","M","R","T","?","M","M","?","$","R","BOSS","M","?","M","?","?","R","M","R","T","E","M","R","M","M","R","BOSS","R","$","E","BOSS"],"build_version":"2019-01-23","purchased_purges":3,"victory":true,"max_hp_per_floor":[70,70,70,70,70,70,70,70,70,70,70,70,70,70,70,70,70,70,70,70,70,70,70,70,70,70,70,70,70,75,75,75,75,75,75,75,75,75,75,75,75,75,75,75,75,75,75,75,75,75,75,75,75,75,75],"card_choices":[{"not_picked":["Underhanded Strike","Reflex"],"picked":"Cloak And Dagger","floor":1},{"not_picked":["Underhanded Strike","Acrobatics"],"picked":"Backflip","floor":2},{"not_picked":["Reflex","All Out Attack","Dodge and Roll"],"picked":"SKIP","floor":3},{"not_picked":["Masterful Stab","Heel Hook","Bane"],"picked":"SKIP","floor":4},{"not_picked":["Heel Hook","Flying Knee","Dagger Spray"],"picked":"SKIP","floor":6},{"not_picked":["Expertise","Noxious Fumes"],"picked":"Dash","floor":8},{"not_picked":["Prepared","Underhanded Strike"],"picked":"Adrenaline","floor":10},{"not_picked":["Distraction","Tactician","Dagger Throw"],"picked":"SKIP","floor":12},{"not_picked":["Accuracy","Dagger Throw","Expertise"],"picked":"SKIP","floor":13},{"not_picked":["Skewer","Sucker Punch","Bane"],"picked":"SKIP","floor":14},{"not_picked":["Glass Knife","Unload"],"picked":"After Image","floor":16},{"not_picked":["Acrobatics+1","Prepared","Predator"],"picked":"SKIP","floor":18},{"not_picked":["Dodge and Roll+1","Flying Knee"],"picked":"Backflip","floor":19},{"not_picked":["Tactician+1","Prepared+1","Setup+1"],"picked":"SKIP","floor":22},{"not_picked":["Dodge and Roll+1","Predator+1"],"picked":"Blur+1","floor":24},{"not_picked":["Blade Dance+1","Bane","Unload"],"picked":"SKIP","floor":27},{"not_picked":["Blade Dance+1","Calculated Gamble+1","Dodge and Roll+1"],"picked":"SKIP","floor":28},{"not_picked":["All Out Attack","Outmaneuver+1","Catalyst+1"],"picked":"SKIP","floor":29},{"not_picked":["Dagger Throw+1","Dodge and Roll+1"],"picked":"Dash+1","floor":35},{"not_picked":["Jack Of All Trades+1","Bandage Up+1"],"picked":"Chrysalis+1","floor":36},{"not_picked":["Impatience+1","Finesse+1"],"picked":"Enlightenment+1","floor":36},{"not_picked":["Endless Agony+1","Prepared+1","Well Laid Plans+1"],"picked":"SKIP","floor":37},{"not_picked":["Blade Dance+1","Skewer+1"],"picked":"Footwork","floor":39},{"not_picked":["Concentrate+1","Flying Knee+1","Underhanded Strike"],"picked":"SKIP","floor":41},{"not_picked":["Dodge and Roll+1","Dagger Throw+1","Deadly Poison+1"],"picked":"SKIP","floor":44},{"not_picked":["Blade Dance+1","Reflex+1"],"picked":"Backstab","floor":45},{"not_picked":["Distraction+1","Backflip+1"],"picked":"Dash","floor":47},{"not_picked":["Poisoned Stab+1","Flying Knee","Dagger Throw+1"],"picked":"SKIP","floor":48},{"not_picked":["Infinite Blades","Skewer"],"picked":"Backstab+1","floor":54}],"player_experience":1202048,"relics_obtained":[{"floor":9,"key":"Dead Branch"},{"floor":10,"key":"Odd Mushroom"},{"floor":19,"key":"Turnip"},{"floor":19,"key":"Toxic Egg 2"},{"floor":26,"key":"Bottled Flame"},{"floor":38,"key":"Shovel"},{"floor":39,"key":"Bird Faced Urn"},{"floor":42,"key":"Bottled Lightning"},{"floor":44,"key":"Old Coin"},{"floor":52,"key":"Ornamental Fan"},{"floor":54,"key":"Happy Flower"}],"event_choices":[{"damage_healed":0,"gold_gain":100,"player_choice":"Gold","damage_taken":0,"max_hp_gain":0,"max_hp_loss":0,"event_name":"Wheel of Change","floor":5,"gold_loss":0},{"damage_healed":0,"gold_gain":0,"player_choice":"Fought Mushrooms","damage_taken":0,"max_hp_gain":0,"max_hp_loss":0,"event_name":"Mushrooms","floor":10,"gold_loss":0},{"cards_removed":["Setup"],"damage_healed":48,"gold_gain":0,"player_choice":"Offered Uncommon","damage_taken":0,"max_hp_gain":0,"max_hp_loss":0,"event_name":"Bonfire Elementals","floor":11,"gold_loss":0},{"damage_healed":0,"gold_gain":0,"player_choice":"Fight","damage_taken":0,"max_hp_gain":0,"max_hp_loss":0,"event_name":"Colosseum","floor":19,"gold_loss":0},{"damage_healed":0,"gold_gain":0,"player_choice":"Fought Nobs","damage_taken":0,"max_hp_gain":0,"max_hp_loss":0,"event_name":"Colosseum","floor":19,"gold_loss":0},{"damage_healed":0,"gold_gain":0,"player_choice":"Ignored","damage_taken":0,"max_hp_gain":0,"max_hp_loss":0,"event_name":"Ghosts","floor":20,"gold_loss":0},{"damage_healed":0,"gold_gain":0,"player_choice":"1 cards matched","damage_taken":0,"max_hp_gain":0,"max_hp_loss":0,"event_name":"Match and Keep!","floor":21,"gold_loss":0,"cards_obtained":["PanicButton"]},{"damage_healed":0,"gold_gain":0,"player_choice":"Shed Blood","damage_taken":18,"max_hp_gain":5,"max_hp_loss":0,"event_name":"Forgotten Altar","floor":30,"gold_loss":0},{"damage_healed":0,"gold_gain":0,"player_choice":"Memory 3","damage_taken":10,"max_hp_gain":0,"max_hp_loss":0,"event_name":"SensoryStone","floor":36,"gold_loss":0},{"damage_healed":0,"gold_gain":0,"player_choice":"Fight","damage_taken":0,"max_hp_gain":0,"max_hp_loss":0,"event_name":"MindBloom","floor":38,"gold_loss":0},{"damage_healed":0,"gold_gain":0,"player_choice":"Fight","damage_taken":0,"max_hp_gain":0,"max_hp_loss":0,"event_name":"Mysterious Sphere","floor":39,"gold_loss":0}],"is_beta":false,"boss_relics":[{"not_picked":["Eternal Feather","Empty Cage"],"picked":"Fusion Hammer"},{"not_picked":["HoveringKite","Runic Dome"],"picked":"Cursed Key"}],"items_purged_floors":[7,31,53],"is_endless":false,"potions_floor_spawned":[3,8,10,12,13,19,19,27,29,33,35,39,44,47,54],"ascension_level":4}