{"gold_per_floor":[116,116,66,82,82,82,105,123,123,123,159,159,172,247,247,247],"floor_reached":16,"playtime":528,"items_purged":[],"score":150,"play_id":"e1fbb648-2870-4b53-b7b5-4fd3e2e79684","local_time":"20190726101020","is_ascension_mode":true,"campfire_choices":[{"floor":6,"key":"REST"},{"floor":10,"key":"REST"},{"data":"Thunder Strike","floor":12,"key":"SMITH"},{"floor":15,"key":"REST"}],"neow_cost":"NONE","seed_source_timestamp":1244865606075904,"circlet_count":0,"master_deck":["AscendersBane","Strike_B","Strike_B","Strike_B","Strike_B","Defend_B","Defend_B","Defend_B","Defend_B","Zap+1","Thunder Strike+1","Conserve Battery","Self Repair"],"relics":["Cracked Core","Golden Idol","The Courier","Regal Pillow"],"potions_floor_usage":[8,11],"damage_taken":[{"damage":3,"enemies":"2 Louse","floor":1,"turns":4},{"damage":12,"enemies":"Small Slimes","floor":4,"turns":3},{"damage":2,"enemies":"Jaw Worm","floor":7,"turns":3},{"damage":12,"enemies":"3 Louse","floor":8,"turns":5},{"damage":36,"enemies":"Gremlin Nob","floor":11,"turns":4},{"damage":9,"enemies":"2 Fungi Beasts","floor":13,"turns":4},{"damage":72,"enemies":"Slime Boss","floor":16,"turns":11}],"seed_played":"9175161843518153918","potions_obtained":[{"floor":1,"key":"FearPotion"},{"floor":8,"key":"Fruit Juice"}],"is_trial":false,"path_per_floor":["M","?","?","M","?","R","M","M","T","R","E","R","M","?","R","B"],"character_chosen":"DEFECT","items_purchased":[],"campfire_rested":3,"item_purchase_floors":[],"current_hp_per_floor":[65,47,47,35,35,57,55,48,48,72,43,43,41,30,69,0],"gold":247,"neow_bonus":"ONE_RANDOM_RARE_CARD","is_prod":false,"is_daily":false,"chose_seed":false,"campfire_upgraded":1,"win_rate":0,"timestamp":1564153820,"path_taken":["M","?","?","M","?","R","M","?","T","R","E","R","M","?","R","BOSS"],"build_version":"2019-07-17","purchased_purges":0,"victory":false,"max_hp_per_floor":[75,75,75,75,75,75,75,80,80,80,80,80,80,80,80,80],"card_choices":[{"not_picked":["Rip and Tear","Blizzard"],"picked":"Conserve Battery","floor":1},{"not_picked":["Sweeping Beam","Beam Cell","Leap"],"picked":"SKIP","floor":4},{"not_picked":["Turbo","Beam Cell","Sweeping Beam"],"picked":"SKIP","floor":7},{"not_picked":["Genetic Algorithm","Lockon"],"picked":"Self Repair","floor":8},{"not_picked":["Sweeping Beam","Skim","Streamline"],"picked":"SKIP","floor":11},{"not_picked":["Cold Snap","Skim","Turbo"],"picked":"SKIP","floor":13}],"player_experience":2505566,"relics_obtained":[{"floor":9,"key":"The Courier"},{"floor":11,"key":"Regal Pillow"}],"event_choices":[{"damage_healed":0,"gold_gain":0,"player_choice":"Take Damage","damage_taken":18,"relics_obtained":["Golden Idol"],"max_hp_gain":0,"max_hp_loss":0,"event_name":"Golden Idol","floor":2,"gold_loss":0},{"cards_removed":["Dualcast"],"damage_healed":0,"gold_gain":0,"player_choice":"Card Removal","damage_taken":0,"max_hp_gain":0,"max_hp_loss":0,"event_name":"The Cleric","floor":3,"gold_loss":50},{"damage_healed":0,"gold_gain":0,"player_choice":"Grow","damage_taken":0,"max_hp_gain":0,"max_hp_loss":0,"event_name":"Living Wall","floor":5,"gold_loss":0,"cards_upgraded":["Zap"]},{"damage_healed":0,"gold_gain":75,"player_choice":"Gather Gold","damage_taken":11,"max_hp_gain":0,"max_hp_loss":0,"event_name":"World of Goop","floor":14,"gold_loss":0}],"is_beta":false,"boss_relics":[],"items_purged_floors":[],"is_endless":false,"potions_floor_spawned":[1,8],"killed_by":"Slime Boss","ascension_level":10}