{"gold_per_floor":[113,131,131,146,160,160,160,172,249,249,249,249,268,193,193,314,314,327,50,50,50,70,70,85,95,95,109,109],"floor_reached":28,"playtime":1193,"items_purged":["Dualcast","Strike_B"],"score":318,"play_id":"1b8fbb6a-f4a5-42ca-9f35-72108a6d13b3","local_time":"20190725221125","is_ascension_mode":true,"campfire_choices":[{"floor":6,"key":"REST"},{"floor":15,"key":"REST"},{"data":"Zap","floor":23,"key":"SMITH"}],"neow_cost":"CURSE","seed_source_timestamp":1201061907158781,"circlet_count":0,"master_deck":["AscendersBane","Strike_B","Strike_B","Strike_B+1","Defend_B+1","Defend_B","Defend_B","Defend_B","Zap+1","All For One","Streamline","Cold Snap","Conserve Battery","Seek","Electrodynamics","Apotheosis","Self Repair"],"relics":["Cracked Core","Bird Faced Urn","Sundial","Bloody Idol","Runic Pyramid","Pantograph"],"potions_floor_usage":[16,16],"damage_taken":[{"damage":5,"enemies":"Cultist","floor":1,"turns":4},{"damage":4,"enemies":"Small Slimes","floor":2,"turns":4},{"damage":3,"enemies":"2 Louse","floor":4,"turns":3},{"damage":26,"enemies":"2 Fungi Beasts","floor":5,"turns":4},{"damage":10,"enemies":"3 Louse","floor":8,"turns":4},{"damage":5,"enemies":"Looter","floor":13,"turns":4},{"damage":29,"enemies":"Hexaghost","floor":16,"turns":10},{"damage":1,"enemies":"Chosen","floor":18,"turns":5},{"damage":1,"enemies":"Spheric Guardian","floor":22,"turns":5},{"damage":15,"enemies":"Centurion and Healer","floor":24,"turns":7},{"damage":30,"enemies":"Snake Plant","floor":25,"turns":4},{"damage":21,"enemies":"3 Cultists","floor":27,"turns":4},{"damage":19,"enemies":"Sentry and Sphere","floor":28,"turns":2}],"seed_played":"-3869991542710050450","potions_obtained":[{"floor":1,"key":"FearPotion"},{"floor":3,"key":"Explosive Potion"},{"floor":3,"key":"FairyPotion"},{"floor":3,"key":"FocusPotion"},{"floor":27,"key":"EssenceOfSteel"}],"is_trial":false,"path_per_floor":["M","M","?","M","M","R","?","M","T","?","?","?","M","$","R","B",null,"M","$","?","?","M","R","M","M","T","M","M"],"character_chosen":"DEFECT","items_purchased":["Apotheosis"],"campfire_rested":2,"item_purchase_floors":[19],"current_hp_per_floor":[63,59,59,56,30,52,52,42,42,27,9,9,4,4,25,7,56,57,57,57,57,63,63,55,30,30,16,0],"gold":109,"neow_bonus":"THREE_RARE_CARDS","is_prod":false,"is_daily":false,"chose_seed":false,"campfire_upgraded":1,"win_rate":0,"timestamp":1564110685,"path_taken":["M","M","?","?","M","R","?","M","T","?","?","?","M","$","R","BOSS","M","$","?","?","M","R","M","M","T","M","M"],"build_version":"2019-07-17","purchased_purges":2,"victory":false,"max_hp_per_floor":[75,75,75,75,75,75,75,75,75,75,75,72,72,72,72,72,72,72,72,72,72,72,72,72,72,72,72,72],"card_choices":[{"not_picked":["Biased Cognition","Thunder Strike"],"picked":"All For One","floor":0},{"not_picked":["Cold Snap","Chill"],"picked":"Streamline","floor":1},{"not_picked":["Reprogram","Barrage"],"picked":"Cold Snap","floor":2},{"not_picked":["Skim","Leap"],"picked":"Conserve Battery","floor":4},{"not_picked":["Rebound","Steam","Ball Lightning"],"picked":"SKIP","floor":5},{"not_picked":["Tempest","Coolheaded","Hologram"],"picked":"SKIP","floor":8},{"not_picked":["Chaos","Hologram"],"picked":"Seek","floor":13},{"not_picked":["Creative AI","Core Surge"],"picked":"Electrodynamics","floor":16},{"not_picked":["Steam","Ball Lightning","Compile Driver"],"picked":"SKIP","floor":18},{"not_picked":["Cold Snap","Heatsinks","Redo"],"picked":"SKIP","floor":22},{"not_picked":["Gash","Stack","Rainbow"],"picked":"SKIP","floor":24},{"not_picked":["Turbo+1","Ball Lightning+1","White Noise+1"],"picked":"SKIP","floor":25},{"not_picked":["Barrage","Sweeping Beam"],"picked":"Self Repair","floor":27}],"player_experience":2502806,"relics_obtained":[{"floor":9,"key":"Sundial"},{"floor":26,"key":"Pantograph"}],"event_choices":[{"damage_healed":0,"gold_gain":0,"player_choice":"Got Potions","damage_taken":0,"max_hp_gain":0,"max_hp_loss":0,"event_name":"Lab","floor":3,"gold_loss":0},{"damage_healed":0,"gold_gain":0,"player_choice":"Searched \u00271\u0027 times","damage_taken":0,"relics_obtained":["Bird Faced Urn"],"max_hp_gain":0,"max_hp_loss":0,"event_name":"Dead Adventurer","floor":7,"gold_loss":0},{"damage_healed":0,"gold_gain":0,"player_choice":"Entered Light","damage_taken":15,"max_hp_gain":0,"max_hp_loss":0,"event_name":"Shining Light","floor":10,"gold_loss":0,"cards_upgraded":["Strike_B","Defend_B"]},{"damage_healed":0,"gold_gain":0,"player_choice":"Take Damage","damage_taken":18,"relics_obtained":["Golden Idol"],"max_hp_gain":0,"max_hp_loss":0,"event_name":"Golden Idol","floor":11,"gold_loss":0},{"cards_removed":["Parasite"],"damage_healed":0,"gold_gain":0,"player_choice":"Forget","damage_taken":0,"max_hp_gain":0,"max_hp_loss":0,"event_name":"Living Wall","floor":12,"gold_loss":0},{"damage_healed":0,"gold_gain":0,"player_choice":"Ignored","damage_taken":0,"max_hp_gain":0,"max_hp_loss":0,"event_name":"Ghosts","floor":20,"gold_loss":0},{"damage_healed":0,"gold_gain":0,"player_choice":"Gave Idol","damage_taken":0,"relics_obtained":["Bloody Idol"],"max_hp_gain":0,"max_hp_loss":0,"event_name":"Forgotten Altar","floor":21,"relics_lost":["Golden Idol"],"gold_loss":0}],"is_beta":false,"boss_relics":[{"not_picked":["Calling Bell","White Beast Statue"],"picked":"Runic Pyramid"}],"items_purged_floors":[14,19],"is_endless":false,"potions_floor_spawned":[1,8,13,27],"killed_by":"Sentry and Sphere","ascension_level":10}