{"gold_per_floor":[112,129,148,158,176,176,176,176,246,246,261,336,336,351,351,448,448,467,227,245,46,71,71,106,181,181,195,195,206,221,235,235,235],"floor_reached":33,"playtime":1996,"items_purged":["Strike_G"],"score":362,"play_id":"2216481d-3f1c-491a-9ef1-b9557d17fb64","local_time":"20190331164850","is_ascension_mode":true,"campfire_choices":[{"floor":6,"key":"REST"},{"floor":8,"key":"REST"},{"data":"Good Instincts","floor":10,"key":"SMITH"},{"floor":15,"key":"REST"},{"data":"Adrenaline","floor":23,"key":"SMITH"},{"floor":32,"key":"REST"}],"neow_cost":"TEN_PERCENT_HP_LOSS","seed_source_timestamp":1290534998322251,"circlet_count":0,"master_deck":["Defend_G","Defend_G","Defend_G","Defend_G","Defend_G","Survivor","Neutralize","Good Instincts+1","Dramatic Entrance","Leg Sweep","Bouncing Flask","Bouncing Flask","Adrenaline+1","Blur+1","Deflect+1","Dagger Spray+1","Well Laid Plans","Master of Strategy","Deadly Poison","Deadly Poison","Dash","Deadly Poison","Choke","Backstab+1","Leg Sweep","Deadly Poison"],"relics":["Ring of the Snake","Prayer Wheel","Bag of Preparation","Astrolabe","Snake Skull","Juzu Bracelet","Red Mask","Paper Crane"],"potions_floor_usage":[16,33,33],"damage_taken":[{"damage":2,"enemies":"Jaw Worm","floor":1,"turns":5},{"damage":0,"enemies":"2 Louse","floor":2,"turns":3},{"damage":0,"enemies":"Cultist","floor":3,"turns":4},{"damage":10,"enemies":"Large Slime","floor":4,"turns":11},{"damage":8,"enemies":"2 Fungi Beasts","floor":5,"turns":6},{"damage":5,"enemies":"Lots of Slimes","floor":11,"turns":4},{"damage":0,"enemies":"Red Slaver","floor":14,"turns":4},{"damage":11,"enemies":"The Guardian","floor":16,"turns":11},{"damage":0,"enemies":"3 Byrds","floor":18,"turns":5},{"damage":1,"enemies":"Shell Parasite","floor":20,"turns":9},{"damage":30,"enemies":"Masked Bandits","floor":24,"turns":4},{"damage":0,"enemies":"Centurion and Healer","floor":27,"turns":5},{"damage":5,"enemies":"Snecko","floor":29,"turns":4},{"damage":0,"enemies":"Snake Plant","floor":30,"turns":4},{"damage":0,"enemies":"Centurion and Healer","floor":31,"turns":7},{"damage":101,"enemies":"Collector","floor":33,"turns":8}],"seed_played":"8581140043848283899","potions_obtained":[{"floor":3,"key":"Regen Potion"},{"floor":5,"key":"GhostInAJar"},{"floor":14,"key":"PowerPotion"},{"floor":20,"key":"SteroidPotion"},{"floor":24,"key":"Block Potion"},{"floor":29,"key":"FairyPotion"}],"is_trial":false,"path_per_floor":["M","M","M","M","M","R","?","R","T","R","M","?","?","M","R","B",null,"M","$","M","$","T","R","?","?","T","M","?","M","M","M","R","B"],"character_chosen":"THE_SILENT","items_purchased":["Master of Strategy","Snake Skull","Deadly Poison"],"campfire_rested":4,"item_purchase_floors":[19,21,21],"current_hp_per_floor":[61,61,61,51,43,61,43,61,61,61,56,45,45,45,63,52,60,60,60,59,59,59,59,29,23,23,23,23,18,18,18,36,0],"gold":235,"neow_bonus":"RANDOM_COLORLESS_2","is_prod":false,"is_daily":false,"chose_seed":false,"campfire_upgraded":2,"win_rate":0,"timestamp":1554068930,"path_taken":["M","M","M","M","M","R","?","R","T","R","M","?","?","M","R","BOSS","M","$","M","$","?","R","?","?","T","M","?","M","M","M","R","BOSS"],"build_version":"2019-01-23","purchased_purges":1,"victory":false,"max_hp_per_floor":[63,63,63,63,63,63,63,63,63,63,63,63,63,63,63,63,63,63,63,63,63,63,63,63,63,63,63,63,63,63,63,63,63],"card_choices":[{"not_picked":["Blade Dance","Dodge and Roll"],"picked":"Leg Sweep","floor":1},{"not_picked":["Deflect","Underhanded Strike"],"picked":"Bouncing Flask","floor":2},{"not_picked":["Acrobatics","Heel Hook","Expertise"],"picked":"SKIP","floor":3},{"not_picked":["Tactician","Blade Dance","Malaise"],"picked":"SKIP","floor":4},{"not_picked":["Expertise","Dagger Spray"],"picked":"Bouncing Flask","floor":5},{"not_picked":["Backflip","All Out Attack"],"picked":"Cloak And Dagger","floor":11},{"not_picked":["Underhanded Strike","Blade Dance","Escape Plan"],"picked":"SKIP","floor":11},{"not_picked":["Backflip","Infinite Blades","Prepared"],"picked":"SKIP","floor":14},{"not_picked":["Predator","Tactician","Dodge and Roll"],"picked":"SKIP","floor":14},{"not_picked":["Backflip","Infinite Blades","Prepared"],"picked":"SKIP","floor":14},{"not_picked":["Predator","Tactician","Dodge and Roll"],"picked":"SKIP","floor":14},{"not_picked":["Storm of Steel","Unload"],"picked":"Adrenaline","floor":16},{"not_picked":["Backflip+1","Dodge and Roll"],"picked":"Well Laid Plans","floor":18},{"not_picked":["Backflip","Cloak And Dagger","Poisoned Stab"],"picked":"SKIP","floor":18},{"not_picked":["Infinite Blades","Dagger Spray"],"picked":"Deadly Poison","floor":20},{"not_picked":["Finisher+1","Blade Dance+1","Prepared"],"picked":"SKIP","floor":20},{"not_picked":["Backflip","Calculated Gamble"],"picked":"Dash","floor":27},{"not_picked":["Deflect","Underhanded Strike"],"picked":"Deadly Poison","floor":27},{"not_picked":["Backflip","Choke","Blade Dance"],"picked":"SKIP","floor":29},{"not_picked":["All Out Attack","Die Die Die","Dagger Spray"],"picked":"SKIP","floor":29},{"not_picked":["Reflex","Well Laid Plans"],"picked":"Backstab+1","floor":30},{"not_picked":["Sucker Punch","Underhanded Strike+1","Prepared+1"],"picked":"SKIP","floor":30},{"not_picked":["Backflip","Heel Hook+1"],"picked":"Leg Sweep","floor":31},{"not_picked":["Dagger Spray+1","Backflip"],"picked":"Deadly Poison","floor":31}],"player_experience":1747902,"relics_obtained":[{"floor":22,"key":"Juzu Bracelet"},{"floor":24,"key":"Red Mask"},{"floor":26,"key":"Paper Crane"}],"event_choices":[{"damage_healed":0,"gold_gain":0,"player_choice":"Success","damage_taken":18,"relics_obtained":["Prayer Wheel"],"max_hp_gain":0,"max_hp_loss":0,"event_name":"Scrap Ooze","floor":7,"gold_loss":0},{"damage_healed":0,"gold_gain":75,"player_choice":"Gather Gold","damage_taken":11,"max_hp_gain":0,"max_hp_loss":0,"event_name":"World of Goop","floor":12,"gold_loss":0},{"cards_removed":["Cloak And Dagger"],"damage_healed":0,"gold_gain":0,"player_choice":"Gave Card","damage_taken":0,"relics_obtained":["Bag of Preparation"],"max_hp_gain":0,"max_hp_loss":0,"event_name":"WeMeetAgain","floor":13,"gold_loss":0},{"damage_healed":0,"gold_gain":0,"player_choice":"Fought Bandits","damage_taken":0,"max_hp_gain":0,"max_hp_loss":0,"event_name":"Masked Bandits","floor":24,"gold_loss":0},{"damage_healed":0,"gold_gain":75,"player_choice":"Touch","damage_taken":6,"max_hp_gain":0,"max_hp_loss":0,"event_name":"FaceTrader","floor":25,"gold_loss":0},{"damage_healed":0,"gold_gain":0,"cards_transformed":["Strike_G"],"player_choice":"Transformed","damage_taken":0,"max_hp_gain":0,"max_hp_loss":0,"event_name":"Transmorgrifier","floor":28,"gold_loss":0,"cards_obtained":["Choke"]}],"is_beta":false,"boss_relics":[{"not_picked":["Cursed Key","Snecko Eye"],"picked":"Astrolabe"}],"items_purged_floors":[19],"is_endless":false,"potions_floor_spawned":[3,5,14,20,24,29,31],"killed_by":"Collector","ascension_level":8}