{"gold_per_floor":[16,35,50,65,78,110,139,165,177,189,214,226,268,355,367,483,495,525,537,188,203,128,156,168,168,193,225,225,40,57,73,73,73],"floor_reached":33,"playtime":2318,"items_purged":["Second Wind"],"score":281,"play_id":"c2d2a103-c535-4648-a287-dfaf9fd3a083","local_time":"20190827212549","is_ascension_mode":false,"campfire_choices":[{"floor":10,"key":"RECALL"},{"floor":12,"key":"REST"},{"floor":15,"key":"REST"},{"data":"Perfected Strike","floor":28,"key":"SMITH"},{"floor":32,"key":"REST"}],"neow_cost":"NO_GOLD","seed_source_timestamp":131222224717113,"circlet_count":0,"master_deck":["Strike_R","Strike_R","Strike_R","Strike_R","Strike_R","Defend_R","Defend_R","Defend_R","Bash+1","Headbutt","Pommel Strike+1","Clash","Perfected Strike+1","Perfected Strike","Cleave","Fiend Fire","Shrug It Off+1","Warcry+1","Disarm","Pommel Strike+1","Seeing Red","Infernal Blade+1","True Grit+1"],"relics":["Burning Blood","Nunchaku","MawBank","Whetstone","Nloth\u0027s Gift","Meat on the Bone","Molten Egg 2","Anchor","Red Mask","Regal Pillow"],"potions_floor_usage":[6,13,16,23,23,27,33,33,33],"damage_taken":[{"damage":1,"enemies":"Cultist","floor":1,"turns":4},{"damage":6,"enemies":"2 Louse","floor":2,"turns":3},{"damage":13,"enemies":"Jaw Worm","floor":3,"turns":3},{"damage":10,"enemies":"Looter","floor":4,"turns":2},{"damage":2,"enemies":"3 Louse","floor":5,"turns":4},{"damage":41,"enemies":"3 Sentries","floor":6,"turns":8},{"damage":1,"enemies":"Exordium Wildlife","floor":7,"turns":2},{"damage":5,"enemies":"Looter","floor":8,"turns":2},{"damage":8,"enemies":"Red Slaver","floor":11,"turns":2},{"damage":21,"enemies":"Lagavulin","floor":13,"turns":5},{"damage":63,"enemies":"Hexaghost","floor":16,"turns":10},{"damage":15,"enemies":"3 Byrds","floor":18,"turns":6},{"damage":0,"enemies":"Spheric Guardian","floor":21,"turns":3},{"damage":15,"enemies":"Gremlin Leader","floor":23,"turns":7},{"damage":28,"enemies":"3 Cultists","floor":24,"turns":5},{"damage":26,"enemies":"Masked Bandits","floor":27,"turns":5},{"damage":6,"enemies":"Cultist and Chosen","floor":30,"turns":5},{"damage":10,"enemies":"Chosen and Byrds","floor":31,"turns":5},{"damage":88,"enemies":"Automaton","floor":33,"turns":8}],"seed_played":"6009137845098160950","potions_obtained":[{"floor":3,"key":"Ancient Potion"},{"floor":4,"key":"Swift Potion"},{"floor":6,"key":"Energy Potion"},{"floor":7,"key":"Dexterity Potion"},{"floor":11,"key":"FearPotion"},{"floor":16,"key":"Poison Potion"},{"floor":21,"key":"Weak Potion"},{"floor":24,"key":"Ancient Potion"},{"floor":30,"key":"EssenceOfSteel"},{"floor":31,"key":"SpeedPotion"}],"is_trial":false,"path_per_floor":["M","M","M","M","M","E","M","M","T","R","M","R","E","?","R","B",null,"M","?","$","M","?","E","M","?","T","?","R","$","M","M","R","B"],"character_chosen":"IRONCLAD","items_purchased":["Meat on the Bone","Disarm","Seeing Red","Regal Pillow"],"campfire_rested":3,"item_purchase_floors":[20,20,29,29],"current_hp_per_floor":[80,80,73,69,73,38,43,44,44,44,42,66,51,40,64,7,80,71,71,71,77,77,68,58,43,43,35,35,35,47,55,85,0],"gold":73,"neow_bonus":"ONE_RARE_RELIC","is_prod":false,"is_daily":false,"chose_seed":false,"campfire_upgraded":1,"win_rate":0,"timestamp":1566937549,"path_taken":["M","M","M","M","M","E","M","M","T","R","M","R","E","?","R","BOSS","M","?","?","M","?","E","?","?","T","?","R","?","M","M","R","BOSS"],"build_version":"2019-07-17","purchased_purges":1,"victory":false,"max_hp_per_floor":[80,80,80,80,80,80,80,80,80,80,80,80,80,80,80,80,80,80,80,80,80,80,80,80,85,85,85,85,85,85,85,85,85],"card_choices":[{"not_picked":["Flex","Sword Boomerang"],"picked":"Headbutt","floor":1},{"not_picked":["Twin Strike","Sword Boomerang"],"picked":"Pommel Strike","floor":2},{"not_picked":["Combust","Bloodletting"],"picked":"Clash","floor":3},{"not_picked":["Warcry","Evolve"],"picked":"Iron Wave","floor":4},{"not_picked":["Clothesline","Headbutt"],"picked":"Flex","floor":5},{"not_picked":["Feed","Clash"],"picked":"Perfected Strike","floor":6},{"not_picked":["Ghostly Armor","Combust"],"picked":"Perfected Strike","floor":7},{"not_picked":["Fire Breathing","Hemokinesis"],"picked":"Cleave","floor":8},{"not_picked":["Shockwave","Twin Strike","Clothesline"],"picked":"SKIP","floor":11},{"not_picked":["Searing Blow","Flex"],"picked":"Second Wind","floor":13},{"not_picked":["Immolate","Dark Embrace"],"picked":"Fiend Fire","floor":16},{"not_picked":["Bloodletting","Fire Breathing","Thunderclap"],"picked":"SKIP","floor":18},{"not_picked":["Impervious","Flex","Clothesline"],"picked":"SKIP","floor":21},{"not_picked":["Inflame","Warcry"],"picked":"Pommel Strike","floor":23},{"not_picked":["Rupture","Bloodletting","Headbutt+1"],"picked":"SKIP","floor":24},{"not_picked":["Burning Pact","Sword Boomerang+1"],"picked":"Infernal Blade+1","floor":30},{"not_picked":["Cleave+1","Carnage+1"],"picked":"True Grit+1","floor":31}],"player_experience":53883,"relics_obtained":[{"floor":6,"key":"MawBank"},{"floor":13,"key":"Whetstone"},{"floor":23,"key":"Molten Egg 2"},{"floor":26,"key":"Anchor"},{"floor":27,"key":"Red Mask"}],"event_choices":[{"damage_healed":0,"gold_gain":75,"player_choice":"Gather Gold","damage_taken":11,"max_hp_gain":0,"max_hp_loss":0,"event_name":"World of Goop","floor":14,"gold_loss":0},{"damage_healed":0,"gold_gain":0,"player_choice":"Traded Relic","damage_taken":0,"relics_obtained":["Nloth\u0027s Gift"],"max_hp_gain":0,"max_hp_loss":0,"event_name":"N\u0027loth","floor":19,"relics_lost":["Astrolabe"],"gold_loss":0},{"cards_removed":["Barricade"],"damage_healed":0,"gold_gain":0,"player_choice":"Gave Gold","damage_taken":0,"max_hp_gain":0,"max_hp_loss":0,"event_name":"Beggar","floor":22,"gold_loss":75},{"damage_healed":0,"gold_gain":0,"player_choice":"Shed Blood","damage_taken":20,"max_hp_gain":5,"max_hp_loss":0,"event_name":"Forgotten Altar","floor":25,"gold_loss":0},{"damage_healed":0,"gold_gain":0,"player_choice":"Fought Bandits","damage_taken":0,"max_hp_gain":0,"max_hp_loss":0,"event_name":"Masked Bandits","floor":27,"gold_loss":0}],"is_beta":false,"boss_relics":[{"not_picked":["Tiny House","Empty Cage"],"picked":"Astrolabe"}],"items_purged_floors":[20],"is_endless":false,"potions_floor_spawned":[3,4,6,7,11,16,21,24,30,31],"killed_by":"Automaton","ascension_level":0}