{"gold_per_floor":[112,112,112,132,132,132,146,172,172,172,187,187,200,150,150,251,251,268,193,211,136,136,170,170,170,170,184,184,195,195,195,195,195],"floor_reached":33,"playtime":1642,"items_purged":["Strike_B"],"score":263,"play_id":"c15d65dd-3c77-40df-8d31-b975672cdda1","local_time":"20181112204737","is_ascension_mode":false,"campfire_choices":[{"data":"Zap","floor":6,"key":"SMITH"},{"data":"Defend_B","floor":10,"key":"SMITH"},{"floor":12,"key":"REST"},{"data":"Defend_B","floor":15,"key":"SMITH"},{"floor":24,"key":"REST"},{"floor":32,"key":"REST"}],"neow_cost":"NONE","seed_source_timestamp":2927168216692758,"circlet_count":0,"master_deck":["Strike_B","Defend_B","Defend_B","Defend_B+1","Defend_B+1","Zap+1","FTL+1","Cold Snap+1","BootSequence","RitualDagger+1","Biased Cognition","Glacier"],"relics":["Cracked Core","Mercury Hourglass","Molten Egg 2","Darkstone Periapt","Nuclear Battery","Kunai","Gremlin Horn","Smiling Mask","MutagenicStrength"],"potions_floor_usage":[8,8,8,8,8,16,16,33,33,33],"damage_taken":[{"damage":1,"enemies":"Jaw Worm","floor":1,"turns":4},{"damage":2,"enemies":"2 Louse","floor":4,"turns":3},{"damage":0,"enemies":"Cultist","floor":7,"turns":3},{"damage":14,"enemies":"Gremlin Nob","floor":8,"turns":3},{"damage":11,"enemies":"Exordium Wildlife","floor":11,"turns":4},{"damage":9,"enemies":"3 Louse","floor":13,"turns":2},{"damage":28,"enemies":"Hexaghost","floor":16,"turns":10},{"damage":0,"enemies":"Chosen","floor":18,"turns":3},{"damage":0,"enemies":"Shell Parasite","floor":20,"turns":5},{"damage":74,"enemies":"Book of Stabbing","floor":23,"turns":9},{"damage":0,"enemies":"Snecko","floor":27,"turns":5},{"damage":0,"enemies":"Snake Plant","floor":29,"turns":4},{"damage":52,"enemies":"Automaton","floor":33,"turns":10}],"seed_played":"5076146055409330985","potions_obtained":[{"floor":3,"key":"Poison Potion"},{"floor":3,"key":"SkillPotion"},{"floor":3,"key":"EntropicBrew"},{"floor":11,"key":"AttackPotion"},{"floor":16,"key":"Regen Potion"},{"floor":23,"key":"FearPotion"},{"floor":27,"key":"SkillPotion"}],"is_trial":false,"path_per_floor":["M","?","?","M","T","R","M","E","T","R","M","R","M","?","R","B",null,"M","?","M","$","?","E","R","?","T","M","?","M","?","?","R","B"],"character_chosen":"DEFECT","items_purchased":[],"campfire_rested":3,"item_purchase_floors":[],"current_hp_per_floor":[81,81,81,79,79,79,79,65,65,65,54,78,69,69,69,41,82,82,82,82,82,76,2,26,10,10,10,10,10,10,10,34,0],"gold":195,"neow_bonus":"TEN_PERCENT_HP_BONUS","is_prod":false,"is_daily":false,"chose_seed":false,"campfire_upgraded":3,"win_rate":0.0,"timestamp":1542077257,"path_taken":["M","?","?","?","?","R","M","E","T","R","M","R","M","?","R","BOSS","M","?","M","$","?","E","R","?","T","M","?","?","?","?","R","BOSS"],"build_version":"2018-11-08","purchased_purges":1,"victory":false,"max_hp_per_floor":[82,82,82,82,82,82,82,82,82,82,82,82,82,82,82,82,82,82,82,82,82,82,82,82,82,82,82,82,82,82,82,82,82],"card_choices":[{"not_picked":["Conserve Battery","Leap","Gash"],"picked":"SKIP","floor":1},{"not_picked":["Gash","Turbo","White Noise"],"picked":"SKIP","floor":4},{"not_picked":["Conserve Battery","Beam Cell","Streamline"],"picked":"SKIP","floor":7},{"not_picked":["Melter","Tempest"],"picked":"FTL","floor":8},{"not_picked":["Doom and Gloom+1","Hologram","Auto Shields"],"picked":"SKIP","floor":11},{"not_picked":["Go for the Eyes+1","Coolheaded"],"picked":"Cold Snap+1","floor":13},{"not_picked":["Conserve Battery","Leap","Compile Driver+1"],"picked":"SKIP","floor":18},{"not_picked":["Leap+1","Redo"],"picked":"BootSequence","floor":20},{"not_picked":["Rebound+1","Cold Snap+1"],"picked":"Biased Cognition","floor":23},{"not_picked":["Redo+1","Chaos+1","Streamline+1"],"picked":"SKIP","floor":27},{"not_picked":["Redo","Hologram"],"picked":"Glacier","floor":29}],"player_experience":164067,"relics_obtained":[{"floor":5,"key":"Mercury Hourglass"},{"floor":8,"key":"Molten Egg 2"},{"floor":9,"key":"Darkstone Periapt"},{"floor":23,"key":"Kunai"},{"floor":26,"key":"Gremlin Horn"}],"event_choices":[{"damage_healed":0,"gold_gain":0,"player_choice":"Ignored","damage_taken":0,"max_hp_gain":0,"max_hp_loss":0,"event_name":"Liars Game","floor":2,"gold_loss":0},{"damage_healed":0,"gold_gain":0,"player_choice":"Got Potions","damage_taken":0,"max_hp_gain":0,"max_hp_loss":0,"event_name":"Lab","floor":3,"gold_loss":0},{"cards_removed":["Strike_B"],"damage_healed":0,"gold_gain":0,"player_choice":"Card Removal","damage_taken":0,"max_hp_gain":0,"max_hp_loss":0,"event_name":"The Cleric","floor":14,"gold_loss":50},{"cards_removed":["Dualcast"],"damage_healed":0,"gold_gain":0,"player_choice":"Gave Gold","damage_taken":0,"max_hp_gain":0,"max_hp_loss":0,"event_name":"Beggar","floor":19,"gold_loss":75},{"damage_healed":0,"gold_gain":0,"player_choice":"Joined the Cult","damage_taken":6,"max_hp_gain":0,"max_hp_loss":0,"event_name":"Nest","floor":22,"gold_loss":0,"cards_obtained":["RitualDagger"]},{"damage_healed":0,"gold_gain":0,"player_choice":"Obtained Book","damage_taken":16,"max_hp_gain":0,"max_hp_loss":0,"event_name":"Cursed Tome","floor":25,"gold_loss":0},{"damage_healed":0,"gold_gain":0,"player_choice":"Opened","damage_taken":0,"relics_obtained":["Smiling Mask"],"max_hp_gain":0,"max_hp_loss":0,"event_name":"The Mausoleum","floor":28,"gold_loss":0},{"cards_removed":["Strike_B"],"damage_healed":0,"gold_gain":0,"player_choice":"Elegance","damage_taken":0,"max_hp_gain":0,"max_hp_loss":0,"event_name":"Back to Basics","floor":30,"gold_loss":0},{"damage_healed":0,"gold_gain":0,"player_choice":"Inject Mutagens","damage_taken":0,"relics_obtained":["MutagenicStrength"],"max_hp_gain":0,"max_hp_loss":0,"event_name":"Drug Dealer","floor":31,"gold_loss":0}],"is_beta":false,"boss_relics":[{"not_picked":["Philosopher\u0027s Stone","Snecko Eye"],"picked":"Nuclear Battery"}],"items_purged_floors":[21],"is_endless":false,"potions_floor_spawned":[7,11,16,23,27],"killed_by":"Automaton","ascension_level":0}