{"gold_per_floor":[18,18,29,29,29,29,5,5,62,82,82,100,114,114,114,114],"floor_reached":16,"playtime":6106,"items_purged":[],"score":135,"play_id":"6a1cde40-9ebc-423c-8f3e-cbf5227a44ee","local_time":"20190723110413","is_ascension_mode":true,"campfire_choices":[{"floor":6,"key":"REST"},{"floor":8,"key":"REST"},{"floor":15,"key":"REST"}],"neow_cost":"NO_GOLD","seed_source_timestamp":983312025540480,"circlet_count":0,"master_deck":["AscendersBane","Strike_B","Strike_B","Strike_B","Defend_B","Defend_B+1","Defend_B","Defend_B","Zap+1","Thunder Strike","All For One","Streamline+1","Loop"],"relics":["Cracked Core","Golden Idol","PreservedInsect","Tiny Chest"],"potions_floor_usage":[],"damage_taken":[{"damage":4,"enemies":"2 Louse","floor":1,"turns":4},{"damage":2,"enemies":"Jaw Worm","floor":3,"turns":3},{"damage":0,"enemies":"Small Slimes","floor":10,"turns":3},{"damage":11,"enemies":"Looter","floor":12,"turns":4},{"damage":1,"enemies":"2 Fungi Beasts","floor":13,"turns":4},{"damage":70,"enemies":"Hexaghost","floor":16,"turns":9}],"seed_played":"7364350028850094667","potions_obtained":[{"floor":1,"key":"Explosive Potion"}],"is_trial":false,"path_per_floor":["M","?","M","?","?","R","$","R","T","M","T","M","M","?","R","B"],"character_chosen":"DEFECT","items_purchased":["Streamline"],"campfire_rested":3,"item_purchase_floors":[7],"current_hp_per_floor":[64,64,62,44,32,54,54,75,75,75,75,64,63,48,70,0],"gold":114,"neow_bonus":"TRANSFORM_TWO_CARDS","is_prod":false,"is_daily":false,"chose_seed":false,"campfire_upgraded":0,"win_rate":0,"timestamp":1563897853,"path_taken":["M","?","M","?","?","R","$","R","T","M","?","M","M","?","R","BOSS"],"build_version":"2019-07-17","purchased_purges":0,"victory":false,"max_hp_per_floor":[75,75,75,75,75,75,75,75,75,75,75,75,75,75,75,75],"card_choices":[{"not_picked":["Chaos","Rip and Tear","Steam"],"picked":"SKIP","floor":1},{"not_picked":["Barrage","Compile Driver","Steam"],"picked":"SKIP","floor":3},{"not_picked":["Compile Driver","Turbo"],"picked":"Loop","floor":10},{"not_picked":["Stack","Doom and Gloom","Compile Driver"],"picked":"SKIP","floor":12},{"not_picked":["Cold Snap","Steam","Aggregate"],"picked":"SKIP","floor":13}],"player_experience":2413047,"relics_obtained":[{"floor":9,"key":"Tiny Chest"}],"event_choices":[{"damage_healed":0,"gold_gain":0,"player_choice":"Grow","damage_taken":0,"max_hp_gain":0,"max_hp_loss":0,"event_name":"Living Wall","floor":2,"gold_loss":0,"cards_upgraded":["Zap"]},{"damage_healed":0,"gold_gain":0,"player_choice":"Take Damage","damage_taken":18,"relics_obtained":["Golden Idol"],"max_hp_gain":0,"max_hp_loss":0,"event_name":"Golden Idol","floor":4,"gold_loss":0},{"damage_healed":0,"gold_gain":0,"player_choice":"Success","damage_taken":12,"relics_obtained":["PreservedInsect"],"max_hp_gain":0,"max_hp_loss":0,"event_name":"Scrap Ooze","floor":5,"gold_loss":0},{"damage_healed":0,"gold_gain":0,"player_choice":"Entered Light","damage_taken":15,"max_hp_gain":0,"max_hp_loss":0,"event_name":"Shining Light","floor":14,"gold_loss":0,"cards_upgraded":["Streamline","Defend_B"]}],"is_beta":false,"boss_relics":[],"items_purged_floors":[],"is_endless":false,"potions_floor_spawned":[1],"killed_by":"Hexaghost","ascension_level":10}