{"gold_per_floor":[368,443,443,455,470,470,482,495,495,511,531,543,543,40,40,144,144,161,172,172,190,208,208,208,220,220,220,145,158,158,171,171,268,268,288,15,32,32,32,59,59,74,122,139,139,139,14,114,114,114],"floor_reached":50,"playtime":2083,"items_purged":["Dualcast","Strike_B","Strike_B"],"score":799,"play_id":"014924f2-47f1-4ded-a5a4-2787d0c11c0d","local_time":"20190821170920","is_ascension_mode":true,"campfire_choices":[{"floor":6,"key":"REST"},{"floor":13,"key":"REST"},{"data":"Zap","floor":15,"key":"SMITH"},{"floor":23,"key":"REST"},{"floor":30,"key":"REST"},{"floor":32,"key":"REST"},{"floor":41,"key":"REST"},{"floor":49,"key":"REST"}],"neow_cost":"PERCENT_DAMAGE","seed_source_timestamp":658792168705700,"circlet_count":0,"master_deck":["AscendersBane","Defend_B","Defend_B","Defend_B","Defend_B","Zap+1","Conserve Battery","Gash","FTL","The Bomb","Electrodynamics","Panache","Conserve Battery","Conserve Battery","Madness","Madness"],"relics":["Cracked Core","Singing Bowl","Meat on the Bone","Cables","Busted Crown","WarpedTongs","Mercury Hourglass","Empty Cage","Gremlin Horn","Potion Belt","Mango"],"potions_floor_usage":[16,16,33,33,40,40,50],"damage_taken":[{"damage":5,"enemies":"Small Slimes","floor":1,"turns":4},{"damage":5,"enemies":"Cultist","floor":4,"turns":5},{"damage":4,"enemies":"2 Louse","floor":5,"turns":4},{"damage":15,"enemies":"Large Slime","floor":7,"turns":7},{"damage":13,"enemies":"Exordium Thugs","floor":8,"turns":6},{"damage":2,"enemies":"2 Fungi Beasts","floor":10,"turns":4},{"damage":7,"enemies":"Blue Slaver","floor":11,"turns":4},{"damage":15,"enemies":"Red Slaver","floor":12,"turns":5},{"damage":27,"enemies":"Slime Boss","floor":16,"turns":7},{"damage":7,"enemies":"Chosen","floor":18,"turns":3},{"damage":30,"enemies":"3 Byrds","floor":19,"turns":3},{"damage":1,"enemies":"Cultist and Chosen","floor":21,"turns":3},{"damage":26,"enemies":"Snake Plant","floor":22,"turns":3},{"damage":9,"enemies":"Centurion and Healer","floor":25,"turns":3},{"damage":6,"enemies":"3 Cultists","floor":29,"turns":3},{"damage":23,"enemies":"Shelled Parasite and Fungi","floor":31,"turns":5},{"damage":56,"enemies":"Automaton","floor":33,"turns":9},{"damage":20,"enemies":"Orb Walker","floor":35,"turns":4},{"damage":14,"enemies":"3 Darklings","floor":37,"turns":3},{"damage":49,"enemies":"Nemesis","floor":40,"turns":9},{"damage":31,"enemies":"Maw","floor":42,"turns":7},{"damage":44,"enemies":"Jaw Worm Horde","floor":44,"turns":3},{"damage":18,"enemies":"Mind Bloom Boss Battle","floor":48,"turns":6},{"damage":122,"enemies":"Time Eater","floor":50,"turns":9}],"seed_played":"-601170894046723572","potions_obtained":[{"floor":4,"key":"Poison Potion"},{"floor":10,"key":"GamblersBrew"},{"floor":16,"key":"Energy Potion"},{"floor":19,"key":"Block Potion"},{"floor":29,"key":"Weak Potion"},{"floor":33,"key":"Regen Potion"},{"floor":35,"key":"Explosive Potion"},{"floor":37,"key":"Block Potion"},{"floor":44,"key":"FocusPotion"}],"is_trial":false,"path_per_floor":["M","?","?","M","M","R","M","M","T","M","M","M","R","$","R","B",null,"M","M","?","M","M","R","?","M","T","?","?","M","R","M","R","B",null,"M","$","M","$","?","E","R","M","T","M","?","?","$","?","R","B"],"character_chosen":"DEFECT","items_purchased":["The Bomb","Cables","Panache"],"campfire_rested":7,"item_purchase_floors":[14,14,36],"current_hp_per_floor":[45,34,34,29,25,47,34,23,23,35,42,39,63,63,63,48,74,69,53,53,54,42,69,69,62,62,62,62,58,86,65,94,52,87,69,69,57,57,57,37,68,51,51,19,6,94,94,92,110,0],"gold":114,"neow_bonus":"TWO_FIFTY_GOLD","is_prod":false,"is_daily":false,"chose_seed":false,"campfire_upgraded":1,"win_rate":0,"timestamp":1566425360,"path_taken":["M","?","?","M","M","R","M","?","T","M","M","M","R","$","R","BOSS","M","M","?","M","M","R","?","?","T","?","?","M","R","M","R","BOSS","M","$","M","$","?","E","R","?","T","M","?","?","?","?","R","BOSS"],"build_version":"2019-07-17","purchased_purges":3,"victory":false,"max_hp_per_floor":[75,75,75,75,75,75,77,79,79,81,83,83,83,83,83,83,83,85,87,87,89,91,91,91,93,93,93,93,95,95,97,97,99,99,101,101,103,103,103,105,105,107,107,107,107,94,94,110,110,110],"card_choices":[{"not_picked":["Rip and Tear","Steam"],"picked":"Cold Snap","floor":1},{"not_picked":["Leap","Cold Snap"],"picked":"Conserve Battery","floor":4},{"not_picked":["Rebound","Static Discharge"],"picked":"Gash","floor":5},{"not_picked":["Turbo","Hologram","Ball Lightning"],"picked":"Singing Bowl","floor":7},{"not_picked":["Blizzard","Barrage","Stack"],"picked":"Singing Bowl","floor":8},{"not_picked":["Coolheaded","Genetic Algorithm","Redo"],"picked":"Singing Bowl","floor":10},{"not_picked":["Stack","Turbo","Reboot"],"picked":"Singing Bowl","floor":11},{"not_picked":["Ball Lightning","White Noise"],"picked":"FTL","floor":12},{"not_picked":["Thunder Strike","Seek"],"picked":"Electrodynamics","floor":16},{"not_picked":["Ball Lightning"],"picked":"Singing Bowl","floor":18},{"not_picked":["Leap"],"picked":"Singing Bowl","floor":19},{"not_picked":["Coolheaded"],"picked":"Singing Bowl","floor":21},{"not_picked":["Barrage"],"picked":"Singing Bowl","floor":22},{"not_picked":["Leap"],"picked":"Singing Bowl","floor":25},{"not_picked":["Fission"],"picked":"Singing Bowl","floor":29},{"not_picked":["Hologram"],"picked":"Singing Bowl","floor":31},{"not_picked":["Fission"],"picked":"Singing Bowl","floor":33},{"not_picked":["Compile Driver"],"picked":"Singing Bowl","floor":35},{"not_picked":["Streamline"],"picked":"Singing Bowl","floor":37},{"not_picked":["Barrage"],"picked":"Singing Bowl","floor":40},{"not_picked":["Sweeping Beam"],"picked":"Singing Bowl","floor":42},{"not_picked":[],"picked":"Conserve Battery","floor":44},{"not_picked":["Cold Snap"],"picked":"Singing Bowl","floor":48}],"player_experience":2886611,"relics_obtained":[{"floor":9,"key":"Meat on the Bone"},{"floor":26,"key":"Mercury Hourglass"},{"floor":40,"key":"Gremlin Horn"},{"floor":43,"key":"Potion Belt"},{"floor":48,"key":"Mango"}],"event_choices":[{"damage_healed":0,"gold_gain":75,"player_choice":"Gather Gold","damage_taken":11,"max_hp_gain":0,"max_hp_loss":0,"event_name":"World of Goop","floor":2,"gold_loss":0},{"cards_removed":["Cold Snap"],"damage_healed":0,"gold_gain":0,"player_choice":"Gave Card","damage_taken":0,"relics_obtained":["Singing Bowl"],"max_hp_gain":0,"max_hp_loss":0,"event_name":"WeMeetAgain","floor":3,"gold_loss":0},{"damage_healed":0,"gold_gain":0,"player_choice":"Ignored","damage_taken":0,"max_hp_gain":0,"max_hp_loss":0,"event_name":"Vampires","floor":20,"gold_loss":0},{"damage_healed":0,"gold_gain":0,"player_choice":"Rummage","damage_taken":0,"relics_obtained":["WarpedTongs"],"max_hp_gain":0,"max_hp_loss":0,"event_name":"Accursed Blacksmith","floor":24,"gold_loss":0,"cards_obtained":["Pain"]},{"damage_healed":0,"gold_gain":0,"player_choice":"Ignored","damage_taken":0,"max_hp_gain":0,"max_hp_loss":0,"event_name":"Ghosts","floor":27,"gold_loss":0},{"cards_removed":["Pain"],"damage_healed":0,"gold_gain":0,"player_choice":"Gave Gold","damage_taken":0,"max_hp_gain":0,"max_hp_loss":0,"event_name":"Beggar","floor":28,"gold_loss":75},{"damage_healed":0,"gold_gain":0,"player_choice":"Copied","damage_taken":0,"max_hp_gain":0,"max_hp_loss":0,"event_name":"Duplicator","floor":39,"gold_loss":0,"cards_obtained":["Conserve Battery"]},{"damage_healed":0,"gold_gain":0,"player_choice":"Embrace Madness","damage_taken":13,"max_hp_gain":0,"max_hp_loss":0,"event_name":"Winding Halls","floor":45,"gold_loss":0,"cards_obtained":["Madness","Madness"]},{"damage_healed":94,"gold_gain":0,"player_choice":"Heal","damage_taken":0,"max_hp_gain":0,"max_hp_loss":13,"event_name":"The Moai Head","floor":46,"gold_loss":0},{"damage_healed":0,"gold_gain":0,"player_choice":"Fight","damage_taken":0,"max_hp_gain":0,"max_hp_loss":0,"event_name":"MindBloom","floor":48,"gold_loss":0}],"is_beta":false,"boss_relics":[{"not_picked":["FrozenCore","White Beast Statue"],"picked":"Busted Crown"},{"not_picked":["Astrolabe","Calling Bell"],"picked":"Empty Cage"}],"items_purged_floors":[14,36,47],"is_endless":false,"potions_floor_spawned":[4,10,11,16,19,29,33,35,37,44],"killed_by":"Time Eater","ascension_level":12}