{"gold_per_floor":[117,192,206,206,222,222,245,268,343,343,356,356,356,374,374,374],"floor_reached":16,"playtime":573,"items_purged":[],"score":150,"play_id":"f655f2ae-bc7d-41c9-a269-5efea18519a6","local_time":"20190810115556","is_ascension_mode":true,"campfire_choices":[{"floor":6,"key":"REST"},{"floor":12,"key":"REST"},{"floor":15,"key":"REST"}],"neow_cost":"NONE","seed_source_timestamp":645775575139700,"circlet_count":0,"master_deck":["AscendersBane","Strike_G","Strike_G","Strike_G","Strike_G","Defend_G","Defend_G","Defend_G","Defend_G+1","Defend_G+1","Survivor","Neutralize","Storm of Steel","Deadly Poison","Deadly Poison","Deadly Poison","Escape Plan"],"relics":["Ring of the Snake","Golden Idol","Question Card"],"potions_floor_usage":[11],"damage_taken":[{"damage":0,"enemies":"Small Slimes","floor":1,"turns":3},{"damage":3,"enemies":"Jaw Worm","floor":3,"turns":5},{"damage":0,"enemies":"2 Louse","floor":5,"turns":2},{"damage":18,"enemies":"Large Slime","floor":7,"turns":8},{"damage":1,"enemies":"Exordium Thugs","floor":8,"turns":5},{"damage":17,"enemies":"Looter","floor":11,"turns":4},{"damage":4,"enemies":"3 Louse","floor":14,"turns":4},{"damage":55,"enemies":"Hexaghost","floor":16,"turns":10}],"seed_played":"-7927302843257142382","potions_obtained":[{"floor":3,"key":"Regen Potion"},{"floor":7,"key":"Ancient Potion"}],"is_trial":false,"path_per_floor":["M","?","M","?","M","R","M","M","T","?","M","R","?","M","R","B"],"character_chosen":"THE_SILENT","items_purchased":[],"campfire_rested":3,"item_purchase_floors":[],"current_hp_per_floor":[63,52,49,32,32,53,35,34,34,34,29,50,36,32,53,0],"gold":374,"neow_bonus":"ONE_RANDOM_RARE_CARD","is_prod":false,"is_daily":false,"chose_seed":false,"campfire_upgraded":0,"win_rate":0,"timestamp":1565456156,"path_taken":["M","?","M","?","M","R","M","M","T","?","M","R","?","M","R","BOSS"],"build_version":"2019-07-17","purchased_purges":0,"victory":false,"max_hp_per_floor":[70,70,70,70,70,70,70,70,70,70,70,70,70,70,70,70],"card_choices":[{"not_picked":["Cloak And Dagger","Bouncing Flask"],"picked":"Deadly Poison","floor":1},{"not_picked":["Blade Dance","Flying Knee","Underhanded Strike"],"picked":"SKIP","floor":3},{"not_picked":["Dodge and Roll","Reflex"],"picked":"Deadly Poison","floor":5},{"not_picked":["Dagger Spray","Setup"],"picked":"Deadly Poison","floor":7},{"not_picked":["Sucker Punch","Distraction"],"picked":"Escape Plan","floor":8},{"not_picked":["Endless Agony","Sucker Punch","Cloak And Dagger","Flechettes"],"picked":"SKIP","floor":11},{"not_picked":["Slice","Night Terror","Dodge and Roll","Poisoned Stab"],"picked":"SKIP","floor":14}],"player_experience":2777995,"relics_obtained":[{"floor":9,"key":"Question Card"}],"event_choices":[{"damage_healed":0,"gold_gain":75,"player_choice":"Gather Gold","damage_taken":11,"max_hp_gain":0,"max_hp_loss":0,"event_name":"World of Goop","floor":2,"gold_loss":0},{"damage_healed":0,"gold_gain":0,"player_choice":"Take Damage","damage_taken":17,"relics_obtained":["Golden Idol"],"max_hp_gain":0,"max_hp_loss":0,"event_name":"Golden Idol","floor":4,"gold_loss":0},{"cards_removed":["Strike_G"],"damage_healed":0,"gold_gain":0,"player_choice":"Forget","damage_taken":0,"max_hp_gain":0,"max_hp_loss":0,"event_name":"Living Wall","floor":10,"gold_loss":0},{"damage_healed":0,"gold_gain":0,"player_choice":"Entered Light","damage_taken":14,"max_hp_gain":0,"max_hp_loss":0,"event_name":"Shining Light","floor":13,"gold_loss":0,"cards_upgraded":["Defend_G","Defend_G"]}],"is_beta":false,"boss_relics":[],"items_purged_floors":[],"is_endless":false,"potions_floor_spawned":[3,7],"killed_by":"Hexaghost","ascension_level":12}