{"gold_per_floor":[112,112,125,136,61,61,61,79,79,79,89,89,101,130,130,234,234,253,253],"floor_reached":19,"playtime":805,"items_purged":["Strike_B"],"score":270,"play_id":"dbbbddd2-9702-4e27-a038-95d2e70aee34","local_time":"20190820202122","is_ascension_mode":true,"campfire_choices":[{"data":"Zap","floor":6,"key":"SMITH"},{"floor":15,"key":"REST"}],"neow_cost":"NONE","seed_source_timestamp":585194562070500,"circlet_count":0,"master_deck":["AscendersBane","Strike_B","Strike_B","Strike_B","Defend_B","Defend_B","Defend_B","Defend_B","Zap+1","BootSequence","Zap","Cold Snap","Cold Snap","Glacier","Gash","All For One"],"relics":["Cracked Core","NeowsBlessing","The Courier","Pear","Emotion Chip","Sozu"],"potions_floor_usage":[16],"damage_taken":[{"damage":0,"enemies":"2 Louse","floor":1,"turns":1},{"damage":0,"enemies":"Cultist","floor":3,"turns":1},{"damage":0,"enemies":"Small Slimes","floor":4,"turns":2},{"damage":7,"enemies":"Exordium Thugs","floor":8,"turns":5},{"damage":0,"enemies":"Looter","floor":11,"turns":3},{"damage":0,"enemies":"2 Fungi Beasts","floor":13,"turns":4},{"damage":24,"enemies":"Lagavulin","floor":14,"turns":7},{"damage":54,"enemies":"The Guardian","floor":16,"turns":18},{"damage":5,"enemies":"3 Byrds","floor":18,"turns":5},{"damage":68,"enemies":"Masked Bandits","floor":19,"turns":3}],"seed_played":"-2591783433003908086","potions_obtained":[{"floor":11,"key":"Block Potion"},{"floor":13,"key":"Energy Potion"}],"is_trial":false,"path_per_floor":["M","?","M","M","$","R","?","M","T","$","M","?","M","E","R","B",null,"M","?"],"character_chosen":"DEFECT","items_purchased":[],"campfire_rested":1,"item_purchase_floors":[],"current_hp_per_floor":[68,68,68,68,68,68,68,61,61,61,61,71,71,47,72,18,68,63,0],"gold":253,"neow_bonus":"THREE_ENEMY_KILL","is_prod":false,"is_daily":false,"chose_seed":false,"campfire_upgraded":1,"win_rate":0,"timestamp":1566350482,"path_taken":["M","?","?","M","?","R","?","M","T","$","?","?","M","E","R","BOSS","M","?"],"build_version":"2019-07-17","purchased_purges":1,"victory":false,"max_hp_per_floor":[75,75,75,75,75,75,75,75,75,75,75,85,85,85,85,85,85,85,85],"card_choices":[{"not_picked":["Leap","Streamline"],"picked":"BootSequence","floor":1},{"not_picked":["Rip and Tear","Leap","Genetic Algorithm"],"picked":"SKIP","floor":3},{"not_picked":["Hologram","Tempest","Redo"],"picked":"SKIP","floor":4},{"not_picked":["Skim","Rebound"],"picked":"Cold Snap","floor":8},{"not_picked":["Rebound","Streamline"],"picked":"Cold Snap","floor":11},{"not_picked":["Cold Snap","Turbo"],"picked":"Glacier","floor":13},{"not_picked":["Barrage","Fission"],"picked":"Gash","floor":14},{"not_picked":["Reboot","Core Surge"],"picked":"All For One","floor":16},{"not_picked":["Aggregate","Stack","Turbo"],"picked":"SKIP","floor":18}],"player_experience":2882651,"relics_obtained":[{"floor":9,"key":"The Courier"},{"floor":14,"key":"Emotion Chip"}],"event_choices":[{"cards_removed":["Dualcast"],"damage_healed":0,"gold_gain":0,"player_choice":"Offered Basic","damage_taken":0,"max_hp_gain":0,"max_hp_loss":0,"event_name":"Bonfire Elementals","floor":2,"gold_loss":0},{"damage_healed":0,"gold_gain":0,"player_choice":"1 cards matched","damage_taken":0,"max_hp_gain":0,"max_hp_loss":0,"event_name":"Match and Keep!","floor":7,"gold_loss":0,"cards_obtained":["Zap"]},{"damage_healed":0,"gold_gain":0,"player_choice":"Searched \u00271\u0027 times","damage_taken":0,"relics_obtained":["Pear"],"max_hp_gain":0,"max_hp_loss":0,"event_name":"Dead Adventurer","floor":12,"gold_loss":0},{"damage_healed":0,"gold_gain":0,"player_choice":"Fought Bandits","damage_taken":0,"max_hp_gain":0,"max_hp_loss":0,"event_name":"Masked Bandits","floor":19,"gold_loss":0}],"is_beta":false,"boss_relics":[{"not_picked":["Calling Bell","Snecko Eye"],"picked":"Sozu"}],"items_purged_floors":[5],"is_endless":false,"potions_floor_spawned":[11,13,14],"killed_by":"Masked Bandits","ascension_level":12}