{"gold_per_floor":[111,131,142,142,142,142,160,160,160,6,22,42,42,42,42,141,141,116,216,230,250,250],"floor_reached":22,"playtime":4213,"items_purged":["Strike_B"],"score":267,"play_id":"89c79633-d187-4eb6-af1a-0e491d5790fd","local_time":"20190722180834","is_ascension_mode":true,"campfire_choices":[{"floor":6,"key":"REST"},{"data":"Zap","floor":8,"key":"SMITH"},{"floor":13,"key":"REST"},{"data":"Conserve Battery","floor":15,"key":"SMITH"}],"neow_cost":"NONE","seed_source_timestamp":924263733062390,"circlet_count":0,"master_deck":["AscendersBane","Strike_B","Strike_B+1","Strike_B+1","Defend_B","Defend_B","Defend_B","Defend_B","Zap+1","Self Repair","Conserve Battery+1","Self Repair","Chill","Pain","Echo Form"],"relics":["Cracked Core","Bag of Marbles","Question Card","WarpedTongs","Runic Pyramid"],"potions_floor_usage":[16,16],"damage_taken":[{"damage":5,"enemies":"Cultist","floor":1,"turns":4},{"damage":3,"enemies":"Small Slimes","floor":2,"turns":3},{"damage":3,"enemies":"Jaw Worm","floor":3,"turns":4},{"damage":13,"enemies":"Red Slaver","floor":7,"turns":5},{"damage":21,"enemies":"3 Louse","floor":11,"turns":5},{"damage":21,"enemies":"Exordium Thugs","floor":12,"turns":6},{"damage":33,"enemies":"Slime Boss","floor":16,"turns":13},{"damage":33,"enemies":"2 Thieves","floor":18,"turns":5},{"damage":19,"enemies":"Chosen","floor":20,"turns":7},{"damage":61,"enemies":"Shelled Parasite and Fungi","floor":21,"turns":7},{"damage":59,"enemies":"Snake Plant","floor":22,"turns":6}],"seed_played":"2996435870515374065","potions_obtained":[{"floor":7,"key":"LiquidBronze"},{"floor":11,"key":"FearPotion"},{"floor":12,"key":"Dexterity Potion"}],"is_trial":false,"path_per_floor":["M","M","M","?","?","R","M","R","T","$","M","M","R","?","R","B",null,"M","?","M","M","M"],"character_chosen":"DEFECT","items_purchased":["Self Repair"],"campfire_rested":2,"item_purchase_floors":[10],"current_hp_per_floor":[63,60,64,49,42,64,58,58,58,58,51,44,66,66,66,50,69,75,75,75,54,0],"gold":250,"neow_bonus":"RANDOM_COMMON_RELIC","is_prod":false,"is_daily":false,"chose_seed":false,"campfire_upgraded":2,"win_rate":0,"timestamp":1563836914,"path_taken":["M","M","M","?","?","R","M","R","T","?","?","M","R","?","R","BOSS","M","?","M","M","?"],"build_version":"2019-07-17","purchased_purges":1,"victory":false,"max_hp_per_floor":[75,75,75,75,75,75,75,75,75,75,75,75,75,75,75,75,75,75,75,75,75,75],"card_choices":[{"not_picked":["Turbo","Sweeping Beam","Rebound"],"picked":"SKIP","floor":1},{"not_picked":["Stack","Storm"],"picked":"Self Repair","floor":2},{"not_picked":["Aggregate","Sweeping Beam"],"picked":"Conserve Battery","floor":3},{"not_picked":["Steam","Go for the Eyes","Turbo"],"picked":"SKIP","floor":7},{"not_picked":["Hologram","Fusion","Leap","Redo"],"picked":"SKIP","floor":11},{"not_picked":["Loop","Aggregate","FTL"],"picked":"Chill","floor":12},{"not_picked":["All For One","Seek","Creative AI"],"picked":"Echo Form","floor":16},{"not_picked":["Storm","Redo+1","Hologram+1","Streamline+1"],"picked":"SKIP","floor":18},{"not_picked":["Chaos+1","Gash","Leap","Lockon"],"picked":"SKIP","floor":20},{"not_picked":["Stack+1","Leap","Ball Lightning+1","Coolheaded+1"],"picked":"SKIP","floor":21}],"player_experience":2404838,"relics_obtained":[{"floor":9,"key":"Question Card"}],"event_choices":[{"damage_healed":0,"gold_gain":0,"player_choice":"Entered Light","damage_taken":15,"max_hp_gain":0,"max_hp_loss":0,"event_name":"Shining Light","floor":4,"gold_loss":0,"cards_upgraded":["Strike_B","Strike_B"]},{"cards_removed":["Dualcast"],"damage_healed":0,"gold_gain":0,"player_choice":"Card Removal","damage_taken":7,"max_hp_gain":0,"max_hp_loss":0,"event_name":"Golden Wing","floor":5,"gold_loss":0},{"damage_healed":0,"gold_gain":0,"player_choice":"Rummage","damage_taken":0,"relics_obtained":["WarpedTongs"],"max_hp_gain":0,"max_hp_loss":0,"event_name":"Accursed Blacksmith","floor":14,"gold_loss":0,"cards_obtained":["Pain"]},{"damage_healed":0,"gold_gain":100,"player_choice":"Pray","damage_taken":0,"max_hp_gain":0,"max_hp_loss":0,"event_name":"Golden Shrine","floor":19,"gold_loss":0}],"is_beta":false,"boss_relics":[{"not_picked":["Nuclear Battery","Calling Bell"],"picked":"Runic Pyramid"}],"items_purged_floors":[10],"is_endless":false,"potions_floor_spawned":[7,11,12],"killed_by":"Snake Plant","ascension_level":10}