{"gold_per_floor":[116,66,83,99,112,112,123,136,136,61,136,148,148,148,148,148],"floor_reached":16,"playtime":2902,"items_purged":["Strike_G"],"score":132,"play_id":"04d09d3d-e754-46fa-a728-5164bc9dab1f","local_time":"20190321211314","is_ascension_mode":true,"campfire_choices":[{"data":"Adrenaline","floor":6,"key":"SMITH"},{"floor":15,"key":"DIG"}],"neow_cost":"NONE","seed_source_timestamp":441457863216351,"circlet_count":0,"master_deck":["Defend_G","Defend_G","Defend_G","Defend_G","Defend_G","Strike_G","Strike_G","Strike_G","Survivor","Neutralize","Deadly Poison","Cloak And Dagger","Adrenaline+1","Crippling Poison","Blur","Bouncing Flask","Parasite"],"relics":["Sozu","Shovel","Oddly Smooth Stone","The Specimen"],"potions_floor_usage":[],"damage_taken":[{"damage":0,"enemies":"2 Louse","floor":1,"turns":3},{"damage":6,"enemies":"Jaw Worm","floor":3,"turns":5},{"damage":0,"enemies":"Small Slimes","floor":4,"turns":5},{"damage":1,"enemies":"Exordium Thugs","floor":5,"turns":5},{"damage":9,"enemies":"Exordium Wildlife","floor":7,"turns":8},{"damage":0,"enemies":"Blue Slaver","floor":8,"turns":4},{"damage":0,"enemies":"2 Fungi Beasts","floor":12,"turns":4},{"damage":59,"enemies":"Slime Boss","floor":16,"turns":14}],"seed_played":"9180939457173741033","potions_obtained":[],"is_trial":false,"path_per_floor":["M","?","M","M","M","R","M","M","T","$","?","M","?","?","R","B"],"character_chosen":"THE_SILENT","items_purchased":[],"campfire_rested":0,"item_purchase_floors":[],"current_hp_per_floor":[63,63,57,57,56,56,47,47,47,47,40,40,33,50,50,0],"gold":148,"neow_bonus":"BOSS_RELIC","is_prod":false,"is_daily":false,"chose_seed":false,"campfire_upgraded":1,"win_rate":0,"timestamp":1553220794,"path_taken":["M","?","M","M","M","R","M","M","T","?","?","?","?","?","R","BOSS"],"build_version":"2019-01-23","purchased_purges":1,"victory":false,"max_hp_per_floor":[70,70,70,70,70,70,70,70,70,70,70,70,70,70,70,70],"card_choices":[{"not_picked":["Bane","Quick Slash"],"picked":"Deadly Poison","floor":1},{"not_picked":["Underhanded Strike","Eviscerate"],"picked":"Cloak And Dagger","floor":3},{"not_picked":["Bane","Dagger Spray","Accuracy"],"picked":"SKIP","floor":4},{"not_picked":["Dash","Acrobatics"],"picked":"Adrenaline","floor":5},{"not_picked":["Predator","Flying Knee"],"picked":"Crippling Poison","floor":7},{"not_picked":["Calculated Gamble","Quick Slash"],"picked":"Blur","floor":8},{"not_picked":["Blade Dance","Caltrops"],"picked":"Bouncing Flask","floor":12}],"player_experience":1696869,"relics_obtained":[{"floor":9,"key":"Shovel"},{"floor":15,"key":"The Specimen"}],"event_choices":[{"cards_removed":["Strike_G"],"damage_healed":0,"gold_gain":0,"player_choice":"Card Removal","damage_taken":0,"max_hp_gain":0,"max_hp_loss":0,"event_name":"The Cleric","floor":2,"gold_loss":50},{"damage_healed":0,"gold_gain":75,"player_choice":"Touch","damage_taken":7,"max_hp_gain":0,"max_hp_loss":0,"event_name":"FaceTrader","floor":11,"gold_loss":0},{"damage_healed":0,"gold_gain":0,"player_choice":"Success","damage_taken":7,"relics_obtained":["Oddly Smooth Stone"],"max_hp_gain":0,"max_hp_loss":0,"event_name":"Scrap Ooze","floor":13,"gold_loss":0},{"damage_healed":17,"gold_gain":0,"player_choice":"Healed and dodged fight","damage_taken":0,"max_hp_gain":0,"max_hp_loss":0,"event_name":"Mushrooms","floor":14,"gold_loss":0,"cards_obtained":["Parasite"]}],"is_beta":false,"boss_relics":[],"items_purged_floors":[10],"is_endless":false,"potions_floor_spawned":[4,5,7,12],"killed_by":"Slime Boss","ascension_level":8}