{"gold_per_floor":[109,109,184,184,184,184,202,221,221,221,238,1,1,12,12,112,112,128,128,128,140,140],"floor_reached":22,"playtime":853,"items_purged":["Strike_B"],"score":438,"play_id":"cce5b80d-5153-42b0-93c3-83d781acee7f","local_time":"20190815222005","is_ascension_mode":true,"campfire_choices":[{"data":"Zap","floor":6,"key":"SMITH"},{"floor":10,"key":"REST"},{"data":"Loop","floor":13,"key":"SMITH"},{"floor":15,"key":"REST"}],"neow_cost":"NONE","seed_source_timestamp":0,"circlet_count":0,"master_deck":["AscendersBane","Strike_B","Defend_B","Defend_B","Defend_B","Defend_B","Zap+1","Loop+1","Echo Form","Reinforced Body","Reinforced Body","Cold Snap"],"special_seed":0,"relics":["Cracked Core","Mango","The Courier","Juzu Bracelet","Fusion Hammer"],"potions_floor_usage":[16],"damage_taken":[{"damage":4,"enemies":"Small Slimes","floor":1,"turns":4},{"damage":2,"enemies":"Jaw Worm","floor":7,"turns":5},{"damage":10,"enemies":"2 Louse","floor":8,"turns":3},{"damage":0,"enemies":"Blue Slaver","floor":11,"turns":6},{"damage":45,"enemies":"Gremlin Gang","floor":14,"turns":5},{"damage":54,"enemies":"The Guardian","floor":16,"turns":12},{"damage":10,"enemies":"Shell Parasite","floor":18,"turns":6},{"damage":20,"enemies":"Spheric Guardian","floor":21,"turns":6},{"damage":39,"enemies":"3 Cultists","floor":22,"turns":4}],"seed_played":"-5749800383953102276","potions_obtained":[{"floor":11,"key":"LiquidBronze"},{"floor":18,"key":"PowerPotion"},{"floor":21,"key":"SkillPotion"}],"is_trial":false,"path_per_floor":["M","?","?","?","T","R","M","M","T","R","M","$","R","M","R","B",null,"M","?","?","M","M"],"character_chosen":"DEFECT","items_purchased":["Juzu Bracelet","Loop"],"campfire_rested":2,"item_purchase_floors":[12,12],"current_hp_per_floor":[64,64,53,53,67,67,65,55,55,81,81,81,81,36,62,8,69,59,59,59,39,0],"gold":140,"neow_bonus":"TRANSFORM_CARD","is_prod":false,"is_daily":false,"chose_seed":false,"campfire_upgraded":2,"win_rate":0,"timestamp":1565925605,"path_taken":["M","?","?","?","?","R","?","M","T","R","M","$","R","M","R","BOSS","M","?","?","M","M"],"build_version":"2019-07-17","purchased_purges":1,"victory":false,"max_hp_per_floor":[75,75,75,75,89,89,89,89,89,89,89,89,89,89,89,89,89,89,89,89,89,89],"card_choices":[{"not_picked":["Compile Driver","Streamline","Turbo"],"picked":"SKIP","floor":1},{"not_picked":["Aggregate","Hologram","Barrage"],"picked":"SKIP","floor":7},{"not_picked":["Compile Driver","Turbo","Redo"],"picked":"SKIP","floor":8},{"not_picked":["Melter","Hologram","Hyperbeam"],"picked":"SKIP","floor":11},{"not_picked":["White Noise","Darkness","Heatsinks"],"picked":"SKIP","floor":14},{"not_picked":["Meteor Strike","Fission"],"picked":"Echo Form","floor":16},{"not_picked":["Steam","Static Discharge"],"picked":"Reinforced Body","floor":18},{"not_picked":["Turbo","Heatsinks"],"picked":"Cold Snap","floor":21}],"player_experience":2834276,"relics_obtained":[{"floor":5,"key":"Mango"},{"floor":9,"key":"The Courier"}],"event_choices":[{"damage_healed":0,"gold_gain":0,"player_choice":"Ignored","damage_taken":0,"max_hp_gain":0,"max_hp_loss":0,"event_name":"Liars Game","floor":2,"gold_loss":0},{"damage_healed":0,"gold_gain":75,"player_choice":"Gather Gold","damage_taken":11,"max_hp_gain":0,"max_hp_loss":0,"event_name":"World of Goop","floor":3,"gold_loss":0},{"cards_removed":["Strike_B"],"damage_healed":0,"gold_gain":0,"player_choice":"Forget","damage_taken":0,"max_hp_gain":0,"max_hp_loss":0,"event_name":"Living Wall","floor":4,"gold_loss":0},{"damage_healed":0,"gold_gain":0,"cards_transformed":["Strike_B"],"player_choice":"Transformed","damage_taken":0,"max_hp_gain":0,"max_hp_loss":0,"event_name":"Transmorgrifier","floor":19,"gold_loss":0,"cards_obtained":["Reinforced Body"]},{"damage_healed":0,"gold_gain":0,"player_choice":"Bought 0 Potions","damage_taken":0,"max_hp_gain":0,"max_hp_loss":0,"event_name":"The Woman in Blue","floor":20,"gold_loss":0}],"is_beta":false,"boss_relics":[{"not_picked":["Coffee Dripper","Snecko Eye"],"picked":"Fusion Hammer"}],"items_purged_floors":[12],"is_endless":false,"potions_floor_spawned":[11,18,21],"killed_by":"3 Cultists","ascension_level":12}