{"gold_per_floor":[99,99,24,24,24,24,24,24,24,24,24,24,24,0,0,0],"floor_reached":16,"playtime":690,"items_purged":["Defend_G"],"score":90,"play_id":"98dc6d43-32e9-4fcb-96a8-683995f7c093","local_time":"20181110145244","is_ascension_mode":false,"campfire_choices":[{"data":"Neutralize","floor":6,"key":"SMITH"},{"data":"Survivor","floor":10,"key":"SMITH"},{"data":"Strike_G","floor":12,"key":"SMITH"},{"data":"After Image","floor":15,"key":"SMITH"}],"neow_cost":"NONE","seed_source_timestamp":2734025408231541,"circlet_count":0,"master_deck":["Defend_G","Defend_G","Defend_G","Strike_G","Strike_G","Strike_G","Strike_G","Strike_G+1","Survivor+1","Neutralize+1","After Image+1"],"relics":["Ectoplasm","Paper Crane","Gambling Chip"],"potions_floor_usage":[16],"damage_taken":[{"damage":0,"enemies":"2 Louse","floor":1,"turns":3},{"damage":0,"enemies":"Cultist","floor":4,"turns":5},{"damage":0,"enemies":"Small Slimes","floor":8,"turns":3},{"damage":12,"enemies":"Exordium Wildlife","floor":11,"turns":8},{"damage":5,"enemies":"Looter","floor":14,"turns":4},{"damage":54,"enemies":"Hexaghost","floor":16,"turns":14}],"seed_played":"4341551902468349228","potions_obtained":[{"floor":14,"key":"GamblersBrew"}],"is_trial":false,"path_per_floor":["M","?","$","M","?","R","T","M","T","R","M","R","?","M","R","B"],"character_chosen":"THE_SILENT","items_purchased":[],"campfire_rested":0,"item_purchase_floors":[],"current_hp_per_floor":[70,70,70,70,70,70,70,70,70,70,58,58,58,53,53,0],"gold":0,"neow_bonus":"BOSS_RELIC","is_prod":false,"is_daily":false,"chose_seed":false,"campfire_upgraded":4,"win_rate":0.0,"timestamp":1541883164,"path_taken":["M","?","$","?","?","R","?","M","T","R","M","R","?","?","R","BOSS"],"build_version":"2018-11-08","purchased_purges":1,"victory":false,"max_hp_per_floor":[70,70,70,70,70,70,70,70,70,70,70,70,70,70,70,70],"card_choices":[{"not_picked":["Backflip","Outmaneuver","Escape Plan"],"picked":"SKIP","floor":1},{"not_picked":["Dagger Spray","Escape Plan","Underhanded Strike"],"picked":"SKIP","floor":4},{"not_picked":["Blade Dance","Dagger Throw","Prepared"],"picked":"SKIP","floor":8},{"not_picked":["Deflect","Deadly Poison","Poisoned Stab"],"picked":"SKIP","floor":11},{"not_picked":["Distraction","Predator"],"picked":"After Image","floor":14}],"player_experience":66995,"relics_obtained":[{"floor":7,"key":"Paper Crane"},{"floor":9,"key":"Gambling Chip"}],"event_choices":[{"damage_healed":0,"gold_gain":0,"player_choice":"0 cards matched","damage_taken":0,"max_hp_gain":0,"max_hp_loss":0,"event_name":"Match and Keep!","floor":2,"gold_loss":0,"cards_obtained":[]},{"damage_healed":0,"gold_gain":0,"player_choice":"Ignored","damage_taken":0,"max_hp_gain":0,"max_hp_loss":0,"event_name":"Liars Game","floor":5,"gold_loss":0},{"cards_removed":["Defend_G"],"damage_healed":0,"gold_gain":0,"player_choice":"Purged","damage_taken":0,"max_hp_gain":0,"max_hp_loss":0,"event_name":"Purifier","floor":13,"gold_loss":0}],"is_beta":false,"boss_relics":[],"items_purged_floors":[3],"is_endless":false,"potions_floor_spawned":[14],"killed_by":"Hexaghost","ascension_level":0}