{"gold_per_floor":[117,135,148,148,148,148,168,189,189,189,224,224,264,280,280,403,403,426,26,44,58,83,83,122,122,147,147,162,162,0,0,0,125,125,146,169,244,244,269,269,289,289,289,327,340,361,384,3,3,3],"floor_reached":51,"playtime":4242,"items_purged":[],"score":738,"play_id":"309b8a9b-239f-44ed-a8f4-c32c0ad16212","local_time":"20190828232027","is_ascension_mode":false,"campfire_choices":[{"data":"Neutralize","floor":6,"key":"SMITH"},{"data":"Cloak And Dagger","floor":10,"key":"SMITH"},{"data":"Accuracy","floor":12,"key":"SMITH"},{"floor":15,"key":"REST"},{"floor":23,"key":"REST"},{"data":"Noxious Fumes","floor":25,"key":"SMITH"},{"floor":27,"key":"REST"},{"data":"Cloak And Dagger","floor":32,"key":"SMITH"},{"floor":40,"key":"RECALL"},{"data":"Footwork","floor":42,"key":"SMITH"},{"floor":49,"key":"REST"}],"neow_cost":"NONE","seed_source_timestamp":222572847264216,"circlet_count":0,"master_deck":["Strike_G","Strike_G","Strike_G","Strike_G","Strike_G","Defend_G","Defend_G","Defend_G","Defend_G","Defend_G","Survivor","Neutralize+1","Accuracy+1","Dagger Spray","Cloak And Dagger+1","Accuracy","Well Laid Plans","Blur","Cloak And Dagger+1","Adrenaline","Slice+1","Footwork+1","Noxious Fumes+1","Backflip+1","PiercingWail+1","Escape Plan+1","Corpse Explosion+1","Backflip+1","Caltrops","Decay","Calculated Gamble+1","Cloak And Dagger+1","Parasite","Adrenaline+1","Backflip+1","Terror+1","Dark Shackles+1","Calculated Gamble+1"],"relics":["Ring of the Snake","Golden Idol","Paper Crane","Pen Nib","Thread and Needle","WristBlade","Toxic Egg 2","Bag of Preparation","Question Card","Regal Pillow","Cursed Key","Ninja Scroll","Mummified Hand","Kunai"],"potions_floor_usage":[8,11,22,29,33,44,45,50],"damage_taken":[{"damage":2,"enemies":"2 Louse","floor":1,"turns":3},{"damage":2,"enemies":"Small Slimes","floor":2,"turns":5},{"damage":6,"enemies":"Jaw Worm","floor":3,"turns":6},{"damage":6,"enemies":"Gremlin Gang","floor":7,"turns":3},{"damage":7,"enemies":"Exordium Thugs","floor":8,"turns":5},{"damage":4,"enemies":"Lagavulin","floor":11,"turns":7},{"damage":15,"enemies":"3 Sentries","floor":13,"turns":9},{"damage":0,"enemies":"Exordium Wildlife","floor":14,"turns":5},{"damage":20,"enemies":"Slime Boss","floor":16,"turns":13},{"damage":21,"enemies":"Spheric Guardian","floor":18,"turns":7},{"damage":0,"enemies":"2 Thieves","floor":20,"turns":5},{"damage":14,"enemies":"Snake Plant","floor":21,"turns":4},{"damage":0,"enemies":"Centurion and Healer","floor":22,"turns":5},{"damage":19,"enemies":"Book of Stabbing","floor":24,"turns":7},{"damage":0,"enemies":"Chosen and Byrds","floor":28,"turns":5},{"damage":0,"enemies":"Snecko","floor":29,"turns":4},{"damage":0,"enemies":"Champ","floor":33,"turns":12},{"damage":22,"enemies":"3 Darklings","floor":35,"turns":3},{"damage":0,"enemies":"Orb Walker","floor":36,"turns":3},{"damage":0,"enemies":"4 Shapes","floor":39,"turns":2},{"damage":0,"enemies":"Sphere and 2 Shapes","floor":41,"turns":3},{"damage":17,"enemies":"Giant Head","floor":44,"turns":9},{"damage":12,"enemies":"Transient","floor":45,"turns":5},{"damage":0,"enemies":"3 Darklings","floor":46,"turns":2},{"damage":18,"enemies":"Writhing Mass","floor":47,"turns":6},{"damage":39,"enemies":"Time Eater","floor":50,"turns":11}],"seed_played":"-2381577219740354984","potions_obtained":[{"floor":1,"key":"Dexterity Potion"},{"floor":2,"key":"FearPotion"},{"floor":7,"key":"Block Potion"},{"floor":8,"key":"SmokeBomb"},{"floor":21,"key":"Explosive Potion"},{"floor":22,"key":"FairyPotion"},{"floor":36,"key":"SkillPotion"},{"floor":44,"key":"GamblersBrew"},{"floor":46,"key":"GamblersBrew"}],"is_trial":false,"path_per_floor":["M","M","M","?","?","R","M","M","T","R","E","R","E","M","R","B",null,"M","$","M","M","M","R","E","R","T","R","M","M","?","?","R","B",null,"M","M","T","?","M","R","M","R","T","E","M","M","M","$","R","B",null],"character_chosen":"THE_SILENT","items_purchased":["Toxic Egg 2","Bag of Preparation","Kunai","Dark Shackles+1","Calculated Gamble+1"],"campfire_rested":4,"item_purchase_floors":[19,19,48,48,48],"current_hp_per_floor":[75,73,67,67,67,67,61,54,54,54,50,50,35,35,56,36,71,50,50,50,36,36,57,38,38,38,71,71,71,71,71,71,71,71,49,49,49,49,49,49,49,49,49,32,20,20,2,2,38,7],"gold":3,"neow_bonus":"TEN_PERCENT_HP_BONUS","is_prod":false,"is_daily":false,"chose_seed":false,"campfire_upgraded":6,"win_rate":0,"timestamp":1567030827,"path_taken":["M","M","M","?","?","R","M","M","T","R","E","R","E","M","R","BOSS","M","$","M","M","M","R","E","R","T","R","M","M","?","?","R","BOSS","M","?","?","?","M","R","M","R","T","E","M","M","?","$","R","BOSS"],"build_version":"2019-07-17","purchased_purges":0,"victory":true,"max_hp_per_floor":[77,77,77,71,71,71,71,71,71,71,71,71,71,71,71,71,71,71,71,71,71,71,71,71,71,71,71,71,71,71,71,71,71,71,71,71,71,71,71,71,71,71,71,71,71,71,71,71,71,71],"card_choices":[{"not_picked":["Riddle With Holes","Finisher"],"picked":"Accuracy","floor":1},{"not_picked":["Endless Agony","Underhanded Strike"],"picked":"Dagger Spray","floor":2},{"not_picked":["Poisoned Stab","Quick Slash"],"picked":"Cloak And Dagger","floor":3},{"not_picked":["Backflip","Expertise"],"picked":"Accuracy","floor":7},{"not_picked":["Backflip","Crippling Poison"],"picked":"Well Laid Plans","floor":8},{"not_picked":["Quick Slash","Slice"],"picked":"Blur","floor":11},{"not_picked":["PiercingWail","Prepared"],"picked":"Expertise","floor":13},{"not_picked":["Outmaneuver","Bane"],"picked":"Cloak And Dagger","floor":14},{"not_picked":["After Image","Venomology"],"picked":"Adrenaline","floor":16},{"not_picked":["Sucker Punch+1","Dodge and Roll+1"],"picked":"Slice+1","floor":18},{"not_picked":["Slice","PiercingWail+1"],"picked":"Footwork","floor":20},{"not_picked":["Bane","Deflect+1"],"picked":"Noxious Fumes","floor":21},{"not_picked":["Choke+1","Bouncing Flask+1"],"picked":"Backflip+1","floor":22},{"not_picked":["Expertise+1","Sucker Punch"],"picked":"PiercingWail+1","floor":24},{"not_picked":["Reflex+1","Dagger Throw","Sucker Punch"],"picked":"Escape Plan+1","floor":28},{"not_picked":["Phantasmal Killer+1","Envenom","Unload"],"picked":"Corpse Explosion+1","floor":33},{"not_picked":["Heel Hook","Accuracy+1","Underhanded Strike+1"],"picked":"Backflip+1","floor":35},{"not_picked":["Riddle With Holes+1","Deflect+1","Reflex+1"],"picked":"Caltrops","floor":36},{"not_picked":["Leg Sweep+1","Endless Agony+1","Slice+1"],"picked":"Calculated Gamble+1","floor":39},{"not_picked":["PiercingWail+1","Skewer","Bane"],"picked":"Cloak And Dagger+1","floor":41},{"not_picked":["Riddle With Holes+1","Dagger Spray","Expertise+1"],"picked":"Adrenaline+1","floor":44},{"not_picked":["Dash+1","Accuracy","All Out Attack+1"],"picked":"Backflip+1","floor":45},{"not_picked":["Sucker Punch","Expertise+1","All Out Attack+1","Quick Slash+1"],"picked":"SKIP","floor":46},{"not_picked":["Quick Slash+1","Dagger Spray","Cloak And Dagger+1"],"picked":"Terror+1","floor":47}],"player_experience":61417,"relics_obtained":[{"floor":9,"key":"Paper Crane"},{"floor":11,"key":"Pen Nib"},{"floor":13,"key":"Thread and Needle"},{"floor":24,"key":"Question Card"},{"floor":26,"key":"Regal Pillow"},{"floor":37,"key":"Ninja Scroll"},{"floor":44,"key":"Mummified Hand"}],"event_choices":[{"damage_healed":0,"gold_gain":0,"player_choice":"Lose Max HP","damage_taken":0,"relics_obtained":["Golden Idol"],"max_hp_gain":0,"max_hp_loss":6,"event_name":"Golden Idol","floor":4,"gold_loss":0},{"damage_healed":0,"gold_gain":0,"player_choice":"Ignored","damage_taken":0,"max_hp_gain":0,"max_hp_loss":0,"event_name":"Liars Game","floor":5,"gold_loss":0},{"damage_healed":0,"gold_gain":0,"player_choice":"Paid Fearfully","damage_taken":0,"max_hp_gain":0,"max_hp_loss":0,"event_name":"Masked Bandits","floor":30,"gold_loss":162},{"cards_removed":["Expertise"],"damage_healed":0,"gold_gain":0,"player_choice":"Offered Uncommon","damage_taken":0,"max_hp_gain":0,"max_hp_loss":0,"event_name":"Bonfire Elementals","floor":31,"gold_loss":0},{"damage_healed":0,"gold_gain":0,"player_choice":"Ignored","damage_taken":0,"max_hp_gain":0,"max_hp_loss":0,"event_name":"NoteForYourself","floor":38,"gold_loss":0}],"is_beta":false,"boss_relics":[{"not_picked":["Calling Bell","White Beast Statue"],"picked":"WristBlade"},{"not_picked":["Astrolabe","Empty Cage"],"picked":"Cursed Key"}],"items_purged_floors":[],"is_endless":false,"potions_floor_spawned":[1,2,7,8,21,22,29,36,44,46],"ascension_level":0}