{"gold_per_floor":[115,115,127,144,162,162,162,162,186,186,15,15,30,30,30,128,128,147,164,89,89,102,102,102],"floor_reached":24,"playtime":845,"items_purged":["Strike_R"],"score":270,"play_id":"d534253a-c9bd-4601-9666-cbefac4266c7","local_time":"20190701112606","is_ascension_mode":true,"campfire_choices":[{"floor":6,"key":"REST"},{"floor":8,"key":"REST"},{"floor":10,"key":"REST"},{"data":"Shrug It Off","floor":15,"key":"SMITH"},{"data":"Barricade","floor":23,"key":"SMITH"}],"neow_cost":"NONE","seed_source_timestamp":462477046086730,"circlet_count":0,"master_deck":["Strike_R","Strike_R","Strike_R","Strike_R+1","Defend_R","Defend_R","Defend_R","Defend_R","Bash+1","Shrug It Off+1","The Bomb+1","Barricade+1"],"relics":["Burning Blood","NeowsBlessing","Anchor","Coffee Dripper"],"potions_floor_usage":[4,16,24,24],"damage_taken":[{"damage":0,"enemies":"Jaw Worm","floor":1,"turns":1},{"damage":0,"enemies":"Small Slimes","floor":3,"turns":1},{"damage":0,"enemies":"2 Louse","floor":4,"turns":1},{"damage":69,"enemies":"Exordium Thugs","floor":5,"turns":14},{"damage":9,"enemies":"Exordium Wildlife","floor":13,"turns":3},{"damage":27,"enemies":"Slime Boss","floor":16,"turns":5},{"damage":22,"enemies":"3 Byrds","floor":18,"turns":5},{"damage":21,"enemies":"Shell Parasite","floor":19,"turns":9},{"damage":19,"enemies":"Snake Plant","floor":22,"turns":6},{"damage":46,"enemies":"Book of Stabbing","floor":24,"turns":7}],"seed_played":"5223911013861635425","potions_obtained":[{"floor":4,"key":"Fruit Juice"},{"floor":5,"key":"SteroidPotion"},{"floor":16,"key":"Ancient Potion"},{"floor":19,"key":"SkillPotion"},{"floor":22,"key":"Explosive Potion"}],"is_trial":false,"path_per_floor":["M","?","M","M","M","R","?","R","T","R","$","?","M","$","R","B",null,"M","M","$","?","M","R","E"],"character_chosen":"IRONCLAD","items_purchased":["The Bomb"],"campfire_rested":3,"item_purchase_floors":[11],"current_hp_per_floor":[78,83,85,90,27,54,36,63,63,90,90,90,87,87,87,66,84,68,53,53,53,40,40,0],"gold":102,"neow_bonus":"THREE_ENEMY_KILL","is_prod":false,"is_daily":false,"chose_seed":false,"campfire_upgraded":2,"win_rate":0,"timestamp":1561998366,"path_taken":["M","?","M","M","M","R","?","R","T","R","$","?","?","?","R","BOSS","M","M","$","?","M","R","E"],"build_version":"2019-01-23","purchased_purges":1,"victory":false,"max_hp_per_floor":[80,85,85,90,90,90,90,90,90,90,90,90,90,90,90,90,90,90,90,90,90,90,90,90],"card_choices":[{"not_picked":["Clothesline","Sword Boomerang","Armaments"],"picked":"SKIP","floor":1},{"not_picked":["Power Through","Disarm"],"picked":"Shrug It Off","floor":3},{"not_picked":["Clash","Blood for Blood","Armaments"],"picked":"SKIP","floor":4},{"not_picked":["Perfected Strike","Havoc","Twin Strike"],"picked":"SKIP","floor":5},{"not_picked":["Anger","Cleave","Thunderclap"],"picked":"SKIP","floor":13},{"not_picked":["Fiend Fire","Dark Embrace"],"picked":"Barricade","floor":16},{"not_picked":["Heavy Blade","Cleave","True Grit"],"picked":"SKIP","floor":18},{"not_picked":["Corruption","Thunderclap+1","True Grit"],"picked":"SKIP","floor":19},{"not_picked":["Clash","Iron Wave","Perfected Strike+1"],"picked":"SKIP","floor":22}],"player_experience":2071755,"relics_obtained":[{"floor":9,"key":"Anchor"}],"event_choices":[{"damage_healed":0,"gold_gain":0,"player_choice":"Donut","damage_taken":0,"max_hp_gain":5,"max_hp_loss":0,"event_name":"Big Fish","floor":2,"gold_loss":0},{"damage_healed":0,"gold_gain":0,"player_choice":"Entered Light","damage_taken":18,"max_hp_gain":0,"max_hp_loss":0,"event_name":"Shining Light","floor":7,"gold_loss":0,"cards_upgraded":["Bash","Strike_R"]},{"damage_healed":0,"gold_gain":0,"player_choice":"Upgraded","damage_taken":0,"max_hp_gain":0,"max_hp_loss":0,"event_name":"Upgrade Shrine","floor":12,"gold_loss":0,"cards_upgraded":["The Bomb"]},{"damage_healed":0,"gold_gain":0,"player_choice":"Ignored","damage_taken":0,"max_hp_gain":0,"max_hp_loss":0,"event_name":"Ghosts","floor":21,"gold_loss":0}],"is_beta":false,"boss_relics":[{"not_picked":["Black Star","Fusion Hammer"],"picked":"Coffee Dripper"}],"items_purged_floors":[20],"is_endless":false,"potions_floor_spawned":[4,5,16,19,22],"killed_by":"Book of Stabbing","ascension_level":9}