{"gold_per_floor":[214,231,250,106,125,139,139,155,181,194,205,79,79,93,93,196,196,208,208,225,62,73,105,105,105,105,105,105,58,76,76,76,76],"floor_reached":33,"playtime":3401,"items_purged":["Dualcast","Strike_B","Strike_B"],"score":365,"play_id":"4623bba9-96fe-4316-8267-f2d74cf88c4b","local_time":"20190514230204","is_ascension_mode":true,"campfire_choices":[{"floor":13,"key":"REST"},{"floor":15,"key":"REST"},{"floor":24,"key":"REST"},{"floor":28,"key":"REST"},{"data":"Zap","floor":32,"key":"SMITH"}],"neow_cost":"NONE","seed_source_timestamp":925037546479126,"circlet_count":0,"master_deck":["Defend_B","Defend_B","Defend_B","Defend_B","Zap+1","Glacier","Glacier","Cold Snap","Defragment","Conserve Battery","Electrodynamics","Conserve Battery","Glacier","Core Surge","Meteor Strike","Hello World","Conserve Battery"],"relics":["Cracked Core","Lantern","Busted Crown","Cables","Question Card"],"potions_floor_usage":[16,16,33,33],"damage_taken":[{"damage":13,"enemies":"Jaw Worm","floor":1,"turns":4},{"damage":0,"enemies":"Cultist","floor":2,"turns":4},{"damage":2,"enemies":"2 Louse","floor":3,"turns":4},{"damage":12,"enemies":"2 Fungi Beasts","floor":5,"turns":6},{"damage":0,"enemies":"Blue Slaver","floor":6,"turns":5},{"damage":3,"enemies":"Large Slime","floor":8,"turns":10},{"damage":0,"enemies":"Looter","floor":10,"turns":4},{"damage":0,"enemies":"Blue Slaver","floor":11,"turns":4},{"damage":10,"enemies":"Large Slime","floor":14,"turns":7},{"damage":39,"enemies":"The Guardian","floor":16,"turns":16},{"damage":0,"enemies":"Chosen","floor":18,"turns":7},{"damage":0,"enemies":"3 Byrds","floor":20,"turns":3},{"damage":0,"enemies":"Shelled Parasite and Fungi","floor":22,"turns":22},{"damage":16,"enemies":"Slavers","floor":23,"turns":6},{"damage":8,"enemies":"Centurion and Healer","floor":30,"turns":7},{"damage":7,"enemies":"Colosseum Slavers","floor":31,"turns":5},{"damage":104,"enemies":"Collector","floor":33,"turns":21}],"seed_played":"7815414024487485377","potions_obtained":[{"floor":5,"key":"LiquidBronze"},{"floor":8,"key":"Explosive Potion"},{"floor":10,"key":"AttackPotion"},{"floor":11,"key":"SkillPotion"},{"floor":16,"key":"Strength Potion"},{"floor":22,"key":"FairyPotion"}],"is_trial":false,"path_per_floor":["M","M","M","$","M","M","?","M","T","M","M","$","R","M","R","B",null,"M","?","M","$","M","E","R","?","T","?","R","$","M","?","R","B"],"character_chosen":"DEFECT","items_purchased":["Glacier","Conserve Battery","Glacier","Conserve Battery"],"campfire_rested":4,"item_purchase_floors":[4,12,21,29],"current_hp_per_floor":[55,55,53,53,41,41,34,31,31,31,31,31,53,43,65,26,63,63,63,63,63,63,47,69,69,69,55,79,79,71,64,64,0],"gold":76,"neow_bonus":"HUNDRED_GOLD","is_prod":false,"is_daily":false,"chose_seed":false,"campfire_upgraded":1,"win_rate":0,"timestamp":1557892924,"path_taken":["M","M","M","$","M","M","?","M","T","M","M","?","R","M","R","BOSS","M","?","M","$","?","E","R","?","T","?","R","?","M","?","R","BOSS"],"build_version":"2019-01-23","purchased_purges":3,"victory":false,"max_hp_per_floor":[75,75,75,75,75,75,75,75,75,75,75,75,75,75,75,75,75,75,75,75,75,75,75,75,75,75,80,80,80,80,80,80,80],"card_choices":[{"not_picked":["Barrage","Steam","Streamline"],"picked":"SKIP","floor":1},{"not_picked":["Beam Cell","Barrage","Steam"],"picked":"SKIP","floor":2},{"not_picked":["Stack","Barrage","Melter"],"picked":"SKIP","floor":3},{"not_picked":["White Noise","Rip and Tear","Scrape"],"picked":"SKIP","floor":5},{"not_picked":["Chill","Turbo"],"picked":"Glacier","floor":6},{"not_picked":["Leap","Recycle","Streamline"],"picked":"SKIP","floor":8},{"not_picked":["Reprogram","Double Energy"],"picked":"Cold Snap","floor":10},{"not_picked":["White Noise","Stack"],"picked":"Defragment","floor":11},{"not_picked":["Sweeping Beam","Chaos","All For One"],"picked":"SKIP","floor":14},{"not_picked":["Rainbow","Machine Learning"],"picked":"Electrodynamics","floor":16},{"not_picked":[],"picked":"Conserve Battery","floor":18},{"not_picked":["Turbo"],"picked":"SKIP","floor":20},{"not_picked":["Blizzard"],"picked":"SKIP","floor":22},{"not_picked":[],"picked":"Core Surge","floor":23},{"not_picked":["Go for the Eyes","Undo"],"picked":"SKIP","floor":30}],"player_experience":1916075,"relics_obtained":[{"floor":9,"key":"Lantern"},{"floor":23,"key":"Cables"},{"floor":26,"key":"Question Card"}],"event_choices":[{"damage_healed":0,"gold_gain":0,"player_choice":"Damaged","damage_taken":7,"max_hp_gain":0,"max_hp_loss":0,"event_name":"Wheel of Change","floor":7,"gold_loss":0},{"damage_healed":0,"gold_gain":0,"player_choice":"Bought 0 Potions","damage_taken":0,"max_hp_gain":0,"max_hp_loss":0,"event_name":"The Woman in Blue","floor":19,"gold_loss":0},{"damage_healed":0,"gold_gain":0,"cards_transformed":["Strike_B","Strike_B"],"player_choice":"Became Test Subject","damage_taken":0,"max_hp_gain":0,"max_hp_loss":0,"event_name":"Drug Dealer","floor":25,"gold_loss":0,"cards_obtained":["Meteor Strike","Hello World"]},{"damage_healed":0,"gold_gain":0,"player_choice":"Shed Blood","damage_taken":19,"max_hp_gain":5,"max_hp_loss":0,"event_name":"Forgotten Altar","floor":27,"gold_loss":0},{"damage_healed":0,"gold_gain":0,"player_choice":"Fight","damage_taken":0,"max_hp_gain":0,"max_hp_loss":0,"event_name":"Colosseum","floor":31,"gold_loss":0},{"damage_healed":0,"gold_gain":0,"player_choice":"Fled From Nobs","damage_taken":0,"max_hp_gain":0,"max_hp_loss":0,"event_name":"Colosseum","floor":31,"gold_loss":0}],"is_beta":false,"boss_relics":[{"not_picked":["White Beast Statue","Cursed Key"],"picked":"Busted Crown"}],"items_purged_floors":[4,12,21],"is_endless":false,"potions_floor_spawned":[5,8,10,11,14,16,22,30,31],"killed_by":"Collector","ascension_level":8}