{"gold_per_floor":[115,115,115,125,140,140,165,176,200,125,135,146,161,161,161,161],"floor_reached":16,"playtime":649,"items_purged":["Strike_R"],"score":109,"play_id":"14b9ea56-b942-4a85-9307-fc66e5f88128","local_time":"20181110225759","is_ascension_mode":true,"campfire_choices":[{"data":"Defend_R","floor":6,"key":"SMITH"},{"floor":15,"key":"REST"}],"neow_cost":"NONE","seed_source_timestamp":2763181626881290,"circlet_count":0,"master_deck":["Strike_R","Strike_R","Strike_R","Strike_R","Defend_R","Defend_R","Defend_R","Defend_R+1"],"relics":["Busted Crown","Bag of Preparation","Potion Belt"],"potions_floor_usage":[16,16,16,16],"damage_taken":[{"damage":1,"enemies":"Cultist","floor":1,"turns":3},{"damage":2,"enemies":"Small Slimes","floor":4,"turns":4},{"damage":1,"enemies":"Jaw Worm","floor":5,"turns":4},{"damage":48,"enemies":"Lagavulin","floor":7,"turns":8},{"damage":2,"enemies":"Large Slime","floor":8,"turns":5},{"damage":9,"enemies":"Exordium Thugs","floor":11,"turns":6},{"damage":0,"enemies":"Exordium Wildlife","floor":12,"turns":3},{"damage":3,"enemies":"3 Louse","floor":13,"turns":6},{"damage":59,"enemies":"The Guardian","floor":16,"turns":11}],"seed_played":"7619155567145397143","potions_obtained":[{"floor":4,"key":"Regen Potion"},{"floor":8,"key":"Energy Potion"},{"floor":12,"key":"Ancient Potion"},{"floor":13,"key":"Dexterity Potion"}],"is_trial":false,"path_per_floor":["M","?","?","M","M","R","E","M","T","$","M","M","M","?","R","B"],"character_chosen":"IRONCLAD","items_purchased":[],"campfire_rested":1,"item_purchase_floors":[],"current_hp_per_floor":[79,79,79,77,76,76,28,26,26,26,17,17,14,19,44,0],"gold":161,"neow_bonus":"BOSS_RELIC","is_prod":false,"is_daily":false,"chose_seed":false,"campfire_upgraded":1,"win_rate":0,"timestamp":1541912279,"path_taken":["M","?","?","M","M","R","E","?","T","?","M","M","M","?","R","BOSS"],"build_version":"2018-11-08","purchased_purges":1,"victory":false,"max_hp_per_floor":[80,80,80,80,80,80,80,80,80,80,80,80,80,85,85,85],"card_choices":[{"not_picked":["Heavy Blade"],"picked":"SKIP","floor":1},{"not_picked":["Armaments"],"picked":"SKIP","floor":4},{"not_picked":["Intimidate"],"picked":"SKIP","floor":5},{"not_picked":["Corruption"],"picked":"SKIP","floor":7},{"not_picked":["Perfected Strike"],"picked":"SKIP","floor":8},{"not_picked":["Pommel Strike"],"picked":"SKIP","floor":11},{"not_picked":["Clash"],"picked":"SKIP","floor":12},{"not_picked":["Cleave"],"picked":"SKIP","floor":13}],"player_experience":95746,"relics_obtained":[{"floor":7,"key":"Bag of Preparation"},{"floor":9,"key":"Potion Belt"}],"event_choices":[{"damage_healed":0,"gold_gain":0,"player_choice":"Grow","damage_taken":0,"max_hp_gain":0,"max_hp_loss":0,"event_name":"Living Wall","floor":2,"gold_loss":0,"cards_upgraded":["Bash"]},{"cards_removed":["Bash"],"damage_healed":0,"gold_gain":0,"player_choice":"Offered Basic","damage_taken":0,"max_hp_gain":0,"max_hp_loss":0,"event_name":"Bonfire Elementals","floor":3,"gold_loss":0},{"damage_healed":0,"gold_gain":0,"player_choice":"Donut","damage_taken":0,"max_hp_gain":5,"max_hp_loss":0,"event_name":"Big Fish","floor":14,"gold_loss":0}],"is_beta":false,"boss_relics":[],"items_purged_floors":[10],"is_endless":false,"potions_floor_spawned":[4,8,12,13],"killed_by":"The Guardian","ascension_level":1}