{"gold_per_floor":[112,112,37,37,37,73,73,107,161,186,217,217,117,138,138,138],"floor_reached":16,"playtime":629,"items_purged":["Strike_G","Setup"],"score":257,"play_id":"c1536d20-4817-4d16-bd6d-260387435a25","local_time":"20190804081510","is_ascension_mode":true,"campfire_choices":[{"floor":12,"key":"REST"},{"floor":15,"key":"REST"}],"neow_cost":"NONE","seed_source_timestamp":114067111570200,"circlet_count":0,"master_deck":["AscendersBane","Strike_G","Strike_G","Strike_G","Defend_G","Defend_G","Defend_G","Defend_G","Defend_G","Survivor","Neutralize","Leg Sweep","Backflip"],"relics":["Ring of the Snake","NeowsBlessing","Golden Idol","Pen Nib","Vajra","Potion Belt"],"potions_floor_usage":[11,16,16],"damage_taken":[{"damage":0,"enemies":"Small Slimes","floor":1,"turns":1},{"damage":0,"enemies":"Lagavulin","floor":6,"turns":1},{"damage":0,"enemies":"3 Sentries","floor":8,"turns":2},{"damage":0,"enemies":"Jaw Worm","floor":10,"turns":5},{"damage":47,"enemies":"Lagavulin","floor":11,"turns":12},{"damage":0,"enemies":"2 Louse","floor":14,"turns":5},{"damage":51,"enemies":"Slime Boss","floor":16,"turns":15}],"seed_played":"-3631671267203578998","potions_obtained":[{"floor":6,"key":"SpeedPotion"},{"floor":10,"key":"Explosive Potion"},{"floor":11,"key":"EssenceOfSteel"}],"is_trial":false,"path_per_floor":["M","?","$","?","$","E","?","E","T","M","E","R","$","M","R","B"],"character_chosen":"THE_SILENT","items_purchased":[],"campfire_rested":2,"item_purchase_floors":[],"current_hp_per_floor":[63,68,68,50,50,50,50,50,50,50,3,25,25,25,47,0],"gold":138,"neow_bonus":"THREE_ENEMY_KILL","is_prod":false,"is_daily":false,"chose_seed":false,"campfire_upgraded":0,"win_rate":0,"timestamp":1564924510,"path_taken":["M","?","$","?","$","E","?","E","T","?","E","R","?","M","R","BOSS"],"build_version":"2019-07-17","purchased_purges":2,"victory":false,"max_hp_per_floor":[70,75,75,75,75,75,75,75,75,75,75,75,75,75,75,75],"card_choices":[{"not_picked":["Bane","Flying Knee","Endless Agony"],"picked":"SKIP","floor":1},{"not_picked":["Concentrate","Predator"],"picked":"Leg Sweep","floor":6},{"not_picked":["Deflect","Reflex","All Out Attack"],"picked":"SKIP","floor":8},{"not_picked":["Dodge and Roll","Prepared","Blade Dance"],"picked":"SKIP","floor":10},{"not_picked":["Backstab","Poisoned Stab"],"picked":"Backflip","floor":11},{"not_picked":["Infinite Blades","Outmaneuver","Dagger Throw"],"picked":"SKIP","floor":14}],"player_experience":2661137,"relics_obtained":[{"floor":6,"key":"Pen Nib"},{"floor":8,"key":"Vajra"},{"floor":11,"key":"Potion Belt"}],"event_choices":[{"damage_healed":0,"gold_gain":0,"player_choice":"Donut","damage_taken":0,"max_hp_gain":5,"max_hp_loss":0,"event_name":"Big Fish","floor":2,"gold_loss":0},{"damage_healed":0,"gold_gain":0,"player_choice":"Take Damage","damage_taken":18,"relics_obtained":["Golden Idol"],"max_hp_gain":0,"max_hp_loss":0,"event_name":"Golden Idol","floor":4,"gold_loss":0},{"damage_healed":0,"gold_gain":0,"cards_transformed":["Strike_G"],"player_choice":"Transformed","damage_taken":0,"max_hp_gain":0,"max_hp_loss":0,"event_name":"Transmorgrifier","floor":7,"gold_loss":0,"cards_obtained":["Setup"]}],"is_beta":false,"boss_relics":[],"items_purged_floors":[3,13],"is_endless":false,"potions_floor_spawned":[6,10,11],"killed_by":"Slime Boss","ascension_level":11}