{"gold_per_floor":[113,5,20,20,38,68,68,168,168,185,185,185,201,221,221,320,320,332,332],"floor_reached":19,"playtime":1091,"items_purged":["Strike_B"],"score":228,"play_id":"938a9af8-831e-49ce-a1d2-17ada1f0b1ee","local_time":"20190303094913","is_ascension_mode":true,"campfire_choices":[{"floor":7,"key":"REST"},{"floor":11,"key":"REST"},{"floor":15,"key":"REST"}],"neow_cost":"NONE","seed_source_timestamp":1596145289355695,"circlet_count":0,"master_deck":["Strike_B","Strike_B","Defend_B","Defend_B","Defend_B","Defend_B","Zap","Defragment","White Noise","Defragment","Ball Lightning","White Noise","Seek","Capacitor"],"relics":["Cracked Core","Letter Opener","Pear","Cables","Inserter"],"potions_floor_usage":[6,16],"damage_taken":[{"damage":0,"enemies":"Small Slimes","floor":1,"turns":3},{"damage":9,"enemies":"2 Louse","floor":3,"turns":4},{"damage":0,"enemies":"Cultist","floor":5,"turns":5},{"damage":35,"enemies":"3 Sentries","floor":6,"turns":9},{"damage":13,"enemies":"Large Slime","floor":10,"turns":4},{"damage":20,"enemies":"Gremlin Gang","floor":13,"turns":4},{"damage":21,"enemies":"Exordium Wildlife","floor":14,"turns":4},{"damage":16,"enemies":"The Guardian","floor":16,"turns":9},{"damage":21,"enemies":"Shell Parasite","floor":18,"turns":8},{"damage":80,"enemies":"Masked Bandits","floor":19,"turns":3}],"seed_played":"-9121771451178665263","potions_obtained":[{"floor":1,"key":"SpeedPotion"},{"floor":6,"key":"FairyPotion"},{"floor":14,"key":"SkillPotion"}],"is_trial":false,"path_per_floor":["M","$","M","?","M","E","R","?","T","M","R","?","M","M","R","B",null,"M","?"],"character_chosen":"DEFECT","items_purchased":["Defragment"],"campfire_rested":3,"item_purchase_floors":[2],"current_hp_per_floor":[68,68,59,47,47,22,47,47,47,34,59,59,39,18,43,27,71,50,0],"gold":332,"neow_bonus":"REMOVE_CARD","is_prod":false,"is_daily":false,"chose_seed":false,"campfire_upgraded":0,"win_rate":0,"timestamp":1551628153,"path_taken":["M","$","M","?","M","E","R","?","T","?","R","?","M","?","R","BOSS","M","?"],"build_version":"2019-01-23","purchased_purges":1,"victory":false,"max_hp_per_floor":[75,75,75,75,75,85,85,85,85,85,85,85,85,85,85,85,85,85,85],"card_choices":[{"not_picked":["Force Field","Reinforced Body","Stack"],"picked":"SKIP","floor":1},{"not_picked":["Gash","Recycle"],"picked":"White Noise","floor":3},{"not_picked":["Heatsinks","Ball Lightning","Streamline"],"picked":"SKIP","floor":5},{"not_picked":["Steam","Chill"],"picked":"Defragment","floor":6},{"not_picked":["Rainbow","Turbo","Self Repair"],"picked":"SKIP","floor":10},{"not_picked":["Streamline","Conserve Battery"],"picked":"White Noise","floor":13},{"not_picked":["Doom and Gloom","Compile Driver","Conserve Battery"],"picked":"SKIP","floor":14},{"not_picked":["Thunder Strike","All For One"],"picked":"Seek","floor":16},{"not_picked":["Static Discharge","Leap+1"],"picked":"Capacitor","floor":18}],"player_experience":1577625,"relics_obtained":[{"floor":6,"key":"Pear"},{"floor":9,"key":"Cables"}],"event_choices":[{"damage_healed":0,"gold_gain":0,"player_choice":"Success","damage_taken":12,"relics_obtained":["Letter Opener"],"max_hp_gain":0,"max_hp_loss":0,"event_name":"Scrap Ooze","floor":4,"gold_loss":0},{"damage_healed":0,"gold_gain":100,"player_choice":"Pray","damage_taken":0,"max_hp_gain":0,"max_hp_loss":0,"event_name":"Golden Shrine","floor":8,"gold_loss":0},{"damage_healed":0,"gold_gain":0,"cards_transformed":["Strike_B"],"player_choice":"Transformed","damage_taken":0,"max_hp_gain":0,"max_hp_loss":0,"event_name":"Transmorgrifier","floor":12,"gold_loss":0,"cards_obtained":["Ball Lightning"]},{"damage_healed":0,"gold_gain":0,"player_choice":"Fought Bandits","damage_taken":0,"max_hp_gain":0,"max_hp_loss":0,"event_name":"Masked Bandits","floor":19,"gold_loss":0}],"is_beta":false,"boss_relics":[{"not_picked":["Ectoplasm","Nuclear Battery"],"picked":"Inserter"}],"items_purged_floors":[2],"is_endless":false,"potions_floor_spawned":[1,6,14],"killed_by":"Masked Bandits","ascension_level":7}