{"gold_per_floor":[115,128,141,151,151,151,168,178,205,53,53,71,84,184,184,280,280,220,237,237,257,157,157,72,102,102,112,131,141,158,178,178,178],"floor_reached":33,"playtime":34979,"items_purged":["Strike_G","Strike_G"],"score":392,"play_id":"ca25b41e-31b2-48a3-abdc-524c5fda6066","local_time":"20190810003437","is_ascension_mode":true,"campfire_choices":[{"data":"Survivor","floor":6,"key":"SMITH"},{"floor":11,"key":"REST"},{"floor":15,"key":"REST"},{"floor":23,"key":"REST"},{"floor":32,"key":"REST"}],"neow_cost":"NONE","seed_source_timestamp":570845787902800,"circlet_count":0,"master_deck":["AscendersBane","Strike_G","Strike_G","Defend_G","Defend_G","Defend_G","Defend_G","Defend_G","Survivor+1","Neutralize","Crippling Poison","Deadly Poison","Deadly Poison","After Image","Footwork","Backflip","Leg Sweep","After Image","Backflip","Footwork","Bullet Time"],"relics":["Ring of the Snake","NeowsBlessing","MawBank","Runic Pyramid","Tingsha","Tiny Chest","Ninja Scroll"],"potions_floor_usage":[16,16,16,31,33],"damage_taken":[{"damage":0,"enemies":"2 Louse","floor":1,"turns":1},{"damage":0,"enemies":"Small Slimes","floor":2,"turns":1},{"damage":0,"enemies":"Cultist","floor":3,"turns":1},{"damage":3,"enemies":"Blue Slaver","floor":4,"turns":6},{"damage":8,"enemies":"2 Fungi Beasts","floor":7,"turns":5},{"damage":6,"enemies":"Exordium Wildlife","floor":8,"turns":5},{"damage":18,"enemies":"Lots of Slimes","floor":12,"turns":3},{"damage":8,"enemies":"2 Fungi Beasts","floor":13,"turns":5},{"damage":64,"enemies":"Slime Boss","floor":16,"turns":32},{"damage":6,"enemies":"2 Thieves","floor":18,"turns":4},{"damage":0,"enemies":"Spheric Guardian","floor":19,"turns":7},{"damage":5,"enemies":"Snecko","floor":21,"turns":11},{"damage":1,"enemies":"Snake Plant","floor":27,"turns":7},{"damage":1,"enemies":"Centurion and Healer","floor":28,"turns":15},{"damage":0,"enemies":"Snecko","floor":29,"turns":8},{"damage":74,"enemies":"3 Cultists","floor":30,"turns":9},{"damage":1,"enemies":"Snake Plant","floor":31,"turns":7},{"damage":29,"enemies":"Automaton","floor":33,"turns":6}],"seed_played":"-382073388252010705","potions_obtained":[{"floor":7,"key":"EntropicBrew"},{"floor":8,"key":"AttackPotion"},{"floor":12,"key":"Regen Potion"},{"floor":16,"key":"Poison Potion"},{"floor":30,"key":"Block Potion"}],"is_trial":false,"path_per_floor":["M","M","M","M","?","R","M","M","T","$","R","M","M","?","R","B",null,"M","M","?","M","$","R","?","?","T","M","M","M","M","M","R","B"],"character_chosen":"THE_SILENT","items_purchased":["Footwork","Backflip"],"campfire_rested":4,"item_purchase_floors":[10,10],"current_hp_per_floor":[63,63,63,60,60,60,52,46,46,46,67,49,41,41,62,13,56,50,50,50,45,45,66,66,66,66,65,64,64,7,6,27,0],"gold":178,"neow_bonus":"THREE_ENEMY_KILL","is_prod":false,"is_daily":false,"chose_seed":false,"campfire_upgraded":1,"win_rate":0,"timestamp":1565415277,"path_taken":["M","M","M","M","?","R","M","M","T","$","R","M","M","?","R","BOSS","M","M","?","M","$","R","?","?","T","M","M","?","M","M","R","BOSS"],"build_version":"2019-07-17","purchased_purges":2,"victory":false,"max_hp_per_floor":[70,70,70,70,70,70,70,70,70,70,70,70,70,70,70,70,70,70,70,70,70,70,70,70,70,70,70,70,70,70,70,70,70],"card_choices":[{"not_picked":["Dagger Throw","Underhanded Strike","Acrobatics"],"picked":"SKIP","floor":1},{"not_picked":["Tactician","Eviscerate"],"picked":"Crippling Poison","floor":2},{"not_picked":["Riddle With Holes","Tactician"],"picked":"Deadly Poison","floor":3},{"not_picked":["Dagger Spray","Bane"],"picked":"Deadly Poison","floor":4},{"not_picked":["Infinite Blades","Outmaneuver","Flying Knee"],"picked":"SKIP","floor":7},{"not_picked":["Caltrops","Skewer"],"picked":"After Image","floor":8},{"not_picked":["Sucker Punch","Calculated Gamble"],"picked":"Leg Sweep","floor":12},{"not_picked":["Blade Dance","Deflect","Dash"],"picked":"SKIP","floor":13},{"not_picked":["Envenom","Malaise"],"picked":"After Image","floor":16},{"not_picked":["Prepared","Slice+1","Acrobatics"],"picked":"SKIP","floor":18},{"not_picked":["Tactician","Riddle With Holes","Dodge and Roll"],"picked":"SKIP","floor":19},{"not_picked":["Dagger Throw+1","Tactician"],"picked":"Backflip","floor":21},{"not_picked":["Quick Slash+1","Cloak And Dagger","Distraction"],"picked":"SKIP","floor":27},{"not_picked":["Dodge and Roll+1","Heel Hook","Deflect"],"picked":"SKIP","floor":28},{"not_picked":["Riddle With Holes","Expertise+1"],"picked":"Footwork","floor":29},{"not_picked":["Blade Dance","Infinite Blades","Concentrate"],"picked":"SKIP","floor":30},{"not_picked":["Reflex","Poisoned Stab"],"picked":"Bullet Time","floor":31}],"player_experience":2743016,"relics_obtained":[{"floor":9,"key":"MawBank"},{"floor":26,"key":"Ninja Scroll"}],"event_choices":[{"damage_healed":0,"gold_gain":0,"player_choice":"Ignored","damage_taken":0,"max_hp_gain":0,"max_hp_loss":0,"event_name":"Liars Game","floor":5,"gold_loss":0},{"damage_healed":0,"gold_gain":100,"player_choice":"Pray","damage_taken":0,"max_hp_gain":0,"max_hp_loss":0,"event_name":"Golden Shrine","floor":14,"gold_loss":0},{"cards_removed":["Strike_G"],"damage_healed":0,"gold_gain":0,"player_choice":"Elegance","damage_taken":0,"max_hp_gain":0,"max_hp_loss":0,"event_name":"Back to Basics","floor":20,"gold_loss":0},{"damage_healed":0,"gold_gain":0,"player_choice":"Obtained Relic","damage_taken":0,"relics_obtained":["Tingsha"],"max_hp_gain":0,"max_hp_loss":0,"event_name":"Addict","floor":24,"gold_loss":85},{"damage_healed":0,"gold_gain":0,"player_choice":"Opened","damage_taken":0,"relics_obtained":["Tiny Chest"],"max_hp_gain":0,"max_hp_loss":0,"event_name":"The Mausoleum","floor":25,"gold_loss":0}],"is_beta":false,"boss_relics":[{"not_picked":["White Beast Statue","Snecko Eye"],"picked":"Runic Pyramid"}],"items_purged_floors":[10,22],"is_endless":false,"potions_floor_spawned":[7,8,12,16,21,29,30],"killed_by":"Automaton","ascension_level":12}