{"gold_per_floor":[118,118,144,161,86,86,86,86,110,128,28,45,45,59,59,59],"floor_reached":16,"playtime":565,"items_purged":["Strike_R","Strike_R"],"score":131,"play_id":"5e3b43ea-c10f-44fd-9b37-f5f1a50babfe","local_time":"20190625115126","is_ascension_mode":true,"campfire_choices":[{"data":"Bash","floor":6,"key":"SMITH"},{"floor":8,"key":"REST"},{"data":"Defend_R","floor":13,"key":"SMITH"},{"data":"Armaments","floor":15,"key":"SMITH"}],"neow_cost":"NONE","seed_source_timestamp":1085638504368081,"circlet_count":0,"master_deck":["Strike_R","Strike_R","Defend_R+1","Defend_R","Defend_R+1","Defend_R+1","Bash+1","Armaments+1"],"relics":["Runic Dome","Ancient Tea Set","PreservedInsect"],"potions_floor_usage":[16,16,16],"damage_taken":[{"damage":0,"enemies":"2 Louse","floor":1,"turns":3},{"damage":2,"enemies":"Jaw Worm","floor":4,"turns":5},{"damage":0,"enemies":"Small Slimes","floor":10,"turns":4},{"damage":0,"enemies":"Exordium Wildlife","floor":12,"turns":5},{"damage":4,"enemies":"Exordium Thugs","floor":14,"turns":7},{"damage":84,"enemies":"Hexaghost","floor":16,"turns":14}],"seed_played":"-312635337563193659","potions_obtained":[{"floor":4,"key":"FearPotion"},{"floor":10,"key":"GamblersBrew"},{"floor":12,"key":"BloodPotion"}],"is_trial":false,"path_per_floor":["M","?","T","M","$","R","?","R","T","M","$","M","R","M","R","B"],"character_chosen":"IRONCLAD","items_purchased":[],"campfire_rested":1,"item_purchase_floors":[],"current_hp_per_floor":[72,65,65,63,63,63,47,71,71,71,71,71,71,67,67,0],"gold":59,"neow_bonus":"BOSS_RELIC","is_prod":false,"is_daily":false,"chose_seed":false,"campfire_upgraded":3,"win_rate":0,"timestamp":1561481486,"path_taken":["M","?","?","M","?","R","?","R","T","M","$","M","R","M","R","BOSS"],"build_version":"2019-01-23","purchased_purges":2,"victory":false,"max_hp_per_floor":[80,80,80,80,80,80,80,80,80,80,80,80,80,80,80,80],"card_choices":[{"not_picked":["Perfected Strike","Sentinel","Thunderclap"],"picked":"SKIP","floor":1},{"not_picked":["Rage","Combust","Sword Boomerang"],"picked":"SKIP","floor":4},{"not_picked":["Pommel Strike","Sword Boomerang","Uppercut"],"picked":"SKIP","floor":10},{"not_picked":["Heavy Blade","Clothesline","Flex"],"picked":"SKIP","floor":12},{"not_picked":["Iron Wave","Corruption"],"picked":"Armaments","floor":14}],"player_experience":2060539,"relics_obtained":[{"floor":3,"key":"Ancient Tea Set"},{"floor":9,"key":"PreservedInsect"}],"event_choices":[{"cards_removed":["Strike_R"],"damage_healed":0,"gold_gain":0,"player_choice":"Card Removal","damage_taken":7,"max_hp_gain":0,"max_hp_loss":0,"event_name":"Golden Wing","floor":2,"gold_loss":0},{"damage_healed":0,"gold_gain":0,"player_choice":"Entered Light","damage_taken":16,"max_hp_gain":0,"max_hp_loss":0,"event_name":"Shining Light","floor":7,"gold_loss":0,"cards_upgraded":["Defend_R","Defend_R"]}],"is_beta":false,"boss_relics":[],"items_purged_floors":[5,11],"is_endless":false,"potions_floor_spawned":[4,10,12,14],"killed_by":"Hexaghost","ascension_level":9}