{"gold_per_floor":[213,232,1,1,16,16,51,51,74,149,249,249,55,70,70,174,174,184,184,4,21,39,65,80,90,90,109,109,128,128,139,139,236,236,246,246,171,185,185,185,185],"floor_reached":41,"playtime":1999,"items_purged":["Dualcast","Strike_B","Strike_B","Strike_B"],"score":661,"play_id":"88f7add3-60cf-45fb-b574-f1100d9f1977","local_time":"20190818182314","is_ascension_mode":true,"campfire_choices":[{"data":"Zap","floor":6,"key":"SMITH"},{"floor":12,"key":"REST"},{"floor":15,"key":"REST"},{"floor":28,"key":"REST"},{"data":"Apotheosis","floor":30,"key":"SMITH"},{"data":"Seek","floor":32,"key":"SMITH"},{"floor":40,"key":"REST"}],"neow_cost":"NONE","seed_source_timestamp":404107954740800,"circlet_count":0,"master_deck":["AscendersBane","Strike_B","Defend_B","Defend_B","Defend_B","Defend_B","Zap+1","Conserve Battery","Apotheosis+1","FTL","Loop","Gash","Electrodynamics","Seek+1","Self Repair","BootSequence","Gash","Madness","Madness","Cold Snap"],"relics":["Cracked Core","Membership Card","Blood Vial","Ornamental Fan","Dream Catcher","Strawberry","Busted Crown","Anchor","Gambling Chip","Question Card","Fusion Hammer"],"potions_floor_usage":[16,16,23,23,33],"damage_taken":[{"damage":11,"enemies":"Cultist","floor":1,"turns":5},{"damage":0,"enemies":"Small Slimes","floor":2,"turns":3},{"damage":1,"enemies":"2 Louse","floor":5,"turns":3},{"damage":48,"enemies":"Gremlin Nob","floor":7,"turns":5},{"damage":9,"enemies":"Red Slaver","floor":14,"turns":3},{"damage":16,"enemies":"Slime Boss","floor":16,"turns":10},{"damage":18,"enemies":"2 Thieves","floor":18,"turns":4},{"damage":18,"enemies":"Shell Parasite","floor":21,"turns":6},{"damage":4,"enemies":"Centurion and Healer","floor":22,"turns":5},{"damage":14,"enemies":"Gremlin Leader","floor":23,"turns":5},{"damage":26,"enemies":"Shelled Parasite and Fungi","floor":24,"turns":6},{"damage":6,"enemies":"Snake Plant","floor":25,"turns":5},{"damage":12,"enemies":"Snecko","floor":27,"turns":5},{"damage":14,"enemies":"Shelled Parasite and Fungi","floor":29,"turns":6},{"damage":8,"enemies":"Snake Plant","floor":31,"turns":5},{"damage":42,"enemies":"Automaton","floor":33,"turns":9},{"damage":17,"enemies":"Orb Walker","floor":35,"turns":5},{"damage":20,"enemies":"3 Darklings","floor":38,"turns":4},{"damage":78,"enemies":"Giant Head","floor":41,"turns":8}],"seed_played":"1471074789659467551","potions_obtained":[{"floor":2,"key":"FearPotion"},{"floor":7,"key":"FearPotion"},{"floor":14,"key":"Ancient Potion"},{"floor":16,"key":"FocusPotion"},{"floor":18,"key":"LiquidBronze"},{"floor":24,"key":"PowerPotion"},{"floor":27,"key":"FearPotion"}],"is_trial":false,"path_per_floor":["M","M","$","?","M","R","E","?","T","?","?","R","$","M","R","B",null,"M","?","$","M","M","E","M","M","T","M","R","M","R","M","R","B",null,"M","?","$","M","?","R","E"],"character_chosen":"DEFECT","items_purchased":["Membership Card","Apotheosis","FTL","Loop","Anchor","Self Repair"],"campfire_rested":4,"item_purchase_floors":[3,13,13,13,20,20],"current_hp_per_floor":[57,57,57,57,58,58,12,9,16,5,5,29,29,22,46,32,70,54,54,54,45,53,51,37,43,43,43,67,65,65,69,69,49,74,69,59,59,51,51,75,0],"gold":185,"neow_bonus":"HUNDRED_GOLD","is_prod":false,"is_daily":false,"chose_seed":false,"campfire_upgraded":3,"win_rate":0,"timestamp":1566170594,"path_taken":["M","?","$","?","?","R","E","?","T","?","?","R","$","M","R","BOSS","M","?","?","?","M","E","M","M","T","M","R","M","R","M","R","BOSS","M","?","$","M","?","R","E"],"build_version":"2019-07-17","purchased_purges":4,"victory":false,"max_hp_per_floor":[75,75,75,75,75,75,75,75,82,82,82,82,82,82,82,82,82,82,82,82,82,82,82,82,82,82,82,82,82,82,82,82,82,82,82,82,82,82,82,82,82],"card_choices":[{"not_picked":["Coolheaded","Rip and Tear","Blizzard"],"picked":"SKIP","floor":1},{"not_picked":["Consume","Leap","Stack"],"picked":"SKIP","floor":2},{"not_picked":["Barrage","Turbo"],"picked":"Conserve Battery","floor":5},{"not_picked":["Streamline","Scrape","Consume"],"picked":"SKIP","floor":7},{"not_picked":["Aggregate","Turbo","Redo"],"picked":"SKIP","floor":14},{"not_picked":["Cold Snap","Undo"],"picked":"Gash","floor":15},{"not_picked":["Seek","Fission"],"picked":"Electrodynamics","floor":16},{"not_picked":["Scrape"],"picked":"SKIP","floor":18},{"not_picked":["Coolheaded"],"picked":"SKIP","floor":21},{"not_picked":["Beam Cell"],"picked":"SKIP","floor":22},{"not_picked":["Storm+1"],"picked":"SKIP","floor":23},{"not_picked":["Redo+1"],"picked":"SKIP","floor":24},{"not_picked":["Redo"],"picked":"SKIP","floor":25},{"not_picked":["Hologram","Streamline+1"],"picked":"SKIP","floor":27},{"not_picked":["Genetic Algorithm"],"picked":"BootSequence","floor":28},{"not_picked":["Darkness","Stack"],"picked":"SKIP","floor":29},{"not_picked":["Streamline","Compile Driver"],"picked":"SKIP","floor":31},{"not_picked":["Fusion"],"picked":"Gash","floor":35},{"not_picked":["Stack"],"picked":"Cold Snap","floor":38}],"player_experience":2877708,"relics_obtained":[{"floor":7,"key":"Ornamental Fan"},{"floor":9,"key":"Strawberry"},{"floor":23,"key":"Gambling Chip"},{"floor":26,"key":"Question Card"}],"event_choices":[{"damage_healed":0,"gold_gain":0,"player_choice":"Gave Potion","damage_taken":0,"relics_obtained":["Blood Vial"],"max_hp_gain":0,"max_hp_loss":0,"event_name":"WeMeetAgain","floor":4,"gold_loss":0},{"damage_healed":0,"gold_gain":0,"player_choice":"Success","damage_taken":3,"relics_obtained":["Dream Catcher"],"max_hp_gain":0,"max_hp_loss":0,"event_name":"Scrap Ooze","floor":8,"gold_loss":0},{"damage_healed":0,"gold_gain":75,"player_choice":"Gather Gold","damage_taken":11,"max_hp_gain":0,"max_hp_loss":0,"event_name":"World of Goop","floor":10,"gold_loss":0},{"damage_healed":0,"gold_gain":100,"player_choice":"Gold","damage_taken":0,"max_hp_gain":0,"max_hp_loss":0,"event_name":"Wheel of Change","floor":11,"gold_loss":0},{"damage_healed":0,"gold_gain":0,"player_choice":"1 cards matched","damage_taken":0,"max_hp_gain":0,"max_hp_loss":0,"event_name":"Match and Keep!","floor":19,"gold_loss":0,"cards_obtained":["Seek"]},{"damage_healed":0,"gold_gain":0,"player_choice":"Embrace Madness","damage_taken":10,"max_hp_gain":0,"max_hp_loss":0,"event_name":"Winding Halls","floor":36,"gold_loss":0,"cards_obtained":["Madness","Madness"]},{"damage_healed":0,"gold_gain":0,"player_choice":"Ignored","damage_taken":0,"max_hp_gain":0,"max_hp_loss":0,"event_name":"Tomb of Lord Red Mask","floor":39,"gold_loss":0}],"is_beta":false,"boss_relics":[{"not_picked":["Nuclear Battery","Coffee Dripper"],"picked":"Busted Crown"},{"not_picked":["Empty Cage","Eternal Feather"],"picked":"Fusion Hammer"}],"items_purged_floors":[3,13,20,37],"is_endless":false,"potions_floor_spawned":[2,7,14,16,18,21,24,27],"killed_by":"Giant Head","ascension_level":12}