{"gold_per_floor":[115,40,40,40,115,158,171,194,243,263,293,293,125,125,125,253,253,277,37,58,82,129,129],"floor_reached":23,"playtime":840,"items_purged":["Dualcast","Strike_B"],"score":268,"play_id":"adc6b2dd-09a1-4693-9de0-fcf9be3d2ad4","local_time":"20190214214803","is_ascension_mode":true,"campfire_choices":[{"floor":12,"key":"REST"},{"data":"Zap","floor":15,"key":"SMITH"}],"neow_cost":"NONE","seed_source_timestamp":170638100112807,"circlet_count":0,"master_deck":["Strike_B","Strike_B","Strike_B","Defend_B","Defend_B","Defend_B","Defend_B","Zap+1","Glacier","Defragment","The Bomb","Capacitor","Chill","Self Repair"],"relics":["Cracked Core","NeowsBlessing","Golden Idol","Potion Belt","Bag of Preparation","Tiny Chest","Sozu","Oddly Smooth Stone"],"potions_floor_usage":[1,16,23],"damage_taken":[{"damage":0,"enemies":"Small Slimes","floor":1,"turns":1},{"damage":0,"enemies":"Gremlin Nob","floor":6,"turns":1},{"damage":0,"enemies":"Jaw Worm","floor":7,"turns":1},{"damage":0,"enemies":"Cultist","floor":8,"turns":5},{"damage":0,"enemies":"Blue Slaver","floor":10,"turns":6},{"damage":20,"enemies":"The Guardian","floor":16,"turns":18},{"damage":16,"enemies":"Chosen","floor":18,"turns":8},{"damage":20,"enemies":"2 Thieves","floor":20,"turns":4},{"damage":7,"enemies":"3 Cultists","floor":21,"turns":3},{"damage":28,"enemies":"Slavers","floor":23,"turns":1}],"seed_played":"3871000011767915455","potions_obtained":[{"floor":1,"key":"Fruit Juice"},{"floor":6,"key":"Block Potion"},{"floor":16,"key":"AttackPotion"}],"is_trial":false,"path_per_floor":["M","$","?","$","?","E","M","M","T","M","?","R","$","?","R","B",null,"M","$","M","M","T","E"],"character_chosen":"DEFECT","items_purchased":["Defragment","The Bomb","Capacitor"],"campfire_rested":1,"item_purchase_floors":[13,19,19],"current_hp_per_floor":[80,80,60,60,49,49,49,49,49,49,46,70,70,62,62,42,71,55,55,35,28,28,0],"gold":129,"neow_bonus":"THREE_ENEMY_KILL","is_prod":false,"is_daily":false,"chose_seed":false,"campfire_upgraded":1,"win_rate":0,"timestamp":1550202483,"path_taken":["M","$","?","$","?","E","M","M","T","M","?","R","?","?","R","BOSS","M","$","M","M","?","E"],"build_version":"2019-01-23","purchased_purges":2,"victory":false,"max_hp_per_floor":[80,80,80,80,80,80,80,80,80,80,80,80,80,80,80,80,80,80,80,80,80,80,80],"card_choices":[{"not_picked":["Ball Lightning","Barrage","Turbo"],"picked":"SKIP","floor":1},{"not_picked":["Hyperbeam","Reprogram"],"picked":"Glacier","floor":6},{"not_picked":["Compile Driver","Auto Shields","Stack"],"picked":"SKIP","floor":7},{"not_picked":["Compile Driver","Rebound","Barrage"],"picked":"SKIP","floor":8},{"not_picked":["Steam","Sweeping Beam","Stack"],"picked":"SKIP","floor":10},{"not_picked":["Turbo","Rebound","Sweeping Beam"],"picked":"SKIP","floor":18},{"not_picked":["Steam+1","Cold Snap"],"picked":"Chill","floor":20},{"not_picked":["Heatsinks","Rip and Tear"],"picked":"Self Repair","floor":21}],"player_experience":1355983,"relics_obtained":[{"floor":6,"key":"Potion Belt"},{"floor":9,"key":"Bag of Preparation"},{"floor":22,"key":"Oddly Smooth Stone"}],"event_choices":[{"damage_healed":0,"gold_gain":0,"player_choice":"Take Damage","damage_taken":20,"relics_obtained":["Golden Idol"],"max_hp_gain":0,"max_hp_loss":0,"event_name":"Golden Idol","floor":3,"gold_loss":0},{"damage_healed":0,"gold_gain":75,"player_choice":"Gather Gold","damage_taken":11,"max_hp_gain":0,"max_hp_loss":0,"event_name":"World of Goop","floor":5,"gold_loss":0},{"damage_healed":0,"gold_gain":0,"player_choice":"Success","damage_taken":3,"relics_obtained":["Tiny Chest"],"max_hp_gain":0,"max_hp_loss":0,"event_name":"Scrap Ooze","floor":11,"gold_loss":0},{"damage_healed":0,"gold_gain":0,"player_choice":"Damaged","damage_taken":8,"max_hp_gain":0,"max_hp_loss":0,"event_name":"Wheel of Change","floor":14,"gold_loss":0}],"is_beta":false,"boss_relics":[{"not_picked":["Astrolabe","Lizard Tail"],"picked":"Sozu"}],"items_purged_floors":[2,13],"is_endless":false,"potions_floor_spawned":[1,6,16],"killed_by":"Slavers","ascension_level":5}