{"gold_per_floor":[17,17,17,17,17,17,17,36,59,59,70,70,70,84,84,179,179,163,173,192,192,203,203,230,255,279,296,296],"floor_reached":28,"playtime":7801,"items_purged":[],"score":353,"play_id":"10a5e9a2-2dc1-4ccf-915b-3cb3e8444002","local_time":"20190802222330","is_ascension_mode":true,"campfire_choices":[{"data":"Defend_R","floor":6,"key":"SMITH"},{"data":"Defend_R","floor":10,"key":"SMITH"},{"data":"Shrug It Off","floor":12,"key":"SMITH"},{"data":"Body Slam","floor":15,"key":"SMITH"},{"floor":23,"key":"REST"}],"neow_cost":"NO_GOLD","seed_source_timestamp":35753979357100,"circlet_count":0,"master_deck":["AscendersBane","Strike_R","Strike_R","Strike_R","Defend_R","Defend_R","Defend_R+1","Defend_R+1","Reaper","Bludgeon","Shrug It Off+1","Body Slam+1","Reaper","Whirlwind+1","Feed","Battle Trance+1","Shrug It Off+1"],"relics":["Burning Blood","Mummified Hand","The Courier","Gremlin Horn","Fusion Hammer","Toxic Egg 2","Blood Vial","Smiling Mask"],"potions_floor_usage":[16,16,28,28],"damage_taken":[{"damage":2,"enemies":"Jaw Worm","floor":1,"turns":3},{"damage":0,"enemies":"Small Slimes","floor":8,"turns":3},{"damage":1,"enemies":"Cultist","floor":11,"turns":6},{"damage":0,"enemies":"Exordium Wildlife","floor":14,"turns":3},{"damage":13,"enemies":"The Guardian","floor":16,"turns":13},{"damage":9,"enemies":"2 Thieves","floor":18,"turns":4},{"damage":16,"enemies":"Spheric Guardian","floor":19,"turns":4},{"damage":23,"enemies":"Snake Plant","floor":20,"turns":5},{"damage":37,"enemies":"3 Cultists","floor":22,"turns":5},{"damage":50,"enemies":"Gremlin Leader","floor":24,"turns":9},{"damage":30,"enemies":"Chosen and Byrds","floor":27,"turns":8},{"damage":45,"enemies":"Slavers","floor":28,"turns":3}],"seed_played":"-7090723750472784182","potions_obtained":[{"floor":5,"key":"Dexterity Potion"},{"floor":5,"key":"LiquidBronze"},{"floor":16,"key":"Explosive Potion"},{"floor":18,"key":"LiquidBronze"},{"floor":27,"key":"LiquidBronze"}],"is_trial":false,"path_per_floor":["M","?","T","T","?","R","$","M","T","R","M","R","T","M","R","B",null,"M","M","M","?","M","R","E","T","T","M","E"],"character_chosen":"IRONCLAD","items_purchased":[],"campfire_rested":1,"item_purchase_floors":[],"current_hp_per_floor":[76,76,76,76,76,76,76,80,80,80,80,80,80,80,80,77,79,80,70,60,60,52,76,43,43,43,35,0],"gold":296,"neow_bonus":"TRANSFORM_TWO_CARDS","is_prod":false,"is_daily":false,"chose_seed":false,"campfire_upgraded":4,"win_rate":0,"timestamp":1564802610,"path_taken":["M","?","?","?","?","R","$","M","T","R","?","R","?","M","R","BOSS","M","M","M","?","M","R","E","?","T","M","E"],"build_version":"2019-07-17","purchased_purges":0,"victory":false,"max_hp_per_floor":[80,80,80,80,80,80,80,80,80,80,80,80,80,80,80,80,80,80,80,80,80,83,83,86,86,86,86,86],"card_choices":[{"not_picked":["True Grit","Anger","Clothesline"],"picked":"SKIP","floor":1},{"not_picked":["Wild Strike","Fire Breathing","Clash"],"picked":"SKIP","floor":8},{"not_picked":["Perfected Strike","Sentinel"],"picked":"Shrug It Off","floor":11},{"not_picked":["Cleave","Clash"],"picked":"Body Slam","floor":14},{"not_picked":["Immolate","Fiend Fire"],"picked":"Reaper","floor":16},{"not_picked":["Blood for Blood","Cleave","Havoc"],"picked":"SKIP","floor":18},{"not_picked":["Headbutt","Pommel Strike","Rage+1"],"picked":"SKIP","floor":19},{"not_picked":["Thunderclap","Warcry"],"picked":"Whirlwind+1","floor":20},{"not_picked":["Sword Boomerang","Intimidate+1","Sentinel"],"picked":"SKIP","floor":22},{"not_picked":["Shrug It Off","Reckless Charge+1"],"picked":"Battle Trance+1","floor":24},{"not_picked":["Pummel","Clash+1"],"picked":"Shrug It Off+1","floor":27}],"player_experience":2627492,"relics_obtained":[{"floor":3,"key":"Mummified Hand"},{"floor":4,"key":"The Courier"},{"floor":13,"key":"Gremlin Horn"},{"floor":24,"key":"Toxic Egg 2"},{"floor":25,"key":"Blood Vial"},{"floor":26,"key":"Smiling Mask"}],"event_choices":[{"cards_removed":["Strike_R"],"damage_healed":0,"gold_gain":0,"player_choice":"Forget","damage_taken":0,"max_hp_gain":0,"max_hp_loss":0,"event_name":"Living Wall","floor":2,"gold_loss":0},{"damage_healed":0,"gold_gain":0,"player_choice":"Got Potions","damage_taken":0,"max_hp_gain":0,"max_hp_loss":0,"event_name":"Lab","floor":5,"gold_loss":0},{"damage_healed":0,"gold_gain":0,"player_choice":"Read","damage_taken":0,"max_hp_gain":0,"max_hp_loss":0,"event_name":"The Library","floor":21,"gold_loss":0,"cards_obtained":["Feed"]}],"is_beta":false,"boss_relics":[{"not_picked":["Pandora\u0027s Box","Runic Pyramid"],"picked":"Fusion Hammer"}],"items_purged_floors":[],"is_endless":false,"potions_floor_spawned":[14,16,18,22,24,27],"killed_by":"Slavers","ascension_level":11}