{"gold_per_floor":[113,126,126,145,70,70,86,101,150,162,176,188,208,5,5,103,103,123,123,135,152,152],"floor_reached":22,"playtime":996,"items_purged":["Strike_B","Strike_B"],"score":294,"play_id":"bc311b14-2fde-49a8-8f21-cafb0390e18e","local_time":"20190824151116","is_ascension_mode":true,"campfire_choices":[{"data":"Zap","floor":6,"key":"SMITH"},{"data":"Buffer","floor":15,"key":"SMITH"}],"neow_cost":"NONE","seed_source_timestamp":912000979158300,"circlet_count":0,"master_deck":["AscendersBane","Strike_B","Strike_B","Defend_B","Defend_B+1","Defend_B","Defend_B+1","Zap+1","Conserve Battery","Gash","Self Repair","Gash","Buffer+1","Gash","Decay","BootSequence"],"relics":["Cracked Core","NeowsBlessing","War Paint","Fusion Hammer"],"potions_floor_usage":[14,16],"damage_taken":[{"damage":0,"enemies":"Cultist","floor":1,"turns":1},{"damage":0,"enemies":"2 Louse","floor":2,"turns":1},{"damage":0,"enemies":"Jaw Worm","floor":4,"turns":1},{"damage":8,"enemies":"Exordium Thugs","floor":7,"turns":6},{"damage":1,"enemies":"Looter","floor":8,"turns":4},{"damage":10,"enemies":"Exordium Wildlife","floor":10,"turns":6},{"damage":0,"enemies":"Red Slaver","floor":11,"turns":4},{"damage":6,"enemies":"Looter","floor":12,"turns":3},{"damage":0,"enemies":"Large Slime","floor":13,"turns":6},{"damage":13,"enemies":"Slime Boss","floor":16,"turns":13},{"damage":13,"enemies":"Spheric Guardian","floor":18,"turns":6},{"damage":21,"enemies":"3 Byrds","floor":20,"turns":6},{"damage":47,"enemies":"Snake Plant","floor":21,"turns":7},{"damage":23,"enemies":"Chosen and Byrds","floor":22,"turns":6}],"seed_played":"-6980531818799351919","potions_obtained":[{"floor":4,"key":"EssenceOfSteel"},{"floor":8,"key":"AttackPotion"},{"floor":10,"key":"PowerPotion"},{"floor":20,"key":"SpeedPotion"}],"is_trial":false,"path_per_floor":["M","M","?","M","$","R","M","M","T","M","M","M","M","$","R","B",null,"M","?","M","M","M"],"character_chosen":"DEFECT","items_purchased":["Fruit Juice"],"campfire_rested":0,"item_purchase_floors":[14],"current_hp_per_floor":[68,68,68,68,68,68,60,59,59,56,63,64,71,76,76,70,78,72,72,58,18,0],"gold":152,"neow_bonus":"THREE_ENEMY_KILL","is_prod":false,"is_daily":false,"chose_seed":false,"campfire_upgraded":2,"win_rate":0,"timestamp":1566677476,"path_taken":["M","?","?","M","?","R","?","M","T","M","M","M","M","$","R","BOSS","M","?","M","M","M"],"build_version":"2019-07-17","purchased_purges":2,"victory":false,"max_hp_per_floor":[75,75,75,75,75,75,75,75,75,75,75,75,75,80,80,80,80,80,80,80,80,80],"card_choices":[{"not_picked":["Redo","Fusion","Streamline"],"picked":"SKIP","floor":1},{"not_picked":["Hologram","Go for the Eyes"],"picked":"Conserve Battery","floor":2},{"not_picked":["Leap","FTL"],"picked":"Gash","floor":4},{"not_picked":["Coolheaded","Sweeping Beam","Hello World"],"picked":"SKIP","floor":7},{"not_picked":["Storm","Scrape"],"picked":"Self Repair","floor":8},{"not_picked":["Consume","Redo"],"picked":"Gash","floor":10},{"not_picked":["Stack","Doom and Gloom"],"picked":"Buffer","floor":11},{"not_picked":["Steam","Sunder","Leap"],"picked":"SKIP","floor":12},{"not_picked":["Coolheaded","Compile Driver","Streamline"],"picked":"SKIP","floor":13},{"not_picked":["Leap","Go for the Eyes"],"picked":"Gash","floor":18},{"not_picked":["Barrage+1","Scrape","Melter"],"picked":"SKIP","floor":20},{"not_picked":["Steam Power","Cold Snap"],"picked":"BootSequence","floor":21}],"player_experience":2898381,"relics_obtained":[{"floor":9,"key":"War Paint"}],"event_choices":[{"cards_removed":["Dualcast"],"damage_healed":0,"gold_gain":0,"player_choice":"Offered Basic","damage_taken":0,"max_hp_gain":0,"max_hp_loss":0,"event_name":"Bonfire Elementals","floor":3,"gold_loss":0},{"damage_healed":0,"gold_gain":0,"player_choice":"Cursed","damage_taken":0,"max_hp_gain":0,"max_hp_loss":0,"event_name":"Wheel of Change","floor":19,"gold_loss":0,"cards_obtained":["Decay"]}],"is_beta":false,"boss_relics":[{"not_picked":["Astrolabe","Tiny House"],"picked":"Fusion Hammer"}],"items_purged_floors":[5,14],"is_endless":false,"potions_floor_spawned":[4,8,10,11,20],"killed_by":"Chosen and Byrds","ascension_level":12}