{"gold_per_floor":[116,2,20,34,44,44,44,55,55,55,69,83,102,117,117,213,213,223,188,206,206],"floor_reached":21,"playtime":1032,"items_purged":["Dualcast"],"score":269,"play_id":"4de4cb25-5f02-4511-81e5-0f637fb5ca82","local_time":"20190727162214","is_ascension_mode":true,"campfire_choices":[{"data":"Zap","floor":6,"key":"SMITH"},{"floor":15,"key":"REST"}],"neow_cost":"NONE","seed_source_timestamp":1353075017150967,"circlet_count":0,"master_deck":["AscendersBane","Strike_B","Strike_B","Strike_B","Strike_B","Defend_B","Defend_B","Defend_B","Defend_B","Zap+1","Dramatic Entrance","Gash","Auto Shields","Glacier","Pain","Streamline","Reinforced Body","Core Surge","Reinforced Body","FTL","Glacier+1"],"relics":["Cracked Core","Gremlin Horn","WarpedTongs","Cursed Key"],"potions_floor_usage":[3,16,16,16],"damage_taken":[{"damage":0,"enemies":"Cultist","floor":1,"turns":3},{"damage":0,"enemies":"2 Louse","floor":3,"turns":3},{"damage":0,"enemies":"Small Slimes","floor":4,"turns":3},{"damage":12,"enemies":"Gremlin Gang","floor":5,"turns":4},{"damage":6,"enemies":"Blue Slaver","floor":8,"turns":4},{"damage":6,"enemies":"Red Slaver","floor":11,"turns":4},{"damage":5,"enemies":"Exordium Wildlife","floor":12,"turns":4},{"damage":7,"enemies":"Looter","floor":13,"turns":3},{"damage":2,"enemies":"2 Fungi Beasts","floor":14,"turns":3},{"damage":40,"enemies":"Slime Boss","floor":16,"turns":10},{"damage":26,"enemies":"Chosen","floor":18,"turns":5},{"damage":15,"enemies":"2 Thieves","floor":19,"turns":5},{"damage":29,"enemies":"Centurion and Healer","floor":20,"turns":6},{"damage":4,"enemies":"Sentry and Sphere","floor":21,"turns":3}],"seed_played":"7621371063935522596","potions_obtained":[{"floor":3,"key":"Fruit Juice"},{"floor":8,"key":"SteroidPotion"},{"floor":11,"key":"Regen Potion"},{"floor":12,"key":"Weak Potion"},{"floor":13,"key":"Fire Potion"},{"floor":16,"key":"Fire Potion"},{"floor":19,"key":"SkillPotion"}],"is_trial":false,"path_per_floor":["M","$","M","M","M","R","?","M","T","?","M","M","M","M","R","B",null,"M","M","M","M"],"character_chosen":"DEFECT","items_purchased":["Auto Shields"],"campfire_rested":1,"item_purchase_floors":[2],"current_hp_per_floor":[68,68,73,73,61,61,66,60,60,60,54,49,42,40,65,40,74,48,33,4,0],"gold":206,"neow_bonus":"RANDOM_COLORLESS","is_prod":false,"is_daily":false,"chose_seed":false,"campfire_upgraded":1,"win_rate":0,"timestamp":1564262534,"path_taken":["M","?","M","M","M","R","?","M","T","?","M","M","M","M","R","BOSS","M","?","M","?"],"build_version":"2019-07-17","purchased_purges":1,"victory":false,"max_hp_per_floor":[75,75,80,80,80,80,85,85,85,85,85,85,85,85,85,85,85,85,85,85,85],"card_choices":[{"not_picked":["Conserve Battery","Tempest"],"picked":"Gash","floor":1},{"not_picked":["Barrage","Ball Lightning","Turbo"],"picked":"SKIP","floor":3},{"not_picked":["Undo","Rainbow","Fusion"],"picked":"SKIP","floor":4},{"not_picked":["Barrage","Leap","Rebound"],"picked":"SKIP","floor":5},{"not_picked":["Leap","Stack"],"picked":"Glacier","floor":8},{"not_picked":["Redo","Compile Driver","Turbo"],"picked":"SKIP","floor":11},{"not_picked":["Lockon","Hologram"],"picked":"Streamline","floor":12},{"not_picked":["Lockon","Ball Lightning"],"picked":"Reinforced Body","floor":13},{"not_picked":["Double Energy","Lockon","Steam"],"picked":"SKIP","floor":14},{"not_picked":["Meteor Strike","Multi-Cast"],"picked":"Core Surge","floor":16},{"not_picked":["Sweeping Beam+1","Hologram"],"picked":"Reinforced Body","floor":18},{"not_picked":["Stack","Beam Cell+1"],"picked":"FTL","floor":19},{"not_picked":["Go for the Eyes","Gash"],"picked":"Glacier+1","floor":20}],"player_experience":2530657,"relics_obtained":[{"floor":9,"key":"Gremlin Horn"}],"event_choices":[{"damage_healed":0,"gold_gain":0,"player_choice":"Donut","damage_taken":0,"max_hp_gain":5,"max_hp_loss":0,"event_name":"Big Fish","floor":7,"gold_loss":0},{"damage_healed":0,"gold_gain":0,"player_choice":"Rummage","damage_taken":0,"relics_obtained":["WarpedTongs"],"max_hp_gain":0,"max_hp_loss":0,"event_name":"Accursed Blacksmith","floor":10,"gold_loss":0,"cards_obtained":["Pain"]}],"is_beta":false,"boss_relics":[{"not_picked":["Velvet Choker","Runic Pyramid"],"picked":"Cursed Key"}],"items_purged_floors":[2],"is_endless":false,"potions_floor_spawned":[3,8,11,12,13,16,19],"killed_by":"Sentry and Sphere","ascension_level":10}