{"gold_per_floor":[115,125,125,11,36,36,36,60,87,87,2,77,96,115,115,246,246,270,270,289,366,366],"floor_reached":22,"playtime":1051,"items_purged":["Strike_G"],"score":246,"play_id":"15683108-e181-45c1-831d-85be6424c763","local_time":"20190326013808","is_ascension_mode":true,"campfire_choices":[{"floor":6,"key":"REST"},{"floor":10,"key":"REST"},{"floor":15,"key":"REST"}],"neow_cost":"NONE","seed_source_timestamp":804815285561285,"circlet_count":0,"master_deck":["Defend_G","Defend_G","Defend_G","Defend_G","Defend_G","Strike_G","Strike_G+1","Strike_G+1","Survivor","Neutralize","Noxious Fumes","Dash","Catalyst","Deadly Poison","Catalyst","Cloak And Dagger","Deadly Poison"],"relics":["Ring of the Snake","Golden Idol","Orichalcum","Whetstone","Runic Pyramid","Dodecahedron"],"potions_floor_usage":[16,16,16],"damage_taken":[{"damage":4,"enemies":"Small Slimes","floor":1,"turns":5},{"damage":1,"enemies":"2 Louse","floor":2,"turns":4},{"damage":0,"enemies":"Jaw Worm","floor":5,"turns":5},{"damage":14,"enemies":"Large Slime","floor":8,"turns":9},{"damage":1,"enemies":"Looter","floor":13,"turns":4},{"damage":18,"enemies":"Exordium Thugs","floor":14,"turns":8},{"damage":33,"enemies":"Hexaghost","floor":16,"turns":10},{"damage":1,"enemies":"Shell Parasite","floor":18,"turns":6},{"damage":0,"enemies":"Chosen","floor":20,"turns":5},{"damage":62,"enemies":"3 Cultists","floor":22,"turns":5}],"seed_played":"-7654472993835194130","potions_obtained":[{"floor":1,"key":"Strength Potion"},{"floor":8,"key":"Energy Potion"},{"floor":14,"key":"SpeedPotion"},{"floor":18,"key":"Fire Potion"}],"is_trial":false,"path_per_floor":["M","M","?","$","M","R","?","M","T","R","$","?","M","M","R","B",null,"M","?","M","T","M"],"character_chosen":"THE_SILENT","items_purchased":["Dash","Catalyst","Cloak And Dagger"],"campfire_rested":3,"item_purchase_floors":[4,11,11],"current_hp_per_floor":[59,58,41,41,41,62,62,48,48,69,69,58,57,39,60,27,59,58,58,58,58,0],"gold":366,"neow_bonus":"REMOVE_CARD","is_prod":false,"is_daily":false,"chose_seed":false,"campfire_upgraded":0,"win_rate":0,"timestamp":1553582288,"path_taken":["M","M","?","$","M","R","?","M","T","R","?","?","M","M","R","BOSS","M","?","M","?","M"],"build_version":"2019-01-23","purchased_purges":1,"victory":false,"max_hp_per_floor":[70,70,70,70,70,70,70,70,70,70,70,70,70,70,70,70,70,70,70,70,70,70],"card_choices":[{"not_picked":["Crippling Poison","Blade Dance"],"picked":"Noxious Fumes","floor":1},{"not_picked":["Terror","Bane","Outmaneuver"],"picked":"SKIP","floor":2},{"not_picked":["Dagger Spray","Setup"],"picked":"Catalyst","floor":5},{"not_picked":["Tactician","Blade Dance"],"picked":"Deadly Poison","floor":8},{"not_picked":["Endless Agony","Concentrate","Bouncing Flask"],"picked":"SKIP","floor":13},{"not_picked":["Die Die Die","Poisoned Stab","Flying Knee"],"picked":"SKIP","floor":14},{"not_picked":["Crippling Poison+1","Skewer"],"picked":"Deadly Poison","floor":18},{"not_picked":["PiercingWail","Dodge and Roll","Quick Slash"],"picked":"SKIP","floor":20}],"player_experience":1739310,"relics_obtained":[{"floor":9,"key":"Whetstone"},{"floor":21,"key":"Dodecahedron"}],"event_choices":[{"damage_healed":0,"gold_gain":0,"player_choice":"Take Damage","damage_taken":17,"relics_obtained":["Golden Idol"],"max_hp_gain":0,"max_hp_loss":0,"event_name":"Golden Idol","floor":3,"gold_loss":0},{"damage_healed":0,"gold_gain":0,"player_choice":"Searched \u00271\u0027 times","damage_taken":0,"relics_obtained":["Orichalcum"],"max_hp_gain":0,"max_hp_loss":0,"event_name":"Dead Adventurer","floor":7,"gold_loss":0},{"damage_healed":0,"gold_gain":75,"player_choice":"Gather Gold","damage_taken":11,"max_hp_gain":0,"max_hp_loss":0,"event_name":"World of Goop","floor":12,"gold_loss":0},{"damage_healed":0,"gold_gain":0,"player_choice":"Ignored","damage_taken":0,"max_hp_gain":0,"max_hp_loss":0,"event_name":"Ghosts","floor":19,"gold_loss":0}],"is_beta":false,"boss_relics":[{"not_picked":["Velvet Choker","Astrolabe"],"picked":"Runic Pyramid"}],"items_purged_floors":[4],"is_endless":false,"potions_floor_spawned":[1,8,14,18],"killed_by":"3 Cultists","ascension_level":8}