{"gold_per_floor":[109,59,59,75,75,75,115,130,202,226,226,301,326,351,351,470,470,491,168,186,200,125,125,200,200,225,225,225,249,199,199,199,199],"floor_reached":33,"playtime":1470,"items_purged":["Strike_B","Strike_B"],"score":378,"play_id":"9d15fd29-ece2-4a35-a977-d06edf3b85ad","local_time":"20190519224500","is_ascension_mode":true,"campfire_choices":[{"floor":6,"key":"REST"},{"data":"Zap","floor":11,"key":"SMITH"},{"floor":15,"key":"REST"},{"floor":23,"key":"REST"},{"floor":25,"key":"REST"},{"floor":28,"key":"REST"},{"data":"Defragment","floor":32,"key":"SMITH"}],"neow_cost":"NONE","seed_source_timestamp":256425609119136,"circlet_count":0,"master_deck":["Strike_B","Defend_B","Defend_B","Defend_B","Defend_B","Zap+1","Conserve Battery","Electrodynamics","Loop","Defragment+1","Cold Snap","Reinforced Body","Reinforced Body","Buffer","Buffer","BootSequence","Defragment"],"relics":["Cracked Core","NeowsBlessing","Golden Idol","Smiling Mask","Busted Crown","Medical Kit","Mummified Hand","Bronze Scales"],"potions_floor_usage":[16,16,16,33,33],"damage_taken":[{"damage":0,"enemies":"Jaw Worm","floor":1,"turns":1},{"damage":0,"enemies":"Small Slimes","floor":4,"turns":1},{"damage":0,"enemies":"3 Sentries","floor":7,"turns":1},{"damage":0,"enemies":"Cultist","floor":8,"turns":4},{"damage":11,"enemies":"Blue Slaver","floor":10,"turns":4},{"damage":7,"enemies":"2 Fungi Beasts","floor":13,"turns":2},{"damage":5,"enemies":"Exordium Wildlife","floor":14,"turns":7},{"damage":5,"enemies":"The Guardian","floor":16,"turns":14},{"damage":44,"enemies":"2 Thieves","floor":18,"turns":4},{"damage":20,"enemies":"Chosen","floor":20,"turns":7},{"damage":1,"enemies":"Snecko","floor":21,"turns":7},{"damage":0,"enemies":"Centurion and Healer","floor":29,"turns":6},{"damage":117,"enemies":"Champ","floor":33,"turns":20}],"seed_played":"-5727868717904269890","potions_obtained":[{"floor":4,"key":"Energy Potion"},{"floor":7,"key":"Dexterity Potion"},{"floor":13,"key":"Regen Potion"},{"floor":14,"key":"Ancient Potion"},{"floor":18,"key":"Regen Potion"},{"floor":29,"key":"FocusPotion"}],"is_trial":false,"path_per_floor":["M","?","?","M","?","R","E","M","T","M","R","?","M","M","R","B",null,"M","$","M","M","?","R","T","R","T","?","R","M","$","?","R","B"],"character_chosen":"DEFECT","items_purchased":["Defragment","Medical Kit"],"campfire_rested":5,"item_purchase_floors":[19,19],"current_hp_per_floor":[68,68,68,68,50,72,72,72,72,61,61,50,43,38,60,70,74,30,30,10,9,9,31,31,53,53,53,75,75,75,75,75,0],"gold":199,"neow_bonus":"THREE_ENEMY_KILL","is_prod":false,"is_daily":false,"chose_seed":false,"campfire_upgraded":2,"win_rate":0,"timestamp":1558323900,"path_taken":["M","?","?","?","?","R","E","M","T","M","R","?","M","M","R","BOSS","M","$","M","M","?","R","?","R","T","?","R","M","$","?","R","BOSS"],"build_version":"2019-01-23","purchased_purges":2,"victory":false,"max_hp_per_floor":[75,75,75,75,75,75,75,75,75,75,75,75,75,75,75,75,75,75,75,75,75,75,75,75,75,75,75,75,75,75,75,75,75],"card_choices":[{"not_picked":["Beam Cell","Hologram"],"picked":"Conserve Battery","floor":1},{"not_picked":["Hologram","Beam Cell"],"picked":"Defragment","floor":4},{"not_picked":["Scrape","Steam","Compile Driver"],"picked":"SKIP","floor":7},{"not_picked":["Rebound","Multi-Cast"],"picked":"Cold Snap","floor":8},{"not_picked":["Stack","Go for the Eyes"],"picked":"Reinforced Body","floor":10},{"not_picked":["Leap","Barrage"],"picked":"Reinforced Body","floor":13},{"not_picked":["Cold Snap","Undo"],"picked":"Buffer","floor":14},{"not_picked":["All For One","Rainbow"],"picked":"Buffer","floor":16},{"not_picked":[],"picked":"BootSequence","floor":18},{"not_picked":["Ball Lightning"],"picked":"SKIP","floor":20},{"not_picked":["Rip and Tear"],"picked":"SKIP","floor":21},{"not_picked":["Redo"],"picked":"SKIP","floor":29}],"player_experience":1921340,"relics_obtained":[{"floor":7,"key":"Smiling Mask"},{"floor":24,"key":"Mummified Hand"},{"floor":26,"key":"Bronze Scales"}],"event_choices":[{"cards_removed":["Dualcast"],"damage_healed":0,"gold_gain":0,"player_choice":"Card Removal","damage_taken":0,"max_hp_gain":0,"max_hp_loss":0,"event_name":"The Cleric","floor":2,"gold_loss":50},{"damage_healed":0,"gold_gain":0,"player_choice":"2 cards matched","damage_taken":0,"max_hp_gain":0,"max_hp_loss":0,"event_name":"Match and Keep!","floor":3,"gold_loss":0,"cards_obtained":["Electrodynamics","Loop"]},{"damage_healed":0,"gold_gain":0,"player_choice":"Take Damage","damage_taken":18,"relics_obtained":["Golden Idol"],"max_hp_gain":0,"max_hp_loss":0,"event_name":"Golden Idol","floor":5,"gold_loss":0},{"damage_healed":0,"gold_gain":75,"player_choice":"Gather Gold","damage_taken":11,"max_hp_gain":0,"max_hp_loss":0,"event_name":"World of Goop","floor":12,"gold_loss":0},{"cards_removed":["Strike_B"],"damage_healed":0,"gold_gain":0,"player_choice":"Gave Gold","damage_taken":0,"max_hp_gain":0,"max_hp_loss":0,"event_name":"Beggar","floor":22,"gold_loss":75},{"damage_healed":0,"gold_gain":0,"player_choice":"Ignored","damage_taken":0,"max_hp_gain":0,"max_hp_loss":0,"event_name":"Vampires","floor":27,"gold_loss":0},{"damage_healed":0,"gold_gain":0,"player_choice":"Bought 0 Potions","damage_taken":0,"max_hp_gain":0,"max_hp_loss":0,"event_name":"The Woman in Blue","floor":31,"gold_loss":0}],"is_beta":false,"boss_relics":[{"not_picked":["Astrolabe","Snecko Eye"],"picked":"Busted Crown"}],"items_purged_floors":[19,30],"is_endless":false,"potions_floor_spawned":[4,7,13,14,18,29],"killed_by":"Champ","ascension_level":8}