{"gold_per_floor":[109,34,46,60,60,98,98,98,153,168,186,136,213,229,229,355,355,355],"floor_reached":18,"playtime":671,"items_purged":["Dualcast"],"score":243,"play_id":"239b0bfe-cf44-4c17-a36d-da34532d9899","local_time":"20190730212835","is_ascension_mode":true,"campfire_choices":[{"floor":8,"key":"REST"},{"floor":15,"key":"REST"}],"neow_cost":"NONE","seed_source_timestamp":1631023962172877,"circlet_count":0,"master_deck":["AscendersBane","Defend_B","Defend_B","Defend_B","Defend_B","Zap","Glacier","Streamline","Hologram+1","Machine Learning+1","Rip and Tear+1"],"relics":["Cracked Core","NeowsBlessing","Golden Idol","Regal Pillow","Lantern","Pear","Astrolabe"],"potions_floor_usage":[11,16,16],"damage_taken":[{"damage":0,"enemies":"Cultist","floor":1,"turns":1},{"damage":0,"enemies":"Jaw Worm","floor":3,"turns":1},{"damage":0,"enemies":"Small Slimes","floor":4,"turns":1},{"damage":40,"enemies":"Lagavulin","floor":6,"turns":6},{"damage":14,"enemies":"3 Louse","floor":10,"turns":5},{"damage":0,"enemies":"Looter","floor":11,"turns":5},{"damage":2,"enemies":"2 Fungi Beasts","floor":14,"turns":3},{"damage":70,"enemies":"The Guardian","floor":16,"turns":17},{"damage":71,"enemies":"3 Byrds","floor":18,"turns":7}],"seed_played":"4991592412022446152","potions_obtained":[{"floor":1,"key":"AttackPotion"},{"floor":6,"key":"Fire Potion"},{"floor":11,"key":"FearPotion"}],"is_trial":false,"path_per_floor":["M","$","M","M","?","E","?","R","T","M","M","?","T","M","R","B",null,"M"],"character_chosen":"DEFECT","items_purchased":[],"campfire_rested":2,"item_purchase_floors":[],"current_hp_per_floor":[68,68,68,68,50,10,10,47,47,33,33,33,43,41,81,11,67,0],"gold":355,"neow_bonus":"THREE_ENEMY_KILL","is_prod":false,"is_daily":false,"chose_seed":false,"campfire_upgraded":0,"win_rate":0,"timestamp":1564540115,"path_taken":["M","$","?","M","?","E","?","R","T","M","M","?","?","M","R","BOSS","M"],"build_version":"2019-07-17","purchased_purges":1,"victory":false,"max_hp_per_floor":[75,75,75,75,75,75,75,75,75,75,75,75,85,85,85,85,85,85],"card_choices":[{"not_picked":["Streamline","Turbo"],"picked":"Glacier","floor":1},{"not_picked":["Redo","Beam Cell","Rip and Tear"],"picked":"SKIP","floor":3},{"not_picked":["White Noise","Hologram"],"picked":"Streamline","floor":4},{"not_picked":["Recycle","Hyperbeam","Scrape"],"picked":"SKIP","floor":6},{"not_picked":["Steam Power","Coolheaded","Redo"],"picked":"SKIP","floor":10},{"not_picked":["Barrage","Sweeping Beam","Steam"],"picked":"SKIP","floor":11},{"not_picked":["Heatsinks","Turbo","Steam"],"picked":"SKIP","floor":14}],"player_experience":2581050,"relics_obtained":[{"floor":6,"key":"Regal Pillow"},{"floor":9,"key":"Lantern"},{"floor":13,"key":"Pear"}],"event_choices":[{"damage_healed":0,"gold_gain":0,"player_choice":"Take Damage","damage_taken":18,"relics_obtained":["Golden Idol"],"max_hp_gain":0,"max_hp_loss":0,"event_name":"Golden Idol","floor":5,"gold_loss":0},{"damage_healed":0,"gold_gain":0,"player_choice":"Ignored","damage_taken":0,"max_hp_gain":0,"max_hp_loss":0,"event_name":"Liars Game","floor":7,"gold_loss":0},{"cards_removed":["Strike_B"],"damage_healed":0,"gold_gain":0,"player_choice":"Card Removal","damage_taken":0,"max_hp_gain":0,"max_hp_loss":0,"event_name":"The Cleric","floor":12,"gold_loss":50}],"is_beta":false,"boss_relics":[{"not_picked":["Velvet Choker","Nuclear Battery"],"picked":"Astrolabe"}],"items_purged_floors":[2],"is_endless":false,"potions_floor_spawned":[1,6,11],"killed_by":"3 Byrds","ascension_level":10}