{"gold_per_floor":[114,114,138,138,138,138,138,138,138,152,152,170,95,118,118,247,310,329,329,254,254,254],"floor_reached":22,"playtime":1573,"items_purged":["Strike_R"],"score":197,"play_id":"3497053f-a368-46b3-8221-d790f59bd42a","local_time":"20181104142849","is_ascension_mode":false,"campfire_choices":[{"floor":6,"key":"REST"},{"data":"Demon Form","floor":8,"key":"SMITH"},{"data":"Bash","floor":11,"key":"SMITH"},{"floor":15,"key":"REST"}],"neow_cost":"NONE","seed_source_timestamp":2213299049461032,"circlet_count":0,"master_deck":["Defend_R+1","Defend_R","Defend_R","Defend_R","Bash+1","Headbutt","Demon Form+1","Headbutt","Rampage","Iron Wave","Shrug It Off","Thunderclap+1","Bite","Bite","Bite","Bite","Bite","Rampage"],"relics":["Burning Blood","NeowsBlessing","Golden Idol","Calipers","Tiny House"],"potions_floor_usage":[16,16,16],"damage_taken":[{"damage":0,"enemies":"Jaw Worm","floor":1,"turns":1},{"damage":0,"enemies":"2 Louse","floor":3,"turns":1},{"damage":0,"enemies":"Small Slimes","floor":10,"turns":1},{"damage":19,"enemies":"Blue Slaver","floor":12,"turns":3},{"damage":8,"enemies":"3 Louse","floor":14,"turns":4},{"damage":41,"enemies":"The Guardian","floor":16,"turns":7},{"damage":65,"enemies":"3 Byrds","floor":18,"turns":8},{"damage":30,"enemies":"Spheric Guardian","floor":22,"turns":3}],"seed_played":"8932908486835772090","potions_obtained":[{"floor":3,"key":"Strength Potion"},{"floor":12,"key":"AttackPotion"},{"floor":14,"key":"Poison Potion"},{"floor":17,"key":"SpeedPotion"},{"floor":18,"key":"SteroidPotion"}],"is_trial":false,"path_per_floor":["M","?","M","?","?","R","?","R","T","M","R","M","$","M","R","B",null,"M","?","?","?","M"],"character_chosen":"IRONCLAD","items_purchased":[],"campfire_rested":2,"item_purchase_floors":[],"current_hp_per_floor":[80,74,74,74,59,74,67,67,67,74,74,61,61,61,74,39,79,20,20,20,20,0],"gold":254,"neow_bonus":"THREE_ENEMY_KILL","is_prod":false,"is_daily":false,"chose_seed":false,"campfire_upgraded":2,"win_rate":0.0,"timestamp":1541363329,"path_taken":["M","?","M","?","?","R","?","R","T","?","R","M","$","M","R","BOSS","M","?","?","?","?"],"build_version":"2018-11-01","purchased_purges":1,"victory":false,"max_hp_per_floor":[80,74,74,74,74,74,74,74,74,74,74,74,74,74,74,74,79,79,79,79,79,79],"card_choices":[{"not_picked":["Warcry","Perfected Strike"],"picked":"Headbutt","floor":1},{"not_picked":["Sword Boomerang","Headbutt"],"picked":"Demon Form","floor":3},{"not_picked":["Warcry","Power Through"],"picked":"Headbutt","floor":10},{"not_picked":["Clothesline","Burning Pact"],"picked":"Rampage","floor":12},{"not_picked":["Anger","Pommel Strike"],"picked":"Iron Wave","floor":14},{"not_picked":["Dark Embrace","Offering"],"picked":"Berserk","floor":16},{"not_picked":["Sword Boomerang","Burning Pact"],"picked":"Shrug It Off","floor":17},{"not_picked":["Pummel+1","Shrug It Off"],"picked":"Thunderclap+1","floor":18}],"player_experience":1165,"relics_obtained":[{"floor":9,"key":"Calipers"}],"event_choices":[{"damage_healed":0,"gold_gain":0,"player_choice":"Lose Max HP","damage_taken":0,"relics_obtained":["Golden Idol"],"max_hp_gain":0,"max_hp_loss":6,"event_name":"Golden Idol","floor":2,"gold_loss":0},{"damage_healed":0,"gold_gain":0,"player_choice":"Ignored","damage_taken":0,"max_hp_gain":0,"max_hp_loss":0,"event_name":"Liars Game","floor":4,"gold_loss":0},{"damage_healed":0,"gold_gain":0,"player_choice":"Entered Light","damage_taken":15,"max_hp_gain":0,"max_hp_loss":0,"event_name":"Shining Light","floor":5,"gold_loss":0,"cards_upgraded":["Defend_R","Strike_R"]},{"damage_healed":0,"gold_gain":0,"player_choice":"Success","damage_taken":7,"relics_obtained":["Blood Vial"],"max_hp_gain":0,"max_hp_loss":0,"event_name":"Scrap Ooze","floor":7,"gold_loss":0},{"damage_healed":0,"gold_gain":0,"player_choice":"Became a vampire (Vial)","damage_taken":0,"max_hp_gain":0,"max_hp_loss":0,"event_name":"Vampires","floor":19,"relics_lost":["Blood Vial"],"gold_loss":0,"cards_obtained":["Bite","Bite","Bite","Bite","Bite"]},{"cards_removed":["Berserk"],"damage_healed":0,"gold_gain":0,"player_choice":"Gave Gold","damage_taken":0,"max_hp_gain":0,"max_hp_loss":0,"event_name":"Beggar","floor":20,"gold_loss":75},{"damage_healed":0,"gold_gain":0,"player_choice":"Copied","damage_taken":0,"max_hp_gain":0,"max_hp_loss":0,"event_name":"Duplicator","floor":21,"gold_loss":0,"cards_obtained":["Rampage"]}],"is_beta":false,"boss_relics":[{"not_picked":["Snecko Eye","Mark of Pain"],"picked":"Tiny House"}],"items_purged_floors":[13],"is_endless":false,"potions_floor_spawned":[3,12,14,18],"killed_by":"Spheric Guardian","ascension_level":0}