{"gold_per_floor":[112,130,80,80,90,90,90,120,120,120,138,156,156,176,176,279,279,294,209,209,226,244,263,263,279,279,295,307,327,327,338,338,443,443,453,469,485,485,504,504,504,520,544,544,205,215,215,0,0,0],"floor_reached":51,"playtime":4377,"items_purged":["Skewer","Reflex"],"score":980,"play_id":"926e13b3-cfc6-4a49-a05b-a758c86c5bb3","local_time":"20190804121340","is_ascension_mode":true,"campfire_choices":[{"floor":6,"key":"REST"},{"floor":10,"key":"REST"},{"floor":13,"key":"REST"},{"floor":15,"key":"RECALL"},{"floor":24,"key":"REST"},{"floor":30,"key":"REST"},{"floor":32,"key":"REST"},{"floor":40,"key":"REST"},{"floor":44,"key":"REST"},{"floor":49,"key":"REST"}],"neow_cost":"NONE","seed_source_timestamp":124616603434700,"circlet_count":0,"master_deck":["AscendersBane","Survivor","Neutralize","Backflip","Deadly Poison","Catalyst","Deadly Poison","Tools of the Trade","Burst","Accuracy","Footwork","Infinite Blades","Backflip+1","Noxious Fumes+1","Deadly Poison","Blur","Burst","Bouncing Flask","Backflip","Madness","Madness","Footwork","Bouncing Flask+1","Master of Strategy","Finesse","Footwork"],"relics":["Fusion Hammer","Mummified Hand","Paper Crane","Pandora\u0027s Box","PreservedInsect","Thread and Needle","Empty Cage"],"potions_floor_usage":[16,33,37,50,50],"damage_taken":[{"damage":1,"enemies":"Jaw Worm","floor":1,"turns":6},{"damage":0,"enemies":"Small Slimes","floor":2,"turns":4},{"damage":0,"enemies":"Cultist","floor":5,"turns":4},{"damage":43,"enemies":"3 Sentries","floor":8,"turns":19},{"damage":6,"enemies":"Looter","floor":11,"turns":4},{"damage":0,"enemies":"Exordium Wildlife","floor":12,"turns":3},{"damage":0,"enemies":"3 Louse","floor":14,"turns":4},{"damage":31,"enemies":"Slime Boss","floor":16,"turns":17},{"damage":6,"enemies":"Chosen","floor":18,"turns":4},{"damage":28,"enemies":"Shell Parasite","floor":21,"turns":3},{"damage":18,"enemies":"Sentry and Sphere","floor":22,"turns":5},{"damage":0,"enemies":"Centurion and Healer","floor":23,"turns":6},{"damage":8,"enemies":"Snecko","floor":25,"turns":4},{"damage":6,"enemies":"Sentry and Sphere","floor":27,"turns":4},{"damage":7,"enemies":"3 Cultists","floor":28,"turns":5},{"damage":27,"enemies":"Snake Plant","floor":29,"turns":4},{"damage":4,"enemies":"Cultist and Chosen","floor":31,"turns":5},{"damage":25,"enemies":"Champ","floor":33,"turns":9},{"damage":0,"enemies":"Orb Walker","floor":35,"turns":4},{"damage":6,"enemies":"3 Shapes","floor":36,"turns":5},{"damage":0,"enemies":"Sphere and 2 Shapes","floor":37,"turns":5},{"damage":39,"enemies":"Jaw Worm Horde","floor":39,"turns":5},{"damage":42,"enemies":"4 Shapes","floor":42,"turns":8},{"damage":0,"enemies":"Sphere and 2 Shapes","floor":46,"turns":5},{"damage":32,"enemies":"Time Eater","floor":50,"turns":14}],"seed_played":"-1015755348607926933","potions_obtained":[{"floor":2,"key":"Energy Potion"},{"floor":11,"key":"GhostInAJar"},{"floor":12,"key":"FairyPotion"},{"floor":21,"key":"Poison Potion"},{"floor":23,"key":"PowerPotion"},{"floor":33,"key":"GhostInAJar"},{"floor":37,"key":"Dexterity Potion"},{"floor":42,"key":"Swift Potion"}],"is_trial":false,"path_per_floor":["M","M","?","?","M","R","?","E","T","R","M","M","R","M","R","B",null,"M","?","?","M","M","M","R","M","T","M","M","M","R","M","R","B",null,"M","M","M","?","M","R","?","M","T","R","$","M","?","$","R","B",null],"character_chosen":"THE_SILENT","items_purchased":["Master of Strategy","Finesse","Footwork","Poison Potion"],"campfire_rested":9,"item_purchase_floors":[45,45,48,48],"current_hp_per_floor":[62,62,62,48,48,69,74,31,31,53,47,47,69,69,69,38,66,60,60,65,37,19,19,41,33,33,27,20,7,29,25,47,22,62,62,56,56,47,8,30,66,24,24,43,43,43,43,43,62,30],"gold":0,"neow_bonus":"BOSS_RELIC","is_prod":false,"is_daily":false,"chose_seed":false,"campfire_upgraded":0,"win_rate":0,"timestamp":1564938820,"path_taken":["M","M","?","?","M","R","?","E","T","R","M","M","R","M","R","BOSS","M","?","?","M","M","M","R","M","T","M","?","M","R","M","R","BOSS","M","M","M","?","M","R","?","M","T","R","$","M","?","$","R","BOSS"],"build_version":"2019-07-17","purchased_purges":2,"victory":true,"max_hp_per_floor":[70,70,70,70,70,70,75,75,75,75,75,75,75,75,75,75,75,75,75,75,75,75,75,75,75,75,75,75,75,75,75,75,75,75,75,75,75,75,75,75,66,66,66,66,66,66,66,66,66,66],"card_choices":[{"not_picked":["Deflect","Choke"],"picked":"Backflip","floor":1},{"not_picked":["Acrobatics","Quick Slash"],"picked":"Deadly Poison","floor":2},{"not_picked":["Sucker Punch","Dagger Spray","Prepared"],"picked":"SKIP","floor":5},{"not_picked":["Skewer","Cloak And Dagger","Accuracy"],"picked":"SKIP","floor":8},{"not_picked":["Prepared","Deflect"],"picked":"Catalyst","floor":11},{"not_picked":["Quick Slash","Predator","Acrobatics"],"picked":"SKIP","floor":12},{"not_picked":["Grand Finale","Slice"],"picked":"Deadly Poison","floor":14},{"not_picked":["Glass Knife","Storm of Steel"],"picked":"Tools of the Trade","floor":16},{"not_picked":["Acrobatics","Bane","Masterful Stab+1"],"picked":"SKIP","floor":18},{"not_picked":["Slice","Bane","Quick Slash+1"],"picked":"SKIP","floor":21},{"not_picked":["Caltrops+1","Deadly Poison"],"picked":"Backflip+1","floor":22},{"not_picked":["Quick Slash","Dodge and Roll"],"picked":"Noxious Fumes+1","floor":23},{"not_picked":["Flying Knee","Quick Slash"],"picked":"Deadly Poison","floor":25},{"not_picked":["Sucker Punch","Dodge and Roll","Acrobatics"],"picked":"SKIP","floor":27},{"not_picked":["Riddle With Holes","Deflect+1","Envenom"],"picked":"SKIP","floor":28},{"not_picked":["Dash","Outmaneuver","Underhanded Strike"],"picked":"SKIP","floor":29},{"not_picked":["Outmaneuver","Distraction"],"picked":"Blur","floor":31},{"not_picked":["Envenom","A Thousand Cuts"],"picked":"Burst","floor":33},{"not_picked":["Concentrate+1","Heel Hook"],"picked":"Bouncing Flask","floor":35},{"not_picked":["Outmaneuver","Blade Dance","Riddle With Holes+1"],"picked":"SKIP","floor":36},{"not_picked":["Finisher","Dagger Spray"],"picked":"Backflip","floor":37},{"not_picked":["Sucker Punch","Slice"],"picked":"Footwork","floor":39},{"not_picked":["Deadly Poison","Slice+1"],"picked":"Bouncing Flask+1","floor":42},{"not_picked":["Prepared","Dagger Spray","Sucker Punch"],"picked":"SKIP","floor":46}],"player_experience":2664764,"relics_obtained":[{"floor":8,"key":"Mummified Hand"},{"floor":9,"key":"Paper Crane"},{"floor":26,"key":"Thread and Needle"}],"event_choices":[{"cards_removed":["Strike_G"],"damage_healed":0,"gold_gain":0,"player_choice":"Card Removal","damage_taken":0,"max_hp_gain":0,"max_hp_loss":0,"event_name":"The Cleric","floor":3,"gold_loss":50},{"damage_healed":0,"gold_gain":0,"player_choice":"Entered Light","damage_taken":14,"max_hp_gain":0,"max_hp_loss":0,"event_name":"Shining Light","floor":4,"gold_loss":0,"cards_upgraded":["Defend_G","Strike_G"]},{"damage_healed":0,"gold_gain":0,"player_choice":"Donut","damage_taken":0,"max_hp_gain":5,"max_hp_loss":0,"event_name":"Big Fish","floor":7,"gold_loss":0},{"damage_healed":0,"gold_gain":0,"player_choice":"Obtained Relic","damage_taken":0,"relics_obtained":["PreservedInsect"],"max_hp_gain":0,"max_hp_loss":0,"event_name":"Addict","floor":19,"gold_loss":85},{"cards_removed":["Flying Knee"],"damage_healed":5,"gold_gain":0,"player_choice":"Offered Common","damage_taken":0,"max_hp_gain":0,"max_hp_loss":0,"event_name":"Bonfire Elementals","floor":20,"gold_loss":0},{"cards_removed":["Flying Knee"],"damage_healed":5,"gold_gain":0,"player_choice":"Offered Special","damage_taken":0,"max_hp_gain":0,"max_hp_loss":0,"event_name":"Bonfire Elementals","floor":20,"gold_loss":0},{"damage_healed":0,"gold_gain":0,"player_choice":"Embrace Madness","damage_taken":9,"max_hp_gain":0,"max_hp_loss":0,"event_name":"Winding Halls","floor":38,"gold_loss":0,"cards_obtained":["Madness","Madness"]},{"damage_healed":66,"gold_gain":0,"player_choice":"Heal","damage_taken":0,"max_hp_gain":0,"max_hp_loss":9,"event_name":"The Moai Head","floor":41,"gold_loss":0},{"damage_healed":0,"gold_gain":0,"player_choice":"Ignored","damage_taken":0,"max_hp_gain":0,"max_hp_loss":0,"event_name":"Tomb of Lord Red Mask","floor":47,"gold_loss":0}],"is_beta":false,"boss_relics":[{"not_picked":["Runic Pyramid","Calling Bell"],"picked":"Pandora\u0027s Box"},{"not_picked":["Tiny House","Runic Dome"],"picked":"Empty Cage"}],"items_purged_floors":[45,48],"is_endless":false,"potions_floor_spawned":[2,11,12,21,23,25,27,28,33,37,42],"ascension_level":11}