{"gold_per_floor":[109,123,123,140,160,160,160,160,160,160,178,148,148,161,161,265,265,281,296,206,226,239,239,255,7,7,20,46,64,64,97,97,202,202,216,216],"floor_reached":36,"playtime":2482,"items_purged":["Strike_G"],"score":672,"play_id":"08dc5590-c306-4dd9-ab6b-4fbdc7b1aa7a","local_time":"20190717180349","is_ascension_mode":true,"campfire_choices":[{"data":"Neutralize","floor":6,"key":"SMITH"},{"floor":8,"key":"RECALL"},{"data":"Deadly Poison","floor":13,"key":"SMITH"},{"data":"Survivor","floor":15,"key":"SMITH"},{"data":"Corpse Explosion","floor":23,"key":"SMITH"},{"floor":30,"key":"REST"},{"floor":32,"key":"REST"}],"neow_cost":"NONE","seed_source_timestamp":493691160567906,"circlet_count":0,"master_deck":["AscendersBane","Strike_G","Strike_G","Strike_G","Defend_G","Defend_G","Defend_G","Defend_G+1","Defend_G","Survivor+1","Neutralize+1","Deadly Poison+1","Corpse Explosion+1","Panache","Burst"],"relics":["Runic Pyramid","FossilizedHelix","Kunai","Mango","Busted Crown","Shuriken","Darkstone Periapt","Tingsha","Orrery"],"potions_floor_usage":[16,16,22,28,31,33],"damage_taken":[{"damage":1,"enemies":"Jaw Worm","floor":1,"turns":5},{"damage":0,"enemies":"Cultist","floor":2,"turns":5},{"damage":0,"enemies":"Small Slimes","floor":4,"turns":5},{"damage":6,"enemies":"Exordium Wildlife","floor":5,"turns":5},{"damage":0,"enemies":"Red Slaver","floor":11,"turns":5},{"damage":0,"enemies":"Looter","floor":12,"turns":4},{"damage":0,"enemies":"3 Louse","floor":14,"turns":3},{"damage":0,"enemies":"The Guardian","floor":16,"turns":10},{"damage":0,"enemies":"Spheric Guardian","floor":18,"turns":4},{"damage":14,"enemies":"2 Thieves","floor":19,"turns":4},{"damage":0,"enemies":"3 Cultists","floor":21,"turns":4},{"damage":4,"enemies":"Snecko","floor":22,"turns":8},{"damage":0,"enemies":"Snake Plant","floor":24,"turns":5},{"damage":7,"enemies":"Centurion and Healer","floor":27,"turns":5},{"damage":49,"enemies":"Book of Stabbing","floor":28,"turns":8},{"damage":0,"enemies":"3 Cultists","floor":29,"turns":4},{"damage":17,"enemies":"Gremlin Leader","floor":31,"turns":9},{"damage":20,"enemies":"Automaton","floor":33,"turns":13},{"damage":33,"enemies":"3 Darklings","floor":35,"turns":5},{"damage":57,"enemies":"2 Orb Walkers","floor":36,"turns":4}],"seed_played":"5291415277911445520","potions_obtained":[{"floor":1,"key":"Dexterity Potion"},{"floor":2,"key":"Explosive Potion"},{"floor":11,"key":"Strength Potion"},{"floor":18,"key":"PowerPotion"},{"floor":22,"key":"Dexterity Potion"},{"floor":28,"key":"GhostInAJar"},{"floor":31,"key":"Poison Potion"}],"is_trial":false,"path_per_floor":["M","M","?","M","M","R","?","R","T","T","M","M","R","M","R","B",null,"M","M","?","M","M","R","M","$","T","M","E","M","R","E","R","B",null,"M","?"],"character_chosen":"THE_SILENT","items_purchased":["Panache"],"campfire_rested":2,"item_purchase_floors":[25],"current_hp_per_floor":[62,62,62,62,56,56,56,56,56,70,70,70,70,70,70,70,81,81,67,67,67,63,63,63,63,63,56,7,7,32,15,40,20,68,35,0],"gold":216,"neow_bonus":"BOSS_RELIC","is_prod":false,"is_daily":false,"chose_seed":false,"campfire_upgraded":4,"win_rate":0,"timestamp":1563404629,"path_taken":["M","M","?","?","M","R","?","R","T","?","M","M","R","M","R","BOSS","M","M","?","?","M","R","M","$","T","M","E","M","R","E","R","BOSS","M","?"],"build_version":"2019-07-05","purchased_purges":1,"victory":false,"max_hp_per_floor":[70,70,70,70,70,70,70,70,70,84,84,84,84,84,84,84,84,84,84,84,84,84,84,84,84,84,84,84,84,84,84,84,84,84,84,84],"card_choices":[{"not_picked":["Well Laid Plans","Riddle With Holes","Reflex"],"picked":"SKIP","floor":1},{"not_picked":["Flying Knee","Predator","Dagger Throw"],"picked":"SKIP","floor":2},{"not_picked":["Setup","Blade Dance","Deflect"],"picked":"SKIP","floor":4},{"not_picked":["Poisoned Stab","Dagger Throw","Sucker Punch"],"picked":"SKIP","floor":5},{"not_picked":["PiercingWail","Flying Knee","Acrobatics"],"picked":"SKIP","floor":11},{"not_picked":["Die Die Die","PiercingWail"],"picked":"Deadly Poison","floor":12},{"not_picked":["Acrobatics","Dodge and Roll","Slice"],"picked":"SKIP","floor":14},{"not_picked":["Wraith Form v2","Night Terror"],"picked":"Corpse Explosion","floor":16},{"not_picked":["Slice"],"picked":"SKIP","floor":18},{"not_picked":["Outmaneuver"],"picked":"SKIP","floor":19},{"not_picked":["Tactician"],"picked":"SKIP","floor":21},{"not_picked":["Slice"],"picked":"SKIP","floor":22},{"not_picked":["Poisoned Stab"],"picked":"SKIP","floor":24},{"not_picked":["Acrobatics+1"],"picked":"SKIP","floor":27},{"not_picked":["Sucker Punch"],"picked":"SKIP","floor":28},{"not_picked":["Sucker Punch"],"picked":"SKIP","floor":29},{"not_picked":["Quick Slash"],"picked":"SKIP","floor":31},{"not_picked":[],"picked":"Burst","floor":35}],"player_experience":2381583,"relics_obtained":[{"floor":9,"key":"Kunai"},{"floor":10,"key":"Mango"},{"floor":26,"key":"Shuriken"},{"floor":28,"key":"Darkstone Periapt"},{"floor":31,"key":"Tingsha"}],"event_choices":[{"damage_healed":0,"gold_gain":0,"player_choice":"Gave Potion","damage_taken":0,"relics_obtained":["FossilizedHelix"],"max_hp_gain":0,"max_hp_loss":0,"event_name":"WeMeetAgain","floor":3,"gold_loss":0},{"damage_healed":0,"gold_gain":0,"player_choice":"Ignored","damage_taken":0,"max_hp_gain":0,"max_hp_loss":0,"event_name":"Liars Game","floor":7,"gold_loss":0},{"cards_removed":["Strike_G"],"damage_healed":0,"gold_gain":0,"player_choice":"Upgrade and Remove","damage_taken":0,"max_hp_gain":0,"max_hp_loss":0,"event_name":"Designer","floor":20,"gold_loss":90,"cards_upgraded":["Defend_G"]},{"damage_healed":0,"gold_gain":0,"player_choice":"Fight","damage_taken":0,"max_hp_gain":0,"max_hp_loss":0,"event_name":"Mysterious Sphere","floor":36,"gold_loss":0}],"is_beta":false,"boss_relics":[{"not_picked":["Snecko Eye","Pandora\u0027s Box"],"picked":"Busted Crown"},{"not_picked":["HoveringKite","White Beast Statue"],"picked":"Orrery"}],"items_purged_floors":[25],"is_endless":false,"potions_floor_spawned":[1,2,11,18,22,28,31],"killed_by":"2 Orb Walkers","ascension_level":10}