{"gold_per_floor":[111,111,111,37,37,37,58,58,58,71,84,99,99,118,118,242,242,197,197,197,197,197,197,197,197,197,197,129,129,129,129,129,129,129,129,129,129,129,129,129,129,129,129,129,129,129,2,2,2,2],"floor_reached":51,"playtime":3019,"items_purged":[],"score":641,"play_id":"613110a3-7791-438a-acd5-8bfbc1ae41ce","local_time":"20190823215843","is_ascension_mode":false,"campfire_choices":[{"data":"Inflame","floor":6,"key":"SMITH"},{"data":"Perfected Strike","floor":13,"key":"SMITH"},{"data":"Twin Strike","floor":15,"key":"SMITH"},{"data":"Double Tap","floor":24,"key":"SMITH"},{"floor":27,"key":"REST"},{"data":"Metallicize","floor":29,"key":"SMITH"},{"floor":32,"key":"REST"},{"data":"Rage","floor":40,"key":"SMITH"},{"floor":42,"key":"REST"},{"floor":46,"key":"REST"},{"floor":49,"key":"REST"}],"neow_cost":"NONE","seed_source_timestamp":123662624437026,"circlet_count":0,"master_deck":["Strike_R","Strike_R","Strike_R","Strike_R","Defend_R","Defend_R","Defend_R","Defend_R","Bash","Perfected Strike+1","Pommel Strike","Injury","Inflame+1","Twin Strike","Twin Strike+1","Shrug It Off","Pommel Strike","Double Tap+1","Reaper","Rampage","Perfected Strike+1","Twin Strike","Armaments","Metallicize+1","Bludgeon","Perfected Strike+1","Rage+1","Perfected Strike","Shockwave","Perfected Strike+1"],"relics":["Burning Blood","Golden Idol","Letter Opener","Pear","Ectoplasm","Potion Belt","PreservedInsect","Orrery","Omamori","StoneCalendar"],"potions_floor_usage":[12,16,19,31,31,41,48,50,50,50,50,50,50],"damage_taken":[{"damage":8,"enemies":"Jaw Worm","floor":1,"turns":4},{"damage":4,"enemies":"2 Louse","floor":7,"turns":2},{"damage":0,"enemies":"Small Slimes","floor":10,"turns":3},{"damage":9,"enemies":"Blue Slaver","floor":11,"turns":3},{"damage":14,"enemies":"Gremlin Gang","floor":12,"turns":7},{"damage":0,"enemies":"Large Slime","floor":14,"turns":3},{"damage":36,"enemies":"Slime Boss","floor":16,"turns":10},{"damage":30,"enemies":"2 Thieves","floor":18,"turns":3},{"damage":5,"enemies":"Spheric Guardian","floor":19,"turns":4},{"damage":26,"enemies":"Chosen and Byrds","floor":20,"turns":6},{"damage":15,"enemies":"3 Cultists","floor":21,"turns":5},{"damage":16,"enemies":"Snake Plant","floor":23,"turns":2},{"damage":23,"enemies":"Centurion and Healer","floor":25,"turns":5},{"damage":25,"enemies":"Shelled Parasite and Fungi","floor":31,"turns":5},{"damage":61,"enemies":"Automaton","floor":33,"turns":10},{"damage":25,"enemies":"3 Darklings","floor":35,"turns":7},{"damage":0,"enemies":"Orb Walker","floor":38,"turns":2},{"damage":41,"enemies":"Transient","floor":39,"turns":5},{"damage":27,"enemies":"4 Shapes","floor":41,"turns":6},{"damage":33,"enemies":"3 Darklings","floor":48,"turns":5},{"damage":108,"enemies":"Donu and Deca","floor":50,"turns":8}],"seed_played":"-2384493022930704451","potions_obtained":[{"floor":10,"key":"Block Potion"},{"floor":11,"key":"AttackPotion"},{"floor":12,"key":"Block Potion"},{"floor":16,"key":"PowerPotion"},{"floor":19,"key":"SteroidPotion"},{"floor":21,"key":"Weak Potion"},{"floor":31,"key":"FearPotion"},{"floor":39,"key":"SkillPotion"},{"floor":41,"key":"EntropicBrew"}],"is_trial":false,"path_per_floor":["M","?","?","$","?","R","M","?","T","M","M","M","R","M","R","B",null,"M","M","M","M","?","M","R","M","T","R","$","R","?","M","R","B",null,"M","?","?","M","M","R","M","R","T","$","?","R","?","M","R","B",null],"character_chosen":"IRONCLAD","items_purchased":["Inflame","Metallicize"],"campfire_rested":5,"item_purchase_floors":[4,28],"current_hp_per_floor":[78,78,78,78,78,78,80,73,83,89,86,78,78,84,84,54,90,66,67,55,58,58,48,48,39,39,66,66,66,66,55,82,35,90,71,71,71,77,46,46,25,52,52,52,52,77,77,50,75,8],"gold":2,"neow_bonus":"TRANSFORM_CARD","is_prod":false,"is_daily":false,"chose_seed":false,"campfire_upgraded":6,"win_rate":0,"timestamp":1566611923,"path_taken":["M","?","?","$","?","R","M","?","T","M","M","M","R","?","R","BOSS","M","?","M","M","?","M","R","M","T","R","?","R","?","M","R","BOSS","M","?","?","?","M","R","M","R","T","$","?","R","?","M","R","BOSS"],"build_version":"2019-07-17","purchased_purges":0,"victory":true,"max_hp_per_floor":[80,80,80,80,80,80,80,80,90,90,90,90,90,90,90,90,90,90,90,90,90,90,90,90,90,90,90,90,90,90,90,90,90,90,90,90,90,90,90,90,90,90,90,90,85,85,85,85,85,85],"card_choices":[{"not_picked":["Clothesline","Havoc"],"picked":"Pommel Strike","floor":1},{"not_picked":["Sword Boomerang","Dropkick"],"picked":"Twin Strike","floor":7},{"not_picked":["Flex","Entrench"],"picked":"Twin Strike","floor":10},{"not_picked":["Headbutt","Whirlwind"],"picked":"Shrug It Off","floor":11},{"not_picked":["Power Through","Warcry"],"picked":"Pommel Strike","floor":12},{"not_picked":["Thunderclap","Sever Soul"],"picked":"Double Tap","floor":14},{"not_picked":["Immolate","Feed"],"picked":"Reaper","floor":16},{"not_picked":["Headbutt","Heavy Blade"],"picked":"Rampage","floor":18},{"not_picked":["Warcry","Havoc","Rampage"],"picked":"SKIP","floor":19},{"not_picked":["Warcry","Twin Strike"],"picked":"Perfected Strike+1","floor":20},{"not_picked":["Seeing Red","Inflame","Carnage"],"picked":"SKIP","floor":21},{"not_picked":["Whirlwind","True Grit"],"picked":"Twin Strike","floor":23},{"not_picked":["Dropkick","Wild Strike"],"picked":"Armaments","floor":25},{"not_picked":["Fire Breathing","Impervious","Dual Wield+1"],"picked":"SKIP","floor":31},{"not_picked":["Berserk","Barricade"],"picked":"Bludgeon","floor":33},{"not_picked":["Havoc","Hemokinesis"],"picked":"Perfected Strike","floor":34},{"not_picked":["Clash","Shrug It Off"],"picked":"Rage","floor":34},{"not_picked":["Whirlwind","Battle Trance+1"],"picked":"Perfected Strike","floor":34},{"not_picked":["Evolve+1","Headbutt+1","Havoc+1"],"picked":"SKIP","floor":35},{"not_picked":["Searing Blow","Clothesline+1"],"picked":"Shockwave","floor":38},{"not_picked":["Intimidate+1","Warcry+1"],"picked":"Perfected Strike+1","floor":39},{"not_picked":["Flex+1","Uppercut","Wild Strike"],"picked":"SKIP","floor":41},{"not_picked":["Anger+1","Havoc","Body Slam+1"],"picked":"SKIP","floor":48}],"player_experience":162858,"relics_obtained":[{"floor":9,"key":"Pear"},{"floor":26,"key":"Potion Belt"},{"floor":43,"key":"Omamori"}],"event_choices":[{"damage_healed":0,"gold_gain":0,"player_choice":"Ignored","damage_taken":0,"max_hp_gain":0,"max_hp_loss":0,"event_name":"Shining Light","floor":2,"gold_loss":0},{"damage_healed":0,"gold_gain":0,"player_choice":"Take Wound","damage_taken":0,"relics_obtained":["Golden Idol"],"max_hp_gain":0,"max_hp_loss":0,"event_name":"Golden Idol","floor":3,"gold_loss":0,"cards_obtained":["Injury"]},{"damage_healed":0,"gold_gain":0,"player_choice":"Box","damage_taken":0,"relics_obtained":["Letter Opener"],"max_hp_gain":0,"max_hp_loss":0,"event_name":"Big Fish","floor":5,"gold_loss":0,"cards_obtained":["Regret"]},{"cards_removed":["Regret"],"damage_healed":0,"gold_gain":0,"player_choice":"Card Removal","damage_taken":7,"max_hp_gain":0,"max_hp_loss":0,"event_name":"Golden Wing","floor":8,"gold_loss":0},{"damage_healed":0,"gold_gain":100,"player_choice":"Pray","damage_taken":0,"max_hp_gain":0,"max_hp_loss":0,"event_name":"Golden Shrine","floor":22,"gold_loss":0},{"damage_healed":0,"gold_gain":0,"player_choice":"Opened","damage_taken":0,"relics_obtained":["PreservedInsect"],"max_hp_gain":0,"max_hp_loss":0,"event_name":"The Mausoleum","floor":30,"gold_loss":0},{"damage_healed":0,"gold_gain":0,"player_choice":"Ignored","damage_taken":0,"max_hp_gain":0,"max_hp_loss":0,"event_name":"Mysterious Sphere","floor":36,"gold_loss":0},{"damage_healed":0,"gold_gain":0,"player_choice":"Forge","damage_taken":0,"max_hp_gain":0,"max_hp_loss":0,"event_name":"Accursed Blacksmith","floor":37,"gold_loss":0,"cards_upgraded":["Perfected Strike"]},{"damage_healed":0,"gold_gain":0,"player_choice":"Max HP","damage_taken":0,"max_hp_gain":0,"max_hp_loss":5,"event_name":"Winding Halls","floor":45,"gold_loss":0},{"damage_healed":0,"gold_gain":0,"player_choice":"Paid Gold","damage_taken":0,"relics_obtained":["StoneCalendar"],"max_hp_gain":0,"max_hp_loss":0,"event_name":"WeMeetAgain","floor":47,"gold_loss":127}],"is_beta":false,"boss_relics":[{"not_picked":["Runic Dome","Runic Cube"],"picked":"Ectoplasm"},{"not_picked":["Philosopher\u0027s Stone","Calling Bell"],"picked":"Orrery"}],"items_purged_floors":[],"is_endless":false,"potions_floor_spawned":[10,11,12,16,19,21,23,31,39,41],"ascension_level":0}