{"gold_per_floor":[113,130,55,55,66,96,96,110,110,110,110,122,152,168,168,268,268,284,284],"floor_reached":19,"playtime":687,"items_purged":["Strike_R"],"score":254,"play_id":"3d80000b-b802-4917-9666-571299e14eb6","local_time":"20190716121403","is_ascension_mode":true,"campfire_choices":[{"data":"Body Slam","floor":7,"key":"SMITH"},{"floor":15,"key":"REST"}],"neow_cost":"NONE","seed_source_timestamp":388102234767336,"circlet_count":0,"master_deck":["AscendersBane","Strike_R","Strike_R","Strike_R","Defend_R","Defend_R","Defend_R","Defend_R","Bash","Rampage","Body Slam+1","Shrug It Off","Berserk","Body Slam"],"relics":["Burning Blood","NeowsBlessing","Regal Pillow","Ornamental Fan","Vajra","Kunai","Orrery"],"potions_floor_usage":[6,16,16,19],"damage_taken":[{"damage":0,"enemies":"Jaw Worm","floor":1,"turns":1},{"damage":0,"enemies":"Cultist","floor":2,"turns":1},{"damage":0,"enemies":"2 Louse","floor":5,"turns":1},{"damage":20,"enemies":"Gremlin Nob","floor":6,"turns":4},{"damage":32,"enemies":"Exordium Wildlife","floor":8,"turns":6},{"damage":3,"enemies":"Looter","floor":12,"turns":4},{"damage":12,"enemies":"Exordium Thugs","floor":14,"turns":4},{"damage":28,"enemies":"The Guardian","floor":16,"turns":12},{"damage":37,"enemies":"2 Thieves","floor":18,"turns":4},{"damage":51,"enemies":"Masked Bandits","floor":19,"turns":2}],"seed_played":"4989801523910485596","potions_obtained":[{"floor":2,"key":"LiquidBronze"},{"floor":8,"key":"EssenceOfSteel"},{"floor":14,"key":"Ancient Potion"},{"floor":18,"key":"EssenceOfSteel"}],"is_trial":false,"path_per_floor":["M","M","$","?","M","E","R","M","T","?","T","M","?","M","R","B",null,"M","?"],"character_chosen":"IRONCLAD","items_purchased":[],"campfire_rested":1,"item_purchase_floors":[],"current_hp_per_floor":[78,80,80,80,80,66,66,40,40,33,33,36,36,30,69,47,72,41,0],"gold":284,"neow_bonus":"THREE_ENEMY_KILL","is_prod":false,"is_daily":false,"chose_seed":false,"campfire_upgraded":1,"win_rate":0,"timestamp":1563297243,"path_taken":["M","M","$","?","?","E","R","M","T","?","?","M","?","M","R","BOSS","M","?"],"build_version":"2019-07-05","purchased_purges":1,"victory":false,"max_hp_per_floor":[80,80,80,80,80,80,80,80,80,80,80,80,80,80,80,80,80,80,80],"card_choices":[{"not_picked":["Heavy Blade","Clothesline","Spot Weakness"],"picked":"SKIP","floor":1},{"not_picked":["Burning Pact","Clash","Fire Breathing"],"picked":"SKIP","floor":2},{"not_picked":["Limit Break","Wild Strike"],"picked":"Rampage","floor":5},{"not_picked":["Iron Wave","Heavy Blade"],"picked":"Body Slam","floor":6},{"not_picked":["Second Wind","Reckless Charge"],"picked":"Shrug It Off","floor":8},{"not_picked":["Pommel Strike","Perfected Strike","Wild Strike"],"picked":"SKIP","floor":12},{"not_picked":["Intimidate","Pommel Strike","Havoc"],"picked":"SKIP","floor":14},{"not_picked":["Bludgeon","Immolate"],"picked":"Berserk","floor":16},{"not_picked":["Sever Soul","Wild Strike"],"picked":"Body Slam","floor":17},{"not_picked":["Shockwave","Iron Wave","Wild Strike"],"picked":"SKIP","floor":18}],"player_experience":2349204,"relics_obtained":[{"floor":4,"key":"Regal Pillow"},{"floor":6,"key":"Ornamental Fan"},{"floor":9,"key":"Vajra"},{"floor":11,"key":"Kunai"}],"event_choices":[{"damage_healed":0,"gold_gain":0,"player_choice":"Relic","damage_taken":0,"max_hp_gain":0,"max_hp_loss":0,"event_name":"Wheel of Change","floor":4,"gold_loss":0},{"cards_removed":["Strike_R"],"damage_healed":0,"gold_gain":0,"player_choice":"Card Removal","damage_taken":7,"max_hp_gain":0,"max_hp_loss":0,"event_name":"Golden Wing","floor":10,"gold_loss":0},{"damage_healed":0,"gold_gain":30,"player_choice":"Searched \u00271\u0027 times","damage_taken":0,"max_hp_gain":0,"max_hp_loss":0,"event_name":"Dead Adventurer","floor":13,"gold_loss":0},{"damage_healed":0,"gold_gain":0,"player_choice":"Fought Bandits","damage_taken":0,"max_hp_gain":0,"max_hp_loss":0,"event_name":"Masked Bandits","floor":19,"gold_loss":0}],"is_beta":false,"boss_relics":[{"not_picked":["Ectoplasm","Calling Bell"],"picked":"Orrery"}],"items_purged_floors":[3],"is_endless":false,"potions_floor_spawned":[2,8,14,18],"killed_by":"Masked Bandits","ascension_level":10}