{"gold_per_floor":[114,189,189,209,59,59,86,86,110,60,71,81,99,51,51,51],"floor_reached":16,"playtime":749,"items_purged":["Strike_R"],"score":150,"play_id":"b1b87064-0145-47dd-a42d-4fac603cb1fd","local_time":"20181226183739","is_ascension_mode":true,"campfire_choices":[{"data":"Battle Trance","floor":6,"key":"SMITH"},{"data":"Defend_R","floor":8,"key":"SMITH"},{"data":"Shrug It Off","floor":15,"key":"SMITH"}],"neow_cost":"NONE","seed_source_timestamp":562478838825666,"circlet_count":0,"master_deck":["Strike_R","Strike_R","Strike_R","Defend_R+1","Defend_R+1","Defend_R+1","Defend_R+1","Bash+1","Battle Trance+1","Disarm","Shrug It Off+1"],"relics":["Burning Blood","NeowsBlessing","Centennial Puzzle","War Paint"],"potions_floor_usage":[16,16],"damage_taken":[{"damage":0,"enemies":"2 Louse","floor":1,"turns":1},{"damage":0,"enemies":"Jaw Worm","floor":4,"turns":1},{"damage":0,"enemies":"Gremlin Nob","floor":7,"turns":1},{"damage":0,"enemies":"Cultist","floor":11,"turns":3},{"damage":23,"enemies":"Exordium Thugs","floor":12,"turns":6},{"damage":3,"enemies":"Exordium Wildlife","floor":13,"turns":8},{"damage":59,"enemies":"Hexaghost","floor":16,"turns":16}],"seed_played":"1380895003243422661","potions_obtained":[{"floor":1,"key":"SneckoOil"},{"floor":13,"key":"Energy Potion"}],"is_trial":false,"path_per_floor":["M","?","?","M","$","R","E","R","T","?","M","M","M","$","R","B"],"character_chosen":"IRONCLAD","items_purchased":["Battle Trance","Shrug It Off"],"campfire_rested":0,"item_purchase_floors":[5,14],"current_hp_per_floor":[80,69,53,59,59,59,65,65,65,65,71,54,57,57,57,0],"gold":51,"neow_bonus":"THREE_ENEMY_KILL","is_prod":false,"is_daily":false,"chose_seed":false,"campfire_upgraded":3,"win_rate":0,"timestamp":1545871059,"path_taken":["M","?","?","M","$","R","E","R","T","?","M","M","?","$","R","BOSS"],"build_version":"2018-12-20","purchased_purges":1,"victory":false,"max_hp_per_floor":[80,80,80,80,80,80,80,80,80,80,80,80,80,80,80,80],"card_choices":[{"not_picked":["Fire Breathing","Twin Strike","Seeing Red"],"picked":"SKIP","floor":1},{"not_picked":["Havoc","True Grit","Headbutt"],"picked":"SKIP","floor":4},{"not_picked":["Headbutt","True Grit","Clothesline"],"picked":"SKIP","floor":7},{"not_picked":["Flex","Sentinel"],"picked":"Disarm","floor":11},{"not_picked":["Dark Embrace","Perfected Strike","Seeing Red"],"picked":"SKIP","floor":12},{"not_picked":["Perfected Strike","Clothesline","Havoc"],"picked":"SKIP","floor":13}],"player_experience":913748,"relics_obtained":[{"floor":7,"key":"Centennial Puzzle"},{"floor":9,"key":"War Paint"}],"event_choices":[{"damage_healed":0,"gold_gain":75,"player_choice":"Gather Gold","damage_taken":11,"max_hp_gain":0,"max_hp_loss":0,"event_name":"World of Goop","floor":2,"gold_loss":0},{"damage_healed":0,"gold_gain":0,"player_choice":"Entered Light","damage_taken":16,"max_hp_gain":0,"max_hp_loss":0,"event_name":"Shining Light","floor":3,"gold_loss":0,"cards_upgraded":["Defend_R","Bash"]},{"cards_removed":["Strike_R"],"damage_healed":0,"gold_gain":0,"player_choice":"Card Removal","damage_taken":0,"max_hp_gain":0,"max_hp_loss":0,"event_name":"The Cleric","floor":10,"gold_loss":50}],"is_beta":false,"boss_relics":[],"items_purged_floors":[5],"is_endless":false,"potions_floor_spawned":[1,13],"killed_by":"Hexaghost","ascension_level":4}