{"gold_per_floor":[119,119,129,139,139,139,158,158,158,158,158,189,205,205,205,205],"floor_reached":16,"playtime":743,"items_purged":[],"score":140,"play_id":"d385c24e-4810-4f91-a508-9975605fa432","local_time":"20190321194154","is_ascension_mode":true,"campfire_choices":[{"floor":6.0,"key":"REST"},{"floor":8.0,"key":"REST"},{"data":"Noxious Fumes","floor":11.0,"key":"SMITH"},{"floor":15,"key":"REST"}],"neow_cost":"NONE","seed_source_timestamp":0,"circlet_count":0,"master_deck":["Defend_G","Defend_G","Defend_G","Defend_G","Defend_G","Strike_G","Strike_G","Strike_G","Strike_G","Survivor","Neutralize+1","Noxious Fumes+1","Crippling Poison"],"special_seed":0,"relics":["Ring of the Snake","Darkstone Periapt","Snake Skull","Letter Opener","Mummified Hand"],"potions_floor_usage":[16,16,16],"damage_taken":[{"damage":0.0,"enemies":"2 Louse","floor":1.0,"turns":3.0},{"damage":3.0,"enemies":"Jaw Worm","floor":3.0,"turns":7.0},{"damage":8.0,"enemies":"Small Slimes","floor":4.0,"turns":5.0},{"damage":1.0,"enemies":"Blue Slaver","floor":7.0,"turns":6.0},{"damage":50.0,"enemies":"Gremlin Nob","floor":12.0,"turns":6.0},{"damage":5,"enemies":"Exordium Thugs","floor":13,"turns":5},{"damage":35,"enemies":"Slime Boss","floor":16,"turns":10}],"seed_played":"8909384833777482920","potions_obtained":[{"floor":3.0,"key":"SteroidPotion"},{"floor":12,"key":"GamblersBrew"},{"floor":13,"key":"GhostInAJar"}],"is_trial":false,"path_per_floor":["M","?","M","M","?","R","M","R","T","?","R","E","M","T","R","B"],"character_chosen":"THE_SILENT","items_purchased":[],"campfire_rested":3,"item_purchase_floors":[],"current_hp_per_floor":[63,38,35,27,20,41,40,61,61,66,66,16,11,11,33,0],"gold":205,"neow_bonus":"UPGRADE_CARD","is_prod":false,"is_daily":false,"chose_seed":false,"campfire_upgraded":1,"win_rate":0,"timestamp":1553215314,"path_taken":["M","?","M","M","?","R","M","R","T","?","R","E","M","?","R","BOSS"],"build_version":"2019-01-23","purchased_purges":0,"victory":false,"max_hp_per_floor":[70,70,70,70,70,70,70,70,70,75,75,75,75,75,75,75],"card_choices":[{"not_picked":["Deflect","Acrobatics","Escape Plan"],"picked":"SKIP","floor":1.0},{"not_picked":["Bane","Dodge and Roll"],"picked":"Noxious Fumes","floor":3.0},{"not_picked":["Poisoned Stab","Flying Knee"],"picked":"Crippling Poison","floor":4.0},{"not_picked":["Night Terror","Poisoned Stab","Dagger Throw"],"picked":"SKIP","floor":7.0},{"not_picked":["Unload","Calculated Gamble","Outmaneuver"],"picked":"SKIP","floor":12},{"not_picked":["Sucker Punch","Blade Dance","Underhanded Strike"],"picked":"SKIP","floor":13}],"player_experience":1695398,"relics_obtained":[{"floor":9.0,"key":"Snake Skull"},{"floor":12,"key":"Letter Opener"},{"floor":14,"key":"Mummified Hand"}],"event_choices":[{"damage_healed":0.0,"max_hp_gain":0.0,"max_hp_loss":0.0,"gold_gain":0.0,"event_name":"Scrap Ooze","player_choice":"Success","floor":2.0,"gold_loss":0.0,"damage_taken":25.0,"relics_obtained":["Darkstone Periapt"]},{"cards_removed":["Strike_G"],"damage_healed":0.0,"max_hp_gain":0.0,"max_hp_loss":0.0,"gold_gain":0.0,"event_name":"Golden Wing","player_choice":"Card Removal","floor":5.0,"gold_loss":0.0,"damage_taken":7.0},{"damage_healed":0.0,"max_hp_gain":5.0,"max_hp_loss":0.0,"gold_gain":0.0,"event_name":"Big Fish","player_choice":"Donut","floor":10.0,"gold_loss":0.0,"damage_taken":0.0}],"is_beta":false,"boss_relics":[],"items_purged_floors":[],"is_endless":false,"potions_floor_spawned":[3,12,13],"killed_by":"Slime Boss","ascension_level":8}