{"gold_per_floor":[118,118,128,141,141,141,141,152,152,162,8,20,33,43,43,143,143,153,170,170,85,96,96,110,110,134,23,37,37],"floor_reached":29,"playtime":1856,"items_purged":["Strike_B"],"score":368,"play_id":"e57c4f28-ee43-42ef-b137-84b6b7c99e3b","local_time":"20190804130640","is_ascension_mode":true,"campfire_choices":[{"floor":6,"key":"REST"},{"floor":15,"key":"REST"},{"floor":23,"key":"REST"},{"floor":25,"key":"REST"}],"neow_cost":"NONE","seed_source_timestamp":130328975404000,"circlet_count":0,"master_deck":["AscendersBane","Strike_B","Strike_B","Strike_B","Defend_B","Defend_B","Defend_B","Defend_B","Zap","Electrodynamics","Defragment","Streamline","Cold Snap","Gash","Defragment","Defragment","Loop","Gash","Undo","Self Repair+1","Defragment","Madness","Gash"],"relics":["Cracked Core","Letter Opener","Happy Flower","Sozu","Smiling Mask","Kunai","Vajra"],"potions_floor_usage":[16,16],"damage_taken":[{"damage":3,"enemies":"2 Louse","floor":1,"turns":3},{"damage":0,"enemies":"Small Slimes","floor":3,"turns":2},{"damage":13,"enemies":"Jaw Worm","floor":4,"turns":4},{"damage":3,"enemies":"3 Louse","floor":8,"turns":2},{"damage":7,"enemies":"Blue Slaver","floor":10,"turns":3},{"damage":10,"enemies":"Lots of Slimes","floor":12,"turns":2},{"damage":7,"enemies":"Looter","floor":13,"turns":4},{"damage":17,"enemies":"Large Slime","floor":14,"turns":5},{"damage":8,"enemies":"Slime Boss","floor":16,"turns":7},{"damage":34,"enemies":"2 Thieves","floor":18,"turns":3},{"damage":21,"enemies":"Shell Parasite","floor":19,"turns":6},{"damage":18,"enemies":"Cultist and Chosen","floor":22,"turns":5},{"damage":19,"enemies":"Centurion and Healer","floor":24,"turns":6},{"damage":36,"enemies":"Snake Plant","floor":28,"turns":4},{"damage":16,"enemies":"Snecko","floor":29,"turns":4}],"seed_played":"3305655949272528393","potions_obtained":[{"floor":4,"key":"EssenceOfSteel"},{"floor":8,"key":"Block Potion"},{"floor":16,"key":"FairyPotion"}],"is_trial":false,"path_per_floor":["M","?","M","M","?","R","?","M","T","M","$","M","M","M","R","B",null,"M","M","?","?","M","R","M","R","T","$","M","M"],"character_chosen":"DEFECT","items_purchased":["Defragment","Madness","Gash"],"campfire_rested":4,"item_purchase_floors":[11,27,27],"current_hp_per_floor":[65,58,58,45,27,49,54,51,51,44,44,34,27,10,34,26,67,33,12,12,12,3,27,18,42,42,42,16,0],"gold":37,"neow_bonus":"ONE_RANDOM_RARE_CARD","is_prod":false,"is_daily":false,"chose_seed":false,"campfire_upgraded":0,"win_rate":0,"timestamp":1564942000,"path_taken":["M","?","M","M","?","R","?","M","T","M","$","M","M","M","R","BOSS","M","M","?","?","M","R","M","R","T","?","M","?"],"build_version":"2019-07-17","purchased_purges":1,"victory":false,"max_hp_per_floor":[75,75,75,75,75,75,80,80,80,80,80,80,80,80,80,80,80,80,80,80,80,80,80,80,80,80,80,80,80],"card_choices":[{"not_picked":["Sweeping Beam","Beam Cell"],"picked":"Defragment","floor":1},{"not_picked":["Rebound","Double Energy"],"picked":"Streamline","floor":3},{"not_picked":["Stack","Steam"],"picked":"Cold Snap","floor":4},{"not_picked":["Compile Driver","Heatsinks"],"picked":"Gash","floor":8},{"not_picked":["Sweeping Beam","Capacitor"],"picked":"Defragment","floor":10},{"not_picked":["Steam","Scrape","Lockon"],"picked":"SKIP","floor":12},{"not_picked":["Redo","Leap"],"picked":"Loop","floor":13},{"not_picked":["Leap","Barrage","Lockon"],"picked":"SKIP","floor":14},{"not_picked":["Rip and Tear+1","Beam Cell"],"picked":"Gash","floor":18},{"not_picked":["Barrage","Stack"],"picked":"Undo","floor":19},{"not_picked":["Rebound","Redo"],"picked":"Self Repair+1","floor":22},{"not_picked":["Rip and Tear+1","Compile Driver"],"picked":"Defragment","floor":24},{"not_picked":["Barrage+1","Stack+1","Steam+1"],"picked":"SKIP","floor":28}],"player_experience":2669141,"relics_obtained":[{"floor":9,"key":"Happy Flower"},{"floor":26,"key":"Vajra"}],"event_choices":[{"cards_removed":["Dualcast"],"damage_healed":0,"gold_gain":0,"player_choice":"Card Removal","damage_taken":7,"max_hp_gain":0,"max_hp_loss":0,"event_name":"Golden Wing","floor":2,"gold_loss":0},{"damage_healed":0,"gold_gain":0,"player_choice":"Success","damage_taken":18,"relics_obtained":["Letter Opener"],"max_hp_gain":0,"max_hp_loss":0,"event_name":"Scrap Ooze","floor":5,"gold_loss":0},{"damage_healed":0,"gold_gain":0,"player_choice":"Donut","damage_taken":0,"max_hp_gain":5,"max_hp_loss":0,"event_name":"Big Fish","floor":7,"gold_loss":0},{"damage_healed":0,"gold_gain":0,"player_choice":"Opened","damage_taken":0,"relics_obtained":["Smiling Mask"],"max_hp_gain":0,"max_hp_loss":0,"event_name":"The Mausoleum","floor":20,"gold_loss":0},{"damage_healed":0,"gold_gain":0,"player_choice":"Obtained Relic","damage_taken":0,"relics_obtained":["Kunai"],"max_hp_gain":0,"max_hp_loss":0,"event_name":"Addict","floor":21,"gold_loss":85}],"is_beta":false,"boss_relics":[{"not_picked":["Fusion Hammer","Pandora\u0027s Box"],"picked":"Sozu"}],"items_purged_floors":[11],"is_endless":false,"potions_floor_spawned":[4,8,16,22,24],"killed_by":"Snecko","ascension_level":11}