{"gold_per_floor":[117,217,32,48,48,73,88,163,463,480,107,107,107,127,127,225,225,244,154,172,72,72,72,72],"floor_reached":24,"playtime":866,"items_purged":["Dualcast","Strike_B"],"score":363,"play_id":"9cab432f-69da-4988-8379-565f8d17171a","local_time":"20190303131019","is_ascension_mode":true,"campfire_choices":[{"floor":12,"key":"REST"},{"data":"Zap","floor":15,"key":"SMITH"},{"floor":23,"key":"REST"}],"neow_cost":"NONE","seed_source_timestamp":1608437139639054,"circlet_count":0,"master_deck":["Strike_B","Defend_B","Defend_B","Defend_B","Defend_B","Zap+1","FTL","Metamorphosis","Capacitor","Electrodynamics","Sunder","Capacitor","Biased Cognition+1","FTL"],"relics":["Cracked Core","NeowsBlessing","Emotion Chip","Old Coin","Gambling Chip","Runic Pyramid"],"potions_floor_usage":[16,16,16,16,16,16],"damage_taken":[{"damage":0,"enemies":"Jaw Worm","floor":1,"turns":1},{"damage":0,"enemies":"Cultist","floor":4,"turns":1},{"damage":0,"enemies":"3 Sentries","floor":6,"turns":1},{"damage":7,"enemies":"Small Slimes","floor":7,"turns":3},{"damage":11,"enemies":"Looter","floor":10,"turns":3},{"damage":0,"enemies":"Lots of Slimes","floor":14,"turns":1},{"damage":0,"enemies":"Slime Boss","floor":16,"turns":4},{"damage":27,"enemies":"Shell Parasite","floor":18,"turns":5},{"damage":20,"enemies":"Chosen","floor":20,"turns":5},{"damage":24,"enemies":"Colosseum Slavers","floor":22,"turns":3},{"damage":28,"enemies":"Snake Plant","floor":24,"turns":2}],"seed_played":"6202697375367571182","potions_obtained":[{"floor":1,"key":"Weak Potion"},{"floor":6,"key":"SkillPotion"},{"floor":14,"key":"EntropicBrew"},{"floor":20,"key":"Explosive Potion"}],"is_trial":false,"path_per_floor":["M","?","$","M","$","E","M","?","T","M","$","R","?","M","R","B",null,"M","?","M","$","?","R","M"],"character_chosen":"DEFECT","items_purchased":["Metamorphosis","Gambling Chip"],"campfire_rested":2,"item_purchase_floors":[3,11],"current_hp_per_floor":[68,68,68,68,68,68,61,50,50,39,39,61,61,61,61,61,72,45,45,25,25,1,23,0],"gold":72,"neow_bonus":"THREE_ENEMY_KILL","is_prod":false,"is_daily":false,"chose_seed":false,"campfire_upgraded":1,"win_rate":0,"timestamp":1551640219,"path_taken":["M","?","$","M","$","E","?","?","T","M","$","R","?","M","R","BOSS","M","?","?","$","?","R","M"],"build_version":"2019-01-23","purchased_purges":2,"victory":false,"max_hp_per_floor":[75,75,75,75,75,75,75,75,75,75,75,75,75,75,75,75,75,75,75,75,75,75,75,75],"card_choices":[{"not_picked":["Leap","Go for the Eyes"],"picked":"FTL","floor":1},{"not_picked":["FTL","Compile Driver"],"picked":"Capacitor","floor":4},{"not_picked":["BootSequence","Capacitor"],"picked":"Electrodynamics","floor":6},{"not_picked":["Conserve Battery","Barrage"],"picked":"Sunder","floor":7},{"not_picked":["Rebound","Leap"],"picked":"Capacitor","floor":10},{"not_picked":["Turbo","Sweeping Beam","Go for the Eyes"],"picked":"SKIP","floor":14},{"not_picked":["Multi-Cast","Meteor Strike"],"picked":"Biased Cognition","floor":16},{"not_picked":["Barrage","Beam Cell"],"picked":"FTL","floor":18},{"not_picked":["Leap+1","Hologram","Barrage"],"picked":"SKIP","floor":20}],"player_experience":1579873,"relics_obtained":[{"floor":6,"key":"Emotion Chip"},{"floor":9,"key":"Old Coin"}],"event_choices":[{"damage_healed":0,"gold_gain":100,"player_choice":"Pray","damage_taken":0,"max_hp_gain":0,"max_hp_loss":0,"event_name":"Golden Shrine","floor":2,"gold_loss":0},{"damage_healed":0,"gold_gain":75,"player_choice":"Gather Gold","damage_taken":11,"max_hp_gain":0,"max_hp_loss":0,"event_name":"World of Goop","floor":8,"gold_loss":0},{"cards_removed":["Strike_B"],"damage_healed":0,"gold_gain":0,"player_choice":"Forget","damage_taken":0,"max_hp_gain":0,"max_hp_loss":0,"event_name":"Living Wall","floor":13,"gold_loss":0},{"cards_removed":["Strike_B"],"damage_healed":0,"gold_gain":0,"player_choice":"Upgrade and Remove","damage_taken":0,"max_hp_gain":0,"max_hp_loss":0,"event_name":"Designer","floor":19,"gold_loss":90,"cards_upgraded":["Biased Cognition"]},{"damage_healed":0,"gold_gain":0,"player_choice":"Fight","damage_taken":0,"max_hp_gain":0,"max_hp_loss":0,"event_name":"Colosseum","floor":22,"gold_loss":0},{"damage_healed":0,"gold_gain":0,"player_choice":"Fled From Nobs","damage_taken":0,"max_hp_gain":0,"max_hp_loss":0,"event_name":"Colosseum","floor":22,"gold_loss":0}],"is_beta":false,"boss_relics":[{"not_picked":["Orrery","Ectoplasm"],"picked":"Runic Pyramid"}],"items_purged_floors":[11,21],"is_endless":false,"potions_floor_spawned":[1,6,14,20],"killed_by":"Snake Plant","ascension_level":7}