{"gold_per_floor":[110,110,110,124,143,143,158,158,158,158,98,48,100,114,114,114],"floor_reached":16,"playtime":14613,"items_purged":["Strike_R"],"score":117,"play_id":"6cce4643-e4bc-4f01-b82b-123107c1e569","local_time":"20190216225324","is_ascension_mode":true,"campfire_choices":[{"floor":6,"key":"REST"},{"data":"Entrench","floor":8,"key":"SMITH"},{"data":"Body Slam","floor":10,"key":"SMITH"},{"data":"Bash","floor":15,"key":"SMITH"}],"neow_cost":"NONE","seed_source_timestamp":333572451473869,"circlet_count":0,"master_deck":["Strike_R","Strike_R","Defend_R","Defend_R","Defend_R","Defend_R","Bash+1","Entrench+1","Body Slam+1"],"relics":["Burning Blood","Charon\u0027s Ashes","The Courier","Dream Catcher"],"potions_floor_usage":[7,16],"damage_taken":[{"damage":11,"enemies":"Small Slimes","floor":1,"turns":5},{"damage":8,"enemies":"Jaw Worm","floor":4,"turns":5},{"damage":10,"enemies":"2 Louse","floor":5,"turns":4},{"damage":6,"enemies":"Looter","floor":7,"turns":4},{"damage":17,"enemies":"Lots of Slimes","floor":14,"turns":10},{"damage":77,"enemies":"The Guardian","floor":16,"turns":19}],"seed_played":"-6926574344537710659","potions_obtained":[{"floor":5,"key":"Explosive Potion"},{"floor":7,"key":"SpeedPotion"}],"is_trial":false,"path_per_floor":["M","?","?","M","M","R","M","R","T","R","$","?","T","M","R","B"],"character_chosen":"IRONCLAD","items_purchased":[],"campfire_rested":1,"item_purchase_floors":[],"current_hp_per_floor":[67,72,65,63,59,84,84,84,84,84,84,84,84,73,73,0],"gold":114,"neow_bonus":"REMOVE_CARD","is_prod":false,"is_daily":false,"chose_seed":false,"campfire_upgraded":3,"win_rate":0,"timestamp":1550379204,"path_taken":["M","?","?","M","M","R","M","R","T","R","?","?","?","M","R","BOSS"],"build_version":"2019-01-23","purchased_purges":1,"victory":false,"max_hp_per_floor":[80,85,85,85,85,85,85,85,85,85,85,85,85,85,85,85],"card_choices":[{"not_picked":["Clash","Hemokinesis","Second Wind"],"picked":"SKIP","floor":1},{"not_picked":["Clash","Thunderclap"],"picked":"Entrench","floor":4},{"not_picked":["Sever Soul","Havoc","Armaments"],"picked":"SKIP","floor":5},{"not_picked":["Pommel Strike","Berserk"],"picked":"Body Slam","floor":7},{"not_picked":["Warcry","Heavy Blade","Searing Blow"],"picked":"SKIP","floor":14}],"player_experience":1382339,"relics_obtained":[{"floor":9,"key":"The Courier"},{"floor":13,"key":"Dream Catcher"}],"event_choices":[{"damage_healed":0,"gold_gain":0,"player_choice":"Donut","damage_taken":0,"max_hp_gain":5,"max_hp_loss":0,"event_name":"Big Fish","floor":2,"gold_loss":0},{"damage_healed":0,"gold_gain":0,"player_choice":"Success","damage_taken":7,"relics_obtained":["Charon\u0027s Ashes"],"max_hp_gain":0,"max_hp_loss":0,"event_name":"Scrap Ooze","floor":3,"gold_loss":0},{"cards_removed":["Strike_R"],"damage_healed":0,"gold_gain":0,"player_choice":"Card Removal","damage_taken":0,"max_hp_gain":0,"max_hp_loss":0,"event_name":"The Cleric","floor":12,"gold_loss":50}],"is_beta":false,"boss_relics":[],"items_purged_floors":[11],"is_endless":false,"potions_floor_spawned":[5,7],"killed_by":"The Guardian","ascension_level":6}