{"gold_per_floor":[116,130,9,9,9,41,58,19,19,36,36,36,49,72,72,175,175,194,194],"floor_reached":19,"playtime":20044,"items_purged":["Strike_G"],"score":303,"play_id":"768cb86c-1625-4d4d-bc9f-0245f7c88832","local_time":"20190209164528","is_ascension_mode":true,"campfire_choices":[{"data":"Footwork","floor":12,"key":"SMITH"},{"data":"Well Laid Plans","floor":15,"key":"SMITH"}],"neow_cost":"NONE","seed_source_timestamp":2617107741191928,"circlet_count":0,"master_deck":["Defend_G","Defend_G","Defend_G","Defend_G","Defend_G","Strike_G","Strike_G","Strike_G","Survivor","Neutralize","Blur","Cloak And Dagger","Deadly Poison","Leg Sweep","Well Laid Plans+1","Footwork+1","Bullet Time"],"relics":["Ring of the Snake","NeowsBlessing","Dodecahedron","Nunchaku","Letter Opener","Strawberry","Busted Crown"],"potions_floor_usage":[18,19,19,19],"damage_taken":[{"damage":0,"enemies":"2 Louse","floor":1,"turns":1},{"damage":0,"enemies":"Small Slimes","floor":2,"turns":1},{"damage":0,"enemies":"Lagavulin","floor":6,"turns":1},{"damage":0,"enemies":"Cultist","floor":7,"turns":6},{"damage":0,"enemies":"Red Slaver","floor":10,"turns":5},{"damage":0,"enemies":"2 Fungi Beasts","floor":13,"turns":6},{"damage":0,"enemies":"The Guardian","floor":16,"turns":17},{"damage":0,"enemies":"3 Byrds","floor":18,"turns":7},{"damage":0,"enemies":"Colosseum Slavers","floor":19,"turns":6},{"damage":88,"enemies":"Colosseum Nobs","floor":19,"turns":5}],"seed_played":"-5330508022067379014","potions_obtained":[{"floor":6,"key":"GamblersBrew"},{"floor":13,"key":"Regen Potion"},{"floor":16,"key":"Weak Potion"},{"floor":18,"key":"Strength Potion"}],"is_trial":false,"path_per_floor":["M","M","$","?","?","E","M","$","T","M","?","R","M","T","R","B",null,"M","?"],"character_chosen":"THE_SILENT","items_purchased":["Deadly Poison","Footwork"],"campfire_rested":0,"item_purchase_floors":[3,8],"current_hp_per_floor":[70,70,70,63,63,63,63,63,63,63,68,68,68,75,75,75,80,82,0],"gold":194,"neow_bonus":"THREE_ENEMY_KILL","is_prod":false,"is_daily":false,"chose_seed":false,"campfire_upgraded":2,"win_rate":0,"timestamp":1549752328,"path_taken":["M","M","$","?","?","E","?","?","T","M","?","R","M","?","R","BOSS","M","?"],"build_version":"2019-01-23","purchased_purges":1,"victory":false,"max_hp_per_floor":[70,70,70,70,70,70,70,70,70,70,75,75,75,82,82,82,82,82,82],"card_choices":[{"not_picked":["Acrobatics","PiercingWail"],"picked":"Blur","floor":1},{"not_picked":["Dagger Spray","Skewer"],"picked":"Cloak And Dagger","floor":2},{"not_picked":["Accuracy","Infinite Blades"],"picked":"Leg Sweep","floor":6},{"not_picked":["Deflect","Underhanded Strike"],"picked":"Well Laid Plans","floor":7},{"not_picked":["Escape Plan","Riddle With Holes","Sucker Punch"],"picked":"SKIP","floor":10},{"not_picked":["Blade Dance","Acrobatics","Poisoned Stab"],"picked":"SKIP","floor":13},{"not_picked":["Grand Finale","Glass Knife"],"picked":"Bullet Time","floor":16},{"not_picked":["Poisoned Stab+1"],"picked":"SKIP","floor":18}],"player_experience":1299246,"relics_obtained":[{"floor":6,"key":"Nunchaku"},{"floor":9,"key":"Letter Opener"},{"floor":14,"key":"Strawberry"}],"event_choices":[{"damage_healed":0,"gold_gain":0,"player_choice":"Success","damage_taken":7,"relics_obtained":["Dodecahedron"],"max_hp_gain":0,"max_hp_loss":0,"event_name":"Scrap Ooze","floor":4,"gold_loss":0},{"cards_removed":["Strike_G"],"damage_healed":0,"gold_gain":0,"player_choice":"Offered Basic","damage_taken":0,"max_hp_gain":0,"max_hp_loss":0,"event_name":"Bonfire Elementals","floor":5,"gold_loss":0},{"damage_healed":0,"gold_gain":0,"player_choice":"Donut","damage_taken":0,"max_hp_gain":5,"max_hp_loss":0,"event_name":"Big Fish","floor":11,"gold_loss":0},{"damage_healed":0,"gold_gain":0,"player_choice":"Fight","damage_taken":0,"max_hp_gain":0,"max_hp_loss":0,"event_name":"Colosseum","floor":19,"gold_loss":0},{"damage_healed":0,"gold_gain":0,"player_choice":"Fought Nobs","damage_taken":0,"max_hp_gain":0,"max_hp_loss":0,"event_name":"Colosseum","floor":19,"gold_loss":0}],"is_beta":false,"boss_relics":[{"not_picked":["Philosopher\u0027s Stone","Tiny House"],"picked":"Busted Crown"}],"items_purged_floors":[3],"is_endless":false,"potions_floor_spawned":[6,13,16,18],"killed_by":"Colosseum Nobs","ascension_level":5}