{"gold_per_floor":[109,109,109,126,32,57,57,86,112,130,205,223,76,95,95,192,192,203,217,317,317],"floor_reached":21,"playtime":754,"items_purged":["Strike_R"],"score":296,"play_id":"d8be9efb-6be3-4a09-b87a-cfd9560f0944","local_time":"20190616140212","is_ascension_mode":true,"campfire_choices":[{"data":"Madness","floor":7,"key":"SMITH"},{"floor":15,"key":"REST"}],"neow_cost":"NONE","seed_source_timestamp":315684236169786,"circlet_count":0,"master_deck":["Strike_R","Strike_R","Defend_R","Defend_R","Defend_R","Defend_R","Bash","Whirlwind","Madness+1","Demon Form","Reaper"],"relics":["Burning Blood","NeowsBlessing","Bag of Preparation","Oddly Smooth Stone","Odd Mushroom","Omamori","Empty Cage"],"potions_floor_usage":[16,16,16],"damage_taken":[{"damage":0,"enemies":"Small Slimes","floor":1,"turns":1},{"damage":0,"enemies":"Jaw Worm","floor":4,"turns":1},{"damage":0,"enemies":"Lagavulin","floor":6,"turns":1},{"damage":43,"enemies":"The Mushroom Lair","floor":8,"turns":6},{"damage":0,"enemies":"2 Louse","floor":10,"turns":1},{"damage":9,"enemies":"Blue Slaver","floor":12,"turns":4},{"damage":0,"enemies":"3 Louse","floor":14,"turns":2},{"damage":44,"enemies":"Hexaghost","floor":16,"turns":9},{"damage":35,"enemies":"Spheric Guardian","floor":18,"turns":6},{"damage":24,"enemies":"Chosen","floor":19,"turns":8},{"damage":50,"enemies":"Snake Plant","floor":21,"turns":5}],"seed_played":"4360926048574536755","potions_obtained":[{"floor":4,"key":"FearPotion"},{"floor":6,"key":"Weak Potion"},{"floor":10,"key":"BloodPotion"},{"floor":18,"key":"Dexterity Potion"}],"is_trial":false,"path_per_floor":["M","?","T","M","$","E","R","?","T","M","?","M","$","M","R","B",null,"M","M","?","M"],"character_chosen":"IRONCLAD","items_purchased":["Madness","Demon Form"],"campfire_rested":1,"item_purchase_floors":[5,13],"current_hp_per_floor":[78,83,83,85,85,85,85,48,48,54,43,40,40,46,71,41,74,59,50,50,0],"gold":317,"neow_bonus":"THREE_ENEMY_KILL","is_prod":false,"is_daily":false,"chose_seed":false,"campfire_upgraded":1,"win_rate":0,"timestamp":1560711732,"path_taken":["M","?","?","M","$","E","R","?","T","M","?","?","$","M","R","BOSS","M","M","?","?"],"build_version":"2019-01-23","purchased_purges":1,"victory":false,"max_hp_per_floor":[80,85,85,85,85,85,85,85,85,85,85,85,85,85,85,85,85,85,85,85,85],"card_choices":[{"not_picked":["Clash","Havoc","True Grit"],"picked":"SKIP","floor":1},{"not_picked":["Shrug It Off","Clash"],"picked":"Whirlwind","floor":4},{"not_picked":["Fiend Fire","Warcry","Thunderclap"],"picked":"SKIP","floor":6},{"not_picked":["Combust","Sword Boomerang","Clash"],"picked":"SKIP","floor":10},{"not_picked":["Perfected Strike","Heavy Blade","Headbutt"],"picked":"SKIP","floor":12},{"not_picked":["Flex","Perfected Strike","Headbutt"],"picked":"SKIP","floor":14},{"not_picked":["Double Tap","Immolate"],"picked":"Reaper","floor":16},{"not_picked":["Perfected Strike","True Grit","Havoc"],"picked":"SKIP","floor":18},{"not_picked":["Dropkick+1","Cleave","True Grit"],"picked":"SKIP","floor":19}],"player_experience":2059785,"relics_obtained":[{"floor":3,"key":"Bag of Preparation"},{"floor":6,"key":"Oddly Smooth Stone"},{"floor":8,"key":"Odd Mushroom"},{"floor":9,"key":"Omamori"}],"event_choices":[{"damage_healed":0,"gold_gain":0,"player_choice":"Donut","damage_taken":0,"max_hp_gain":5,"max_hp_loss":0,"event_name":"Big Fish","floor":2,"gold_loss":0},{"damage_healed":0,"gold_gain":0,"player_choice":"Fought Mushrooms","damage_taken":0,"max_hp_gain":0,"max_hp_loss":0,"event_name":"Mushrooms","floor":8,"gold_loss":0},{"damage_healed":0,"gold_gain":75,"player_choice":"Gather Gold","damage_taken":11,"max_hp_gain":0,"max_hp_loss":0,"event_name":"World of Goop","floor":11,"gold_loss":0},{"damage_healed":0,"gold_gain":100,"player_choice":"Pray","damage_taken":0,"max_hp_gain":0,"max_hp_loss":0,"event_name":"Golden Shrine","floor":20,"gold_loss":0}],"is_beta":false,"boss_relics":[{"not_picked":["Mark of Pain","Ectoplasm"],"picked":"Empty Cage"}],"items_purged_floors":[13],"is_endless":false,"potions_floor_spawned":[4,6,10,14,18],"killed_by":"Snake Plant","ascension_level":9}