{"gold_per_floor":[109,59,83,112,147,188,200,212,248,280,305,317,329,351,363,375],"floor_reached":16,"playtime":561,"items_purged":[],"score":155,"play_id":"f2460997-38b7-4f3e-8426-f153d9433d3c","local_time":"20190803083525","is_ascension_mode":true,"campfire_choices":[{"floor":8,"key":"REST"},{"floor":12,"key":"REST"},{"floor":15,"key":"REST"}],"neow_cost":"NONE","seed_source_timestamp":28953367569700,"circlet_count":0,"master_deck":["AscendersBane","Strike_R","Strike_R","Strike_R","Strike_R","Strike_R","Defend_R","Defend_R","Defend_R","Defend_R","Body Slam"],"relics":["Velvet Choker","MawBank","Bag of Preparation","Smiling Mask"],"potions_floor_usage":[16,16],"damage_taken":[{"damage":1,"enemies":"Small Slimes","floor":1,"turns":4},{"damage":3,"enemies":"Jaw Worm","floor":4,"turns":5},{"damage":64,"enemies":"Lagavulin","floor":6,"turns":9},{"damage":0,"enemies":"Cultist","floor":10,"turns":4},{"damage":3,"enemies":"Blue Slaver","floor":11,"turns":5},{"damage":39,"enemies":"Exordium Wildlife","floor":14,"turns":8},{"damage":43,"enemies":"The Guardian","floor":16,"turns":8}],"seed_played":"7238562094760022407","potions_obtained":[{"floor":4,"key":"Block Potion"},{"floor":6,"key":"SkillPotion"}],"is_trial":false,"path_per_floor":["M","?","T","M","T","E","$","R","T","M","M","R","$","M","R","B"],"character_chosen":"IRONCLAD","items_purchased":[],"campfire_rested":3,"item_purchase_floors":[],"current_hp_per_floor":[71,71,71,68,68,4,4,28,28,28,25,49,49,10,34,0],"gold":375,"neow_bonus":"BOSS_RELIC","is_prod":false,"is_daily":false,"chose_seed":false,"campfire_upgraded":0,"win_rate":0,"timestamp":1564839325,"path_taken":["M","?","?","M","?","E","$","R","T","?","M","R","$","M","R","BOSS"],"build_version":"2019-07-17","purchased_purges":0,"victory":false,"max_hp_per_floor":[80,80,80,80,80,80,80,80,80,80,80,80,80,80,80,80],"card_choices":[{"not_picked":["Perfected Strike","Feel No Pain","Flex"],"picked":"SKIP","floor":1},{"not_picked":["Pummel","Fire Breathing","Clothesline"],"picked":"SKIP","floor":4},{"not_picked":["Rupture","Dark Embrace","Shockwave"],"picked":"SKIP","floor":6},{"not_picked":["Sever Soul","Wild Strike","Perfected Strike"],"picked":"SKIP","floor":10},{"not_picked":["Armaments","Fire Breathing"],"picked":"Body Slam","floor":11},{"not_picked":["Headbutt","Heavy Blade","Pummel"],"picked":"SKIP","floor":14}],"player_experience":2635293,"relics_obtained":[{"floor":3,"key":"MawBank"},{"floor":6,"key":"Bag of Preparation"},{"floor":9,"key":"Smiling Mask"}],"event_choices":[{"cards_removed":["Bash"],"damage_healed":0,"gold_gain":0,"player_choice":"Card Removal","damage_taken":0,"max_hp_gain":0,"max_hp_loss":0,"event_name":"The Cleric","floor":2,"gold_loss":50}],"is_beta":false,"boss_relics":[],"items_purged_floors":[],"is_endless":false,"potions_floor_spawned":[4,6,11],"killed_by":"The Guardian","ascension_level":11}