{"gold_per_floor":[367,367,378,16,33,33,60,60,60,77,9,9,9],"floor_reached":13,"playtime":323,"items_purged":["Dualcast"],"score":117,"play_id":"1072ab7e-8cb9-4288-b415-6b05be8fb8c8","local_time":"20190820192914","is_ascension_mode":true,"campfire_choices":[{"floor":6,"key":"REST"},{"floor":8,"key":"RECALL"}],"neow_cost":"TEN_PERCENT_HP_LOSS","seed_source_timestamp":582549498601000,"circlet_count":0,"master_deck":["AscendersBane","Strike_B","Strike_B","Strike_B","Strike_B","Defend_B","Defend_B","Defend_B","Defend_B","Zap","Defragment","The Bomb","Loop","Cold Snap","Conserve Battery","Core Surge","FTL","Self Repair"],"relics":["Cracked Core","DataDisk","Odd Mushroom","Toxic Egg 2"],"potions_floor_usage":[10,10],"damage_taken":[{"damage":5,"enemies":"Cultist","floor":1,"turns":4},{"damage":12,"enemies":"2 Louse","floor":3,"turns":3},{"damage":7,"enemies":"Jaw Worm","floor":5,"turns":3},{"damage":15,"enemies":"The Mushroom Lair","floor":7,"turns":3},{"damage":10,"enemies":"Exordium Thugs","floor":10,"turns":4},{"damage":8,"enemies":"Large Slime","floor":13,"turns":1}],"seed_played":"-5778956744053213425","potions_obtained":[{"floor":1,"key":"Explosive Potion"},{"floor":5,"key":"Dexterity Potion"}],"is_trial":false,"path_per_floor":["M","?","M","$","M","R","?","R","T","M","$","$","M"],"character_chosen":"DEFECT","items_purchased":["The Bomb","Loop","Cold Snap","Self Repair"],"campfire_rested":1,"item_purchase_floors":[4,4,4,11],"current_hp_per_floor":[63,30,18,18,11,31,16,16,16,6,6,6,0],"gold":9,"neow_bonus":"TWO_FIFTY_GOLD","is_prod":false,"is_daily":false,"chose_seed":false,"campfire_upgraded":0,"win_rate":0,"timestamp":1566347354,"path_taken":["M","?","M","$","M","R","?","R","T","M","?","$","M"],"build_version":"2019-07-17","purchased_purges":1,"victory":false,"max_hp_per_floor":[68,68,68,68,68,68,68,68,68,68,68,68,68],"card_choices":[{"not_picked":["Barrage","Rebound"],"picked":"Defragment","floor":1},{"not_picked":["Lockon","Compile Driver","Doom and Gloom"],"picked":"SKIP","floor":3},{"not_picked":["Stack","Redo"],"picked":"Conserve Battery","floor":5},{"not_picked":["Darkness","Leap"],"picked":"Core Surge","floor":7},{"not_picked":["Static Discharge","Turbo+1"],"picked":"FTL","floor":10}],"player_experience":2882091,"relics_obtained":[{"floor":7,"key":"Odd Mushroom"},{"floor":9,"key":"Toxic Egg 2"}],"event_choices":[{"damage_healed":0,"gold_gain":0,"player_choice":"Success","damage_taken":33,"relics_obtained":["DataDisk"],"max_hp_gain":0,"max_hp_loss":0,"event_name":"Scrap Ooze","floor":2,"gold_loss":0},{"damage_healed":0,"gold_gain":0,"player_choice":"Fought Mushrooms","damage_taken":0,"max_hp_gain":0,"max_hp_loss":0,"event_name":"Mushrooms","floor":7,"gold_loss":0}],"is_beta":false,"boss_relics":[],"items_purged_floors":[4],"is_endless":false,"potions_floor_spawned":[1,5],"killed_by":"Large Slime","ascension_level":12}