{"gold_per_floor":[116,116,131,81,81,81,81,81,81,81,81,106,127,147,147,147],"floor_reached":16,"playtime":634,"items_purged":[],"score":131,"play_id":"72e66098-a4a6-411b-906c-8d13490ed350","local_time":"20190613201859","is_ascension_mode":true,"campfire_choices":[{"data":"Metallicize","floor":6,"key":"SMITH"},{"data":"Bash","floor":8,"key":"SMITH"},{"data":"Defend_R","floor":10,"key":"SMITH"},{"floor":15,"key":"REST"}],"neow_cost":"TEN_PERCENT_HP_LOSS","seed_source_timestamp":79209341423549,"circlet_count":0,"master_deck":["Strike_R+1","Strike_R","Strike_R","Defend_R+1","Defend_R","Defend_R","Defend_R+1","Bash+1","Metallicize+1","Body Slam"],"relics":["Burning Blood","WingedGreaves","Golden Idol","Singing Bowl"],"potions_floor_usage":[16,16,16],"damage_taken":[{"damage":6,"enemies":"Cultist","floor":1,"turns":4},{"damage":9,"enemies":"Small Slimes","floor":3,"turns":5},{"damage":0,"enemies":"2 Louse","floor":12,"turns":3},{"damage":2,"enemies":"2 Fungi Beasts","floor":13,"turns":6},{"damage":12,"enemies":"3 Louse","floor":14,"turns":5},{"damage":90,"enemies":"Hexaghost","floor":16,"turns":16}],"seed_played":"451154143670171714","potions_obtained":[{"floor":1,"key":"Strength Potion"},{"floor":12,"key":"Regen Potion"},{"floor":13,"key":"Dexterity Potion"}],"is_trial":false,"path_per_floor":["M","?","M","?","?","R","?","R","T","R","?","M","M","M","R","B"],"character_chosen":"IRONCLAD","items_purchased":[],"campfire_rested":1,"item_purchase_floors":[],"current_hp_per_floor":[72,54,51,51,56,56,56,56,56,56,41,49,53,49,73,0],"gold":147,"neow_bonus":"ONE_RARE_RELIC","is_prod":false,"is_daily":false,"chose_seed":false,"campfire_upgraded":3,"win_rate":0,"timestamp":1560475139,"path_taken":["M","?","M","?","?","R","?","R","T","R","?","M","M","M","R","BOSS"],"build_version":"2019-01-23","purchased_purges":0,"victory":false,"max_hp_per_floor":[72,72,72,72,77,77,77,77,77,77,77,79,79,81,81,81],"card_choices":[{"not_picked":["Uppercut","Cleave","Feel No Pain"],"picked":"SKIP","floor":1},{"not_picked":["Sword Boomerang","Spot Weakness"],"picked":"Metallicize","floor":3},{"not_picked":["Flex","Bloodletting","Carnage"],"picked":"Singing Bowl","floor":12},{"not_picked":["Armaments","Iron Wave"],"picked":"Body Slam","floor":13},{"not_picked":["Thunderclap","Armaments","Warcry"],"picked":"Singing Bowl","floor":14}],"player_experience":2035973,"relics_obtained":[{"floor":9,"key":"Singing Bowl"}],"event_choices":[{"damage_healed":0,"gold_gain":0,"player_choice":"Take Damage","damage_taken":18,"relics_obtained":["Golden Idol"],"max_hp_gain":0,"max_hp_loss":0,"event_name":"Golden Idol","floor":2,"gold_loss":0},{"cards_removed":["Strike_R"],"damage_healed":0,"gold_gain":0,"player_choice":"Card Removal","damage_taken":0,"max_hp_gain":0,"max_hp_loss":0,"event_name":"The Cleric","floor":4,"gold_loss":50},{"damage_healed":0,"gold_gain":0,"player_choice":"Donut","damage_taken":0,"max_hp_gain":5,"max_hp_loss":0,"event_name":"Big Fish","floor":5,"gold_loss":0},{"cards_removed":["Strike_R"],"damage_healed":0,"gold_gain":0,"player_choice":"Forget","damage_taken":0,"max_hp_gain":0,"max_hp_loss":0,"event_name":"Living Wall","floor":7,"gold_loss":0},{"damage_healed":0,"gold_gain":0,"player_choice":"Entered Light","damage_taken":15,"max_hp_gain":0,"max_hp_loss":0,"event_name":"Shining Light","floor":11,"gold_loss":0,"cards_upgraded":["Strike_R","Defend_R"]}],"is_beta":false,"boss_relics":[],"items_purged_floors":[],"is_endless":false,"potions_floor_spawned":[1,12,13],"killed_by":"Hexaghost","ascension_level":9}