{"gold_per_floor":[116,66,83,83,83,83,96,130,207,226,42,42,42,62,62,165,165,175,175,90,109,124,124,124,141,141,159,177,267,281,295,295,295],"floor_reached":33,"playtime":1991,"items_purged":[],"score":364,"play_id":"3a6eaf2c-0ee4-4788-ae25-5abe6f71d155","local_time":"20190616134925","is_ascension_mode":true,"campfire_choices":[{"floor":6,"key":"REST"},{"floor":13,"key":"REST"},{"floor":15,"key":"REST"},{"floor":23,"key":"REST"},{"floor":24,"key":"REST"},{"floor":32,"key":"REST"}],"neow_cost":"NONE","seed_source_timestamp":313678659538282,"circlet_count":0,"master_deck":["Strike_B","Strike_B","Strike_B","Strike_B","Defend_B","Defend_B","Defend_B","Defend_B","Zap","Cold Snap","Cold Snap","Apotheosis","Thunder Strike","Conserve Battery","Consume","Cold Snap+1"],"relics":["Cracked Core","DataDisk","Bronze Scales","WingedGreaves","Sundial","Busted Crown","Nilry\u0027s Codex","Shuriken"],"potions_floor_usage":[10,16,16,33,33,33],"damage_taken":[{"damage":13,"enemies":"Small Slimes","floor":1,"turns":4},{"damage":8,"enemies":"2 Louse","floor":3,"turns":4},{"damage":2,"enemies":"Jaw Worm","floor":7,"turns":4},{"damage":19,"enemies":"Gremlin Nob","floor":8,"turns":4},{"damage":20,"enemies":"Lots of Slimes","floor":10,"turns":3},{"damage":13,"enemies":"2 Fungi Beasts","floor":14,"turns":3},{"damage":7,"enemies":"The Guardian","floor":16,"turns":10},{"damage":23,"enemies":"2 Thieves","floor":18,"turns":4},{"damage":0,"enemies":"3 Byrds","floor":21,"turns":3},{"damage":9,"enemies":"Cultist and Chosen","floor":22,"turns":6},{"damage":9,"enemies":"Shelled Parasite and Fungi","floor":25,"turns":6},{"damage":11,"enemies":"Centurion and Healer","floor":27,"turns":8},{"damage":4,"enemies":"Sentry and Sphere","floor":28,"turns":6},{"damage":2,"enemies":"Chosen and Byrds","floor":30,"turns":7},{"damage":7,"enemies":"Snecko","floor":31,"turns":6},{"damage":48,"enemies":"Automaton","floor":33,"turns":12}],"seed_played":"-437520063778546499","potions_obtained":[{"floor":7,"key":"Weak Potion"},{"floor":8,"key":"LiquidBronze"},{"floor":10,"key":"EssenceOfSteel"},{"floor":16,"key":"Ancient Potion"},{"floor":18,"key":"Poison Potion"},{"floor":22,"key":"PowerPotion"}],"is_trial":false,"path_per_floor":["M","?","M","?","?","R","M","E","T","M","$","?","R","M","R","B",null,"M","?","?","M","M","R","R","M","T","M","M","?","M","M","R","B"],"character_chosen":"DEFECT","items_purchased":["Apotheosis"],"campfire_rested":6,"item_purchase_floors":[11],"current_hp_per_floor":[55,55,47,35,40,64,62,43,43,23,23,23,47,34,58,51,73,50,34,34,34,25,49,73,64,64,53,49,33,31,24,48,0],"gold":295,"neow_bonus":"RANDOM_COMMON_RELIC","is_prod":false,"is_daily":false,"chose_seed":false,"campfire_upgraded":0,"win_rate":0,"timestamp":1560710965,"path_taken":["M","?","M","?","?","R","?","E","T","?","$","?","R","M","R","BOSS","M","?","?","M","M","R","R","M","T","M","M","?","M","?","R","BOSS"],"build_version":"2019-01-23","purchased_purges":0,"victory":false,"max_hp_per_floor":[75,75,75,75,80,80,80,80,80,80,80,80,80,80,80,80,80,80,80,80,80,80,80,80,80,80,80,80,80,80,80,80,80],"card_choices":[{"not_picked":["Stack","Gash","Turbo"],"picked":"SKIP","floor":1},{"not_picked":["Blizzard","Streamline","Auto Shields"],"picked":"SKIP","floor":3},{"not_picked":["Streamline","Heatsinks"],"picked":"Cold Snap","floor":7},{"not_picked":["Gash","Barrage"],"picked":"Cold Snap","floor":8},{"not_picked":["Lockon","Beam Cell","Stack"],"picked":"SKIP","floor":10},{"not_picked":["Rebound","Barrage","Scrape"],"picked":"SKIP","floor":14},{"not_picked":["Hyperbeam","Amplify"],"picked":"Thunder Strike","floor":16},{"not_picked":["Barrage"],"picked":"SKIP","floor":18},{"not_picked":["Compile Driver+1"],"picked":"SKIP","floor":21},{"not_picked":[],"picked":"Conserve Battery","floor":22},{"not_picked":["Beam Cell"],"picked":"SKIP","floor":25},{"not_picked":["Recycle"],"picked":"SKIP","floor":27},{"not_picked":["Hologram"],"picked":"SKIP","floor":28},{"not_picked":[],"picked":"Consume","floor":30},{"not_picked":[],"picked":"Cold Snap+1","floor":31}],"player_experience":2057794,"relics_obtained":[{"floor":8,"key":"WingedGreaves"},{"floor":9,"key":"Sundial"},{"floor":19,"key":"Nilry\u0027s Codex"}],"event_choices":[{"cards_removed":["Dualcast"],"damage_healed":0,"gold_gain":0,"player_choice":"Card Removal","damage_taken":0,"max_hp_gain":0,"max_hp_loss":0,"event_name":"The Cleric","floor":2,"gold_loss":50},{"damage_healed":0,"gold_gain":0,"player_choice":"Success","damage_taken":12,"relics_obtained":["Bronze Scales"],"max_hp_gain":0,"max_hp_loss":0,"event_name":"Scrap Ooze","floor":4,"gold_loss":0},{"damage_healed":0,"gold_gain":0,"player_choice":"Donut","damage_taken":0,"max_hp_gain":5,"max_hp_loss":0,"event_name":"Big Fish","floor":5,"gold_loss":0},{"damage_healed":0,"gold_gain":0,"player_choice":"Ignored","damage_taken":0,"max_hp_gain":0,"max_hp_loss":0,"event_name":"Liars Game","floor":12,"gold_loss":0},{"damage_healed":0,"gold_gain":0,"player_choice":"Obtained Book","damage_taken":16,"max_hp_gain":0,"max_hp_loss":0,"event_name":"Cursed Tome","floor":19,"gold_loss":0},{"damage_healed":0,"gold_gain":0,"player_choice":"Obtained Relic","damage_taken":0,"relics_obtained":["Shuriken"],"max_hp_gain":0,"max_hp_loss":0,"event_name":"Addict","floor":20,"gold_loss":85},{"damage_healed":0,"gold_gain":90,"player_choice":"GOLD ","damage_taken":16,"max_hp_gain":0,"max_hp_loss":0,"event_name":"Knowing Skull","floor":29,"potions_obtained":[],"gold_loss":0,"cards_obtained":[]}],"is_beta":false,"boss_relics":[{"not_picked":["Philosopher\u0027s Stone","Astrolabe"],"picked":"Busted Crown"}],"items_purged_floors":[],"is_endless":false,"potions_floor_spawned":[7,8,10,16,18,22,28,31],"killed_by":"Automaton","ascension_level":9}