{"gold_per_floor":[109,109,128,143,143,158,158,83,83,96,96,96,96,114,114,214,214,226,226,238,265,283,283,29,42,65,65,75,12,26,26,26,26],"floor_reached":33,"playtime":1743,"items_purged":["Strike_R","Writhe","Strike_R"],"score":347,"play_id":"64337d95-8780-4526-b894-3fcc18cfefe7","local_time":"20190614114938","is_ascension_mode":true,"campfire_choices":[{"data":"Flame Barrier","floor":11,"key":"SMITH"},{"data":"Clothesline","floor":13,"key":"SMITH"},{"data":"Shrug It Off","floor":15,"key":"SMITH"},{"floor":23,"key":"REST"},{"data":"Anger","floor":27,"key":"SMITH"},{"floor":32,"key":"REST"}],"neow_cost":"TEN_PERCENT_HP_LOSS","seed_source_timestamp":133937864633732,"circlet_count":0,"master_deck":["Defend_R","Defend_R","Defend_R","Defend_R","Bash","Clothesline+1","Anger+1","Flame Barrier+1","Shrug It Off+1","Rampage","Body Slam+1","Injury","Flame Barrier+1","Flame Barrier"],"relics":["Burning Blood","Singing Bowl","Cursed Key","Ancient Tea Set","Membership Card","Enchiridion"],"potions_floor_usage":[16,16,33],"damage_taken":[{"damage":4,"enemies":"2 Louse","floor":1,"turns":3},{"damage":1,"enemies":"Jaw Worm","floor":3,"turns":4},{"damage":0,"enemies":"Cultist","floor":4,"turns":4},{"damage":3,"enemies":"Blue Slaver","floor":6,"turns":5},{"damage":0,"enemies":"Looter","floor":10,"turns":4},{"damage":15,"enemies":"Exordium Thugs","floor":14,"turns":6},{"damage":29,"enemies":"Slime Boss","floor":16,"turns":8},{"damage":0,"enemies":"Shell Parasite","floor":18,"turns":7},{"damage":10,"enemies":"Chosen","floor":20,"turns":6},{"damage":17,"enemies":"Centurion and Healer","floor":22,"turns":13},{"damage":1,"enemies":"Snecko","floor":25,"turns":6},{"damage":9,"enemies":"3 Cultists","floor":28,"turns":6},{"damage":16,"enemies":"Shelled Parasite and Fungi","floor":30,"turns":7},{"damage":125,"enemies":"Champ","floor":33,"turns":15}],"seed_played":"-5175045445593295141","potions_obtained":[{"floor":1,"key":"Ancient Potion"},{"floor":10,"key":"Fire Potion"},{"floor":20,"key":"Block Potion"},{"floor":28,"key":"Energy Potion"}],"is_trial":false,"path_per_floor":["M","?","M","M","?","M","?","$","T","M","R","?","R","M","R","B",null,"M","?","M","T","M","R","$","M","T","R","M","$","M","?","R","B"],"character_chosen":"IRONCLAD","items_purchased":["Membership Card"],"campfire_rested":2,"item_purchase_floors":[24],"current_hp_per_floor":[72,72,72,72,72,72,72,72,72,74,74,79,79,70,70,49,73,81,65,63,63,54,81,81,86,86,86,83,83,73,57,84,0],"gold":26,"neow_bonus":"TRANSFORM_TWO_CARDS","is_prod":false,"is_daily":false,"chose_seed":false,"campfire_upgraded":4,"win_rate":0,"timestamp":1560530978,"path_taken":["M","?","M","M","?","M","?","$","T","?","R","?","R","M","R","BOSS","M","?","M","?","M","R","$","M","T","R","?","$","M","?","R","BOSS"],"build_version":"2019-01-23","purchased_purges":3,"victory":false,"max_hp_per_floor":[72,72,72,72,72,72,72,72,72,74,74,79,79,79,79,81,81,83,88,90,90,92,92,92,92,92,92,92,92,92,92,92,92],"card_choices":[{"not_picked":["Reckless Charge","Entrench","Iron Wave"],"picked":"SKIP","floor":1},{"not_picked":["Thunderclap","Anger","True Grit"],"picked":"SKIP","floor":3},{"not_picked":["Clothesline","Wild Strike"],"picked":"Flame Barrier","floor":4},{"not_picked":["Pommel Strike","Sword Boomerang"],"picked":"Shrug It Off","floor":6},{"not_picked":["Blood for Blood","Iron Wave","Perfected Strike"],"picked":"Singing Bowl","floor":10},{"not_picked":["Cleave","Dropkick"],"picked":"Rampage","floor":14},{"not_picked":["Dark Embrace","Exhume","Brutality"],"picked":"Singing Bowl","floor":16},{"not_picked":["Clothesline+1","Armaments","Carnage"],"picked":"Singing Bowl","floor":18},{"not_picked":["Armaments","Carnage","Sword Boomerang"],"picked":"Singing Bowl","floor":20},{"not_picked":["Warcry","Wild Strike","Clash"],"picked":"Singing Bowl","floor":22},{"not_picked":["Power Through","Anger+1"],"picked":"Body Slam+1","floor":25},{"not_picked":["Disarm","Entrench"],"picked":"Flame Barrier+1","floor":28},{"not_picked":["Seeing Red+1","Armaments"],"picked":"Flame Barrier","floor":30}],"player_experience":2037425,"relics_obtained":[{"floor":9,"key":"Singing Bowl"},{"floor":21,"key":"Ancient Tea Set"},{"floor":31,"key":"Enchiridion"}],"event_choices":[{"damage_healed":0,"gold_gain":0,"player_choice":"Ignored","damage_taken":0,"max_hp_gain":0,"max_hp_loss":0,"event_name":"Liars Game","floor":2,"gold_loss":0},{"cards_removed":["Strike_R"],"damage_healed":0,"gold_gain":0,"player_choice":"Forget","damage_taken":0,"max_hp_gain":0,"max_hp_loss":0,"event_name":"Living Wall","floor":5,"gold_loss":0},{"damage_healed":0,"gold_gain":0,"player_choice":"Bought 0 Potions","damage_taken":0,"max_hp_gain":0,"max_hp_loss":0,"event_name":"The Woman in Blue","floor":7,"gold_loss":0},{"damage_healed":0,"gold_gain":0,"player_choice":"Donut","damage_taken":0,"max_hp_gain":5,"max_hp_loss":0,"event_name":"Big Fish","floor":12,"gold_loss":0},{"damage_healed":0,"gold_gain":0,"player_choice":"Shed Blood","damage_taken":21,"max_hp_gain":5,"max_hp_loss":0,"event_name":"Forgotten Altar","floor":19,"gold_loss":0},{"damage_healed":0,"gold_gain":0,"player_choice":"Obtained Book","damage_taken":16,"max_hp_gain":0,"max_hp_loss":0,"event_name":"Cursed Tome","floor":31,"gold_loss":0}],"is_beta":false,"boss_relics":[{"not_picked":["Black Star","Tiny House"],"picked":"Cursed Key"}],"items_purged_floors":[8,24,29],"is_endless":false,"potions_floor_spawned":[1,10,20,28],"killed_by":"Champ","ascension_level":9}