{"gold_per_floor":[113,188,188,206,12,12,25,25,50,60,74,74,87,110,110,214,214,231,246,161,161,180,180,196,121,121,121,21,38,38,56,56,151,151,166,178,178,178,53,53,72,0,0,16,29,54,54,54,54,54],"floor_reached":51,"playtime":7145,"items_purged":["Headbutt","Transmutation","Reckless Charge"],"score":1112,"play_id":"2f9fc0f6-5996-456f-8036-1e20c878b773","local_time":"20190803225205","is_ascension_mode":true,"campfire_choices":[{"floor":6,"key":"REST"},{"floor":8,"key":"REST"},{"floor":15,"key":"REST"},{"floor":23,"key":"REST"},{"data":"Apotheosis","floor":27,"key":"SMITH"},{"floor":30,"key":"REST"},{"floor":32,"key":"RECALL"},{"data":"Evolve","floor":40,"key":"SMITH"},{"floor":49,"key":"REST"}],"neow_cost":"PERCENT_DAMAGE","seed_source_timestamp":73741688658800,"circlet_count":0,"master_deck":["AscendersBane","Bash","Finesse","Shrug It Off+1","Armaments+1","Apotheosis+1","Shrug It Off","Shrug It Off","Reaper","Reckless Charge","Body Slam","Evolve+1","Immolate","Body Slam","Body Slam+1","Sever Soul","Shrug It Off+1","Body Slam+1","Flame Barrier","Flame Barrier","Finesse"],"relics":["Burning Blood","Bag of Marbles","Odd Mushroom","Pandora\u0027s Box","Lantern","Ancient Tea Set","Philosopher\u0027s Stone","Self Forming Clay"],"potions_floor_usage":[10,16,16,33,33,33,50,50],"damage_taken":[{"damage":6,"enemies":"Cultist","floor":1,"turns":6},{"damage":4,"enemies":"Small Slimes","floor":4,"turns":5},{"damage":1,"enemies":"Jaw Worm","floor":7,"turns":6},{"damage":0,"enemies":"Gremlin Gang","floor":10,"turns":8},{"damage":14,"enemies":"Looter","floor":11,"turns":4},{"damage":1,"enemies":"Blue Slaver","floor":13,"turns":6},{"damage":44,"enemies":"The Mushroom Lair","floor":14,"turns":11},{"damage":46,"enemies":"The Guardian","floor":16,"turns":21},{"damage":15,"enemies":"2 Thieves","floor":18,"turns":3},{"damage":35,"enemies":"Shell Parasite","floor":19,"turns":4},{"damage":0,"enemies":"3 Cultists","floor":22,"turns":2},{"damage":19,"enemies":"Centurion and Healer","floor":24,"turns":5},{"damage":22,"enemies":"Snake Plant","floor":29,"turns":3},{"damage":0,"enemies":"3 Cultists","floor":31,"turns":4},{"damage":0,"enemies":"Champ","floor":33,"turns":6},{"damage":24,"enemies":"Orb Walker","floor":35,"turns":4},{"damage":59,"enemies":"3 Darklings","floor":36,"turns":5},{"damage":1,"enemies":"Sphere and 2 Shapes","floor":41,"turns":5},{"damage":7,"enemies":"Spire Growth","floor":44,"turns":4},{"damage":8,"enemies":"3 Darklings","floor":45,"turns":4},{"damage":36,"enemies":"Reptomancer","floor":46,"turns":7},{"damage":42,"enemies":"Awakened One","floor":50,"turns":9}],"seed_played":"4048168004155212124","potions_obtained":[{"floor":4,"key":"Weak Potion"},{"floor":10,"key":"Ancient Potion"},{"floor":11,"key":"Fire Potion"},{"floor":13,"key":"Poison Potion"},{"floor":19,"key":"PowerPotion"},{"floor":22,"key":"Fire Potion"},{"floor":31,"key":"EntropicBrew"},{"floor":35,"key":"SteroidPotion"},{"floor":45,"key":"AttackPotion"}],"is_trial":false,"path_per_floor":["M","?","?","M","$","R","M","R","T","M","M","$","M","?","R","B",null,"M","M","?","?","M","R","M","$","T","R","$","M","R","M","R","B",null,"M","M","?","?","$","R","M","$","T","M","M","E","?","?","R","B",null],"character_chosen":"IRONCLAD","items_purchased":["Apotheosis","Flame Barrier"],"campfire_rested":6,"item_purchase_floors":[5,42],"current_hp_per_floor":[51,40,24,26,26,50,55,79,79,80,72,72,77,39,63,23,66,57,28,28,28,34,58,57,57,57,57,57,47,71,77,77,80,80,67,24,70,70,70,70,70,70,70,69,67,42,42,42,63,27],"gold":54,"neow_bonus":"RANDOM_COLORLESS_2","is_prod":false,"is_daily":false,"chose_seed":false,"campfire_upgraded":2,"win_rate":0,"timestamp":1564890725,"path_taken":["M","?","?","M","$","R","M","R","T","?","M","$","?","?","R","BOSS","M","M","?","?","M","R","M","$","T","R","?","M","R","M","R","BOSS","M","?","?","?","$","R","M","?","T","?","M","E","?","?","R","BOSS"],"build_version":"2019-07-17","purchased_purges":3,"victory":true,"max_hp_per_floor":[80,80,80,80,80,80,80,80,80,80,80,80,80,80,80,80,80,80,80,80,80,80,80,80,80,80,80,80,80,80,80,80,80,80,80,80,70,70,70,70,70,70,70,70,70,70,70,70,70,70],"card_choices":[{"not_picked":["Anger","Twin Strike"],"picked":"Shrug It Off","floor":1},{"not_picked":["Sword Boomerang","Bloodletting"],"picked":"Armaments","floor":4},{"not_picked":["Flex","Fire Breathing"],"picked":"Shrug It Off","floor":7},{"not_picked":["Cleave","Reckless Charge","Thunderclap"],"picked":"SKIP","floor":10},{"not_picked":["Twin Strike","Thunderclap","Wild Strike"],"picked":"SKIP","floor":11},{"not_picked":["Combust","Second Wind"],"picked":"Shrug It Off","floor":13},{"not_picked":["Berserk","Fiend Fire"],"picked":"Reaper","floor":16},{"not_picked":["Entrench+1","Cleave"],"picked":"Body Slam+1","floor":18},{"not_picked":["Whirlwind","Pummel+1","Sentinel+1"],"picked":"SKIP","floor":19},{"not_picked":["Bloodletting","Clothesline+1","True Grit+1"],"picked":"SKIP","floor":22},{"not_picked":["Clash+1","Havoc"],"picked":"Shrug It Off+1","floor":24},{"not_picked":["Combust","Heavy Blade"],"picked":"Body Slam+1","floor":29},{"not_picked":["Hemokinesis+1","Clash","Headbutt"],"picked":"SKIP","floor":31},{"not_picked":["Wild Strike","Perfected Strike","Warcry+1"],"picked":"SKIP","floor":35},{"not_picked":["Perfected Strike","Headbutt","True Grit"],"picked":"SKIP","floor":36},{"not_picked":["Searing Blow","Seeing Red+1"],"picked":"Flame Barrier","floor":41},{"not_picked":["Inflame","Sentinel","Clash"],"picked":"SKIP","floor":44},{"not_picked":["Thunderclap","Cleave","Heavy Blade+1"],"picked":"SKIP","floor":45},{"not_picked":["Armaments","Evolve","Warcry"],"picked":"SKIP","floor":46},{"not_picked":["Mind Blast","Purity"],"picked":"Finesse","floor":47}],"player_experience":2653435,"relics_obtained":[{"floor":9,"key":"Bag of Marbles"},{"floor":14,"key":"Odd Mushroom"},{"floor":26,"key":"Ancient Tea Set"},{"floor":46,"key":"Self Forming Clay"}],"event_choices":[{"damage_healed":0,"gold_gain":75,"player_choice":"Gather Gold","damage_taken":11,"max_hp_gain":0,"max_hp_loss":0,"event_name":"World of Goop","floor":2,"gold_loss":0},{"damage_healed":0,"gold_gain":0,"player_choice":"Entered Light","damage_taken":16,"max_hp_gain":0,"max_hp_loss":0,"event_name":"Shining Light","floor":3,"gold_loss":0,"cards_upgraded":["Shrug It Off","Strike_R"]},{"damage_healed":0,"gold_gain":0,"player_choice":"Fought Mushrooms","damage_taken":0,"max_hp_gain":0,"max_hp_loss":0,"event_name":"Mushrooms","floor":14,"gold_loss":0},{"damage_healed":0,"gold_gain":0,"player_choice":"Obtained Relic","damage_taken":0,"relics_obtained":["Lantern"],"max_hp_gain":0,"max_hp_loss":0,"event_name":"Addict","floor":20,"gold_loss":85},{"damage_healed":0,"gold_gain":0,"cards_transformed":["Clash","Fire Breathing"],"player_choice":"Became Test Subject","damage_taken":0,"max_hp_gain":0,"max_hp_loss":0,"event_name":"Drug Dealer","floor":21,"gold_loss":0,"cards_obtained":["Headbutt","Sever Soul"]},{"damage_healed":70,"gold_gain":0,"player_choice":"Heal","damage_taken":0,"max_hp_gain":0,"max_hp_loss":10,"event_name":"The Moai Head","floor":37,"gold_loss":0},{"cards_removed":["Iron Wave"],"damage_healed":0,"gold_gain":0,"player_choice":"Removed Attack","damage_taken":0,"max_hp_gain":0,"max_hp_loss":0,"event_name":"Falling","floor":38,"gold_loss":0},{"damage_healed":0,"gold_gain":0,"player_choice":"Memory 1","damage_taken":0,"max_hp_gain":0,"max_hp_loss":0,"event_name":"SensoryStone","floor":47,"gold_loss":0},{"damage_healed":0,"gold_gain":0,"player_choice":"Upgraded","damage_taken":0,"max_hp_gain":0,"max_hp_loss":0,"event_name":"Upgrade Shrine","floor":48,"gold_loss":0,"cards_upgraded":["Armaments"]}],"is_beta":false,"boss_relics":[{"not_picked":["Eternal Feather","White Beast Statue"],"picked":"Pandora\u0027s Box"},{"not_picked":["Black Star","Velvet Choker"],"picked":"Philosopher\u0027s Stone"}],"items_purged_floors":[25,28,39],"is_endless":false,"potions_floor_spawned":[4,10,11,13,19,22,29,31,35,45],"ascension_level":11}