{"gold_per_floor":[116,135,135,146,158,189,189,209,209,226,226,240,240,250,250,250],"floor_reached":16,"playtime":1648,"items_purged":[],"score":131,"play_id":"d9976c2c-cd0a-4751-b057-97145af492e8","local_time":"20190829113753","is_ascension_mode":false,"campfire_choices":[{"floor":7.0,"key":"REST"},{"data":"Flame Barrier","floor":15,"key":"SMITH"}],"neow_cost":"NONE","seed_source_timestamp":0,"circlet_count":0,"master_deck":["Strike_R","Strike_R","Strike_R","Strike_R","Strike_R","Defend_R","Defend_R","Defend_R","Defend_R","Bash","Feel No Pain","Flame Barrier+1","Warcry","Warcry","Flame Barrier+1","Iron Wave","Iron Wave","Iron Wave","Entrench"],"special_seed":0,"relics":["Burning Blood","Mango","Ancient Tea Set","Darkstone Periapt"],"potions_floor_usage":[16,16],"damage_taken":[{"damage":11.0,"enemies":"Jaw Worm","floor":1.0,"turns":2.0},{"damage":3.0,"enemies":"Cultist","floor":2.0,"turns":5.0},{"damage":5.0,"enemies":"Small Slimes","floor":4.0,"turns":4.0},{"damage":13.0,"enemies":"Gremlin Gang","floor":5.0,"turns":7.0},{"damage":72.0,"enemies":"Lagavulin","floor":6.0,"turns":15.0},{"damage":12.0,"enemies":"Lots of Slimes","floor":8.0,"turns":5.0},{"damage":5.0,"enemies":"Looter","floor":10.0,"turns":4.0},{"damage":7.0,"enemies":"2 Fungi Beasts","floor":12.0,"turns":6.0},{"damage":12.0,"enemies":"Large Slime","floor":14.0,"turns":11.0},{"damage":92,"enemies":"The Guardian","floor":16,"turns":18}],"seed_played":"-8657424384776840010","potions_obtained":[{"floor":1.0,"key":"Poison Potion"},{"floor":2.0,"key":"FairyPotion"},{"floor":6.0,"key":"Strength Potion"},{"floor":10.0,"key":"BloodPotion"}],"is_trial":false,"path_per_floor":["M","M","?","M","M","E","R","M","T","M","T","M","?","M","R","B"],"character_chosen":"IRONCLAD","items_purchased":[],"campfire_rested":1,"item_purchase_floors":[],"current_hp_per_floor":[83,86,86,87,80,28,58,52,52,53,53,52,52,46,46,0],"gold":250,"neow_bonus":"TEN_PERCENT_HP_BONUS","is_prod":false,"is_daily":false,"chose_seed":false,"campfire_upgraded":1,"win_rate":0.0,"timestamp":1567071473,"path_taken":["M","M","?","?","M","E","R","M","T","M","?","?","?","?","R","BOSS"],"build_version":"2019-07-17","purchased_purges":0,"victory":false,"max_hp_per_floor":[88,88,88,88,88,102,102,102,102,102,102,102,102,102,102,102],"card_choices":[{"not_picked":["Warcry","Metallicize"],"picked":"Feel No Pain","floor":1.0},{"not_picked":["Armaments","Perfected Strike"],"picked":"Flame Barrier","floor":2.0},{"not_picked":["Flex","Shrug It Off"],"picked":"Warcry","floor":4.0},{"not_picked":["Armaments","Flex"],"picked":"Warcry","floor":5.0},{"not_picked":["Battle Trance","Warcry"],"picked":"Flame Barrier","floor":6.0},{"not_picked":["Dual Wield","Whirlwind"],"picked":"Iron Wave","floor":8.0},{"not_picked":["Thunderclap","Shockwave"],"picked":"Iron Wave","floor":10.0},{"not_picked":["Anger","Warcry"],"picked":"Iron Wave","floor":12.0},{"not_picked":["Twin Strike","Clash"],"picked":"Entrench","floor":14.0}],"player_experience":12819,"relics_obtained":[{"floor":6.0,"key":"Mango"},{"floor":9.0,"key":"Ancient Tea Set"},{"floor":11.0,"key":"Darkstone Periapt"}],"event_choices":[{"damage_healed":0.0,"max_hp_gain":0.0,"max_hp_loss":0.0,"gold_gain":0.0,"event_name":"Accursed Blacksmith","player_choice":"Forge","floor":3.0,"gold_loss":0.0,"damage_taken":0.0,"cards_upgraded":["Flame Barrier"]},{"damage_healed":0.0,"max_hp_gain":0.0,"max_hp_loss":0.0,"gold_gain":0.0,"event_name":"Lab","player_choice":"Got Potions","floor":13.0,"gold_loss":0.0,"damage_taken":0.0}],"is_beta":false,"boss_relics":[],"items_purged_floors":[],"is_endless":false,"potions_floor_spawned":[1,2,6,10,12],"killed_by":"The Guardian","ascension_level":0}