{"gold_per_floor":[18,18,38,49,49,49,63,76,155,155,155,168,206,224,224,347,347,361,67,91,91,91,91,115,130,430,454,467,467,481,520,520,520],"floor_reached":33,"playtime":15085,"items_purged":["Strike_B"],"score":353,"play_id":"563dc3df-e34c-4e3c-9a1a-1e2c184d2322","local_time":"20190131210859","is_ascension_mode":true,"campfire_choices":[{"data":"Zap","floor":6,"key":"SMITH"},{"floor":10,"key":"REST"},{"floor":15,"key":"REST"},{"data":"Buffer","floor":23,"key":"SMITH"},{"floor":29,"key":"REST"},{"floor":32,"key":"REST"}],"neow_cost":"NO_GOLD","seed_source_timestamp":1859893345395103,"circlet_count":0,"master_deck":["Strike_B","Strike_B","Defend_B","Defend_B+1","Defend_B","Defend_B","Zap+1","Conserve Battery+1","Cold Snap","Electrodynamics+1","FTL","Buffer+1","BootSequence","Cold Snap+1","FTL","Reinforced Body"],"relics":["Cracked Core","Matryoshka","Golden Idol","Calipers","Orrery","Bag of Preparation","Oddly Smooth Stone","Old Coin","Mango"],"potions_floor_usage":[13,13,31,33],"damage_taken":[{"damage":5,"enemies":"Small Slimes","floor":1,"turns":5},{"damage":0,"enemies":"2 Louse","floor":3,"turns":3},{"damage":0,"enemies":"Cultist","floor":4,"turns":4},{"damage":36,"enemies":"Gremlin Gang","floor":7,"turns":6},{"damage":5,"enemies":"Large Slime","floor":8,"turns":6},{"damage":6,"enemies":"3 Louse","floor":12,"turns":4},{"damage":6,"enemies":"3 Sentries","floor":13,"turns":11},{"damage":0,"enemies":"2 Fungi Beasts","floor":14,"turns":4},{"damage":35,"enemies":"The Guardian","floor":16,"turns":17},{"damage":20,"enemies":"3 Byrds","floor":18,"turns":3},{"damage":0,"enemies":"Chosen","floor":20,"turns":6},{"damage":13,"enemies":"Snake Plant","floor":24,"turns":5},{"damage":9,"enemies":"Cultist and Chosen","floor":25,"turns":5},{"damage":1,"enemies":"Centurion and Healer","floor":27,"turns":6},{"damage":0,"enemies":"3 Cultists","floor":28,"turns":2},{"damage":2,"enemies":"Snake Plant","floor":30,"turns":6},{"damage":23,"enemies":"Book of Stabbing","floor":31,"turns":7},{"damage":114,"enemies":"Champ","floor":33,"turns":18}],"seed_played":"-2681681356128236299","potions_obtained":[{"floor":3,"key":"PowerPotion"},{"floor":7,"key":"Regen Potion"},{"floor":8,"key":"SpeedPotion"},{"floor":13,"key":"GamblersBrew"},{"floor":16,"key":"Swift Potion"},{"floor":27,"key":"Strength Potion"},{"floor":28,"key":"Poison Potion"}],"is_trial":false,"path_per_floor":["M","?","M","M","?","R","M","M","T","R","?","M","E","M","R","B",null,"M","$","M","?","$","R","M","M","T","M","M","R","M","E","R","B"],"character_chosen":"DEFECT","items_purchased":["BootSequence","Bag of Preparation"],"campfire_rested":4,"item_purchase_floors":[19,19],"current_hp_per_floor":[70,55,55,55,60,60,24,19,19,43,23,17,26,26,50,15,80,60,60,60,60,60,60,47,38,38,37,37,61,59,50,78,0],"gold":520,"neow_bonus":"REMOVE_TWO","is_prod":false,"is_daily":false,"chose_seed":false,"campfire_upgraded":2,"win_rate":0,"timestamp":1548990539,"path_taken":["M","?","M","M","?","R","M","M","T","R","?","M","E","M","R","BOSS","M","$","M","?","$","R","M","?","T","M","M","R","M","E","R","BOSS"],"build_version":"2019-01-23","purchased_purges":1,"victory":false,"max_hp_per_floor":[75,75,75,75,80,80,80,80,80,80,80,80,80,80,80,80,80,80,80,80,80,80,80,80,80,80,80,80,80,80,94,94,94],"card_choices":[{"not_picked":["Coolheaded","Scrape"],"picked":"Conserve Battery","floor":1},{"not_picked":["Steam Power","Scrape","Ball Lightning"],"picked":"SKIP","floor":3},{"not_picked":["Storm","White Noise"],"picked":"Cold Snap","floor":4},{"not_picked":["Storm","Go for the Eyes","Compile Driver"],"picked":"SKIP","floor":7},{"not_picked":["Heatsinks","Gash","Lockon"],"picked":"SKIP","floor":8},{"not_picked":["Force Field","Melter","Reprogram"],"picked":"SKIP","floor":12},{"not_picked":["Hyperbeam","Multi-Cast","Steam"],"picked":"SKIP","floor":13},{"not_picked":["Force Field","Stack","Turbo"],"picked":"SKIP","floor":14},{"not_picked":["Echo Form","Core Surge"],"picked":"Electrodynamics","floor":16},{"not_picked":["Force Field","Steam"],"picked":"FTL","floor":17},{"not_picked":["Streamline+1","Compile Driver"],"picked":"Buffer","floor":18},{"not_picked":["Beam Cell","Go for the Eyes","Storm"],"picked":"SKIP","floor":20},{"not_picked":["Hologram","Consume+1","Stack"],"picked":"SKIP","floor":24},{"not_picked":["Hologram","Melter"],"picked":"Cold Snap+1","floor":25},{"not_picked":["Double Energy","Undo"],"picked":"FTL","floor":27},{"not_picked":["Reprogram","Gash"],"picked":"Reinforced Body","floor":28},{"not_picked":["Steam","Streamline","Static Discharge+1"],"picked":"SKIP","floor":30},{"not_picked":["All For One","Stack","Double Energy"],"picked":"SKIP","floor":31}],"player_experience":1213938,"relics_obtained":[{"floor":9,"key":"Matryoshka"},{"floor":13,"key":"Calipers"},{"floor":26,"key":"Oddly Smooth Stone"},{"floor":26,"key":"Old Coin"},{"floor":31,"key":"Mango"}],"event_choices":[{"damage_healed":0,"gold_gain":0,"player_choice":"Entered Light","damage_taken":15,"max_hp_gain":0,"max_hp_loss":0,"event_name":"Shining Light","floor":2,"gold_loss":0,"cards_upgraded":["Defend_B","Conserve Battery"]},{"damage_healed":0,"gold_gain":0,"player_choice":"Donut","damage_taken":0,"max_hp_gain":5,"max_hp_loss":0,"event_name":"Big Fish","floor":5,"gold_loss":0},{"damage_healed":0,"gold_gain":0,"player_choice":"Take Damage","damage_taken":20,"relics_obtained":["Golden Idol"],"max_hp_gain":0,"max_hp_loss":0,"event_name":"Golden Idol","floor":11,"gold_loss":0},{"damage_healed":0,"gold_gain":0,"player_choice":"Upgraded","damage_taken":0,"max_hp_gain":0,"max_hp_loss":0,"event_name":"Upgrade Shrine","floor":21,"gold_loss":0,"cards_upgraded":["Electrodynamics"]}],"is_beta":false,"boss_relics":[{"not_picked":["Black Star","FrozenCore"],"picked":"Orrery"}],"items_purged_floors":[19],"is_endless":false,"potions_floor_spawned":[3,7,8,13,16,24,27,28],"killed_by":"Champ","ascension_level":4}