{"gold_per_floor":[211,48,80,112,170,170,170,170,196,232,232,270,283,363,363,488,488,526,570,485,17,17,17,17,44,44,44,73,139,20,34,34,136,136,152,189,32,0,38,38,38,58,58,58,122,134,134,153,153,153],"floor_reached":51,"playtime":4166,"items_purged":["Strike_B"],"score":921,"play_id":"15c2dd4a-7cf4-42d7-be87-ee48ef77e1fd","local_time":"20190827225759","is_ascension_mode":true,"campfire_choices":[{"data":"Zap","floor":6,"key":"SMITH"},{"data":"HandOfGreed","floor":8,"key":"SMITH"},{"data":"Chill","floor":11,"key":"SMITH"},{"data":"Dualcast","floor":15,"key":"SMITH"},{"data":"Defragment","floor":23,"key":"SMITH"},{"floor":27,"key":"REST"},{"data":"Go for the Eyes","floor":32,"key":"SMITH"},{"data":"Hologram","floor":41,"key":"SMITH"},{"data":"Streamline","floor":47,"key":"SMITH"},{"data":"Glacier","floor":49,"key":"SMITH"}],"neow_cost":"NONE","seed_source_timestamp":692410274904800,"circlet_count":0,"master_deck":["Strike_B+1","Strike_B+1","Defend_B+1","Defend_B+1","Defend_B+1","Defend_B+1","Zap+1","Dualcast+1","Tempest","HandOfGreed+1","Barrage","Melter","Chill+1","Rebound","White Noise","Streamline+1","Multi-Cast","Beam Cell","Defragment+1","Auto Shields","Cold Snap","Chill","Glacier+1","Self Repair","Go for the Eyes+1","Hologram+1","Gash+1","Madness","Madness","Redo+1"],"relics":["Cracked Core","Happy Flower","Blood Vial","Busted Crown","Gremlin Horn","Art of War","Symbiotic Virus","Pantograph","Regal Pillow","Lizard Tail","Anchor","Red Mask","Oddly Smooth Stone"],"potions_floor_usage":[18,25,25,33,46,50,50,50],"damage_taken":[{"damage":1,"enemies":"Cultist","floor":1,"turns":4},{"damage":1,"enemies":"2 Louse","floor":3,"turns":2},{"damage":5,"enemies":"Small Slimes","floor":4,"turns":3},{"damage":3,"enemies":"Blue Slaver","floor":10,"turns":3},{"damage":0,"enemies":"2 Fungi Beasts","floor":12,"turns":3},{"damage":10,"enemies":"Large Slime","floor":13,"turns":4},{"damage":4,"enemies":"3 Sentries","floor":14,"turns":5},{"damage":38,"enemies":"Hexaghost","floor":16,"turns":8},{"damage":12,"enemies":"Shell Parasite","floor":18,"turns":2},{"damage":0,"enemies":"3 Byrds","floor":19,"turns":3},{"damage":25,"enemies":"Book of Stabbing","floor":25,"turns":5},{"damage":0,"enemies":"Gremlin Leader","floor":28,"turns":5},{"damage":10,"enemies":"Centurion and Healer","floor":29,"turns":6},{"damage":1,"enemies":"Snecko","floor":31,"turns":5},{"damage":40,"enemies":"Automaton","floor":33,"turns":12},{"damage":21,"enemies":"3 Darklings","floor":35,"turns":5},{"damage":6,"enemies":"3 Shapes","floor":36,"turns":5},{"damage":4,"enemies":"Spire Growth","floor":39,"turns":6},{"damage":8,"enemies":"Jaw Worm Horde","floor":42,"turns":3},{"damage":0,"enemies":"Sphere and 2 Shapes","floor":45,"turns":3},{"damage":15,"enemies":"Spire Growth","floor":46,"turns":4},{"damage":18,"enemies":"3 Darklings","floor":48,"turns":6},{"damage":40,"enemies":"Time Eater","floor":50,"turns":12}],"seed_played":"-5776916242256968887","potions_obtained":[{"floor":1,"key":"Ancient Potion"},{"floor":3,"key":"Poison Potion"},{"floor":14,"key":"Swift Potion"},{"floor":18,"key":"SkillPotion"},{"floor":19,"key":"AttackPotion"},{"floor":29,"key":"Block Potion"},{"floor":31,"key":"Dexterity Potion"},{"floor":36,"key":"Weak Potion"},{"floor":42,"key":"Swift Potion"},{"floor":45,"key":"PowerPotion"},{"floor":48,"key":"Regen Potion"}],"is_trial":false,"path_per_floor":["M","$","M","M","?","R","?","R","T","M","R","M","M","E","R","B",null,"M","M","?","$","?","R","?","E","T","R","E","M","$","M","R","B",null,"M","M","$","?","M","?","R","M","T","?","M","M","R","M","R","B",null],"character_chosen":"DEFECT","items_purchased":["HandOfGreed","Defragment","Auto Shields","Cold Snap","Art of War","Panacea","Self Repair","Go for the Eyes","Anchor"],"campfire_rested":1,"item_purchase_floors":[2,21,21,21,21,21,30,30,37],"current_hp_per_floor":[67,67,66,61,61,61,61,61,61,58,58,58,48,44,44,8,58,48,50,50,50,50,50,50,27,27,49,51,43,43,51,51,42,67,55,58,58,58,63,54,54,55,55,55,57,51,51,42,42,51],"gold":153,"neow_bonus":"HUNDRED_GOLD","is_prod":false,"is_daily":false,"chose_seed":false,"campfire_upgraded":9,"win_rate":0,"timestamp":1566914279,"path_taken":["M","$","M","?","?","R","?","R","T","M","R","M","M","E","R","BOSS","M","M","?","$","?","R","?","E","T","R","E","?","?","M","R","BOSS","M","M","$","?","M","?","R","?","T","?","M","M","R","M","R","BOSS"],"build_version":"2019-07-17","purchased_purges":1,"victory":true,"max_hp_per_floor":[75,75,75,75,75,75,75,75,75,75,75,75,75,75,75,75,75,75,75,75,75,75,75,75,75,75,75,75,75,75,75,75,75,75,75,75,75,75,75,75,75,75,75,75,75,75,75,75,75,75],"card_choices":[{"not_picked":["Redo","Double Energy"],"picked":"Tempest","floor":1},{"not_picked":["Redo","Scrape"],"picked":"Barrage","floor":3},{"not_picked":["Doom and Gloom","Aggregate"],"picked":"Melter","floor":4},{"not_picked":["Undo","Ball Lightning"],"picked":"Chill","floor":10},{"not_picked":["Thunder Strike","Steam"],"picked":"Rebound","floor":12},{"not_picked":["Hello World","Barrage"],"picked":"White Noise","floor":13},{"not_picked":["Redo","Melter"],"picked":"Streamline","floor":14},{"not_picked":["Rainbow","Reboot"],"picked":"Multi-Cast","floor":16},{"not_picked":["Sunder"],"picked":"SKIP","floor":18},{"not_picked":[],"picked":"Beam Cell","floor":19},{"not_picked":[],"picked":"Glacier","floor":25},{"not_picked":["Barrage"],"picked":"SKIP","floor":28},{"not_picked":["Chill"],"picked":"SKIP","floor":29},{"not_picked":[],"picked":"Hologram","floor":31},{"not_picked":["Hologram"],"picked":"SKIP","floor":35},{"not_picked":["Sunder+1"],"picked":"SKIP","floor":36},{"not_picked":[],"picked":"Gash+1","floor":39},{"not_picked":["Beam Cell+1"],"picked":"SKIP","floor":42},{"not_picked":["Rip and Tear+1"],"picked":"SKIP","floor":45},{"not_picked":[],"picked":"Redo+1","floor":46},{"not_picked":["Sweeping Beam+1"],"picked":"SKIP","floor":48}],"player_experience":437924,"relics_obtained":[{"floor":9,"key":"Happy Flower"},{"floor":14,"key":"Blood Vial"},{"floor":25,"key":"Symbiotic Virus"},{"floor":26,"key":"Pantograph"},{"floor":28,"key":"Regal Pillow"},{"floor":43,"key":"Oddly Smooth Stone"}],"event_choices":[{"damage_healed":0,"gold_gain":58,"player_choice":"Gained Gold","damage_taken":0,"max_hp_gain":0,"max_hp_loss":0,"event_name":"Golden Wing","floor":5,"gold_loss":0},{"damage_healed":0,"gold_gain":0,"player_choice":"Ignored","damage_taken":0,"max_hp_gain":0,"max_hp_loss":0,"event_name":"Liars Game","floor":7,"gold_loss":0},{"damage_healed":0,"gold_gain":0,"player_choice":"Obtained Relic","damage_taken":0,"relics_obtained":["Gremlin Horn"],"max_hp_gain":0,"max_hp_loss":0,"event_name":"Addict","floor":20,"gold_loss":85},{"damage_healed":0,"gold_gain":0,"player_choice":"Simplicity","damage_taken":0,"max_hp_gain":0,"max_hp_loss":0,"event_name":"Back to Basics","floor":22,"gold_loss":0,"cards_upgraded":["Strike_B","Strike_B","Strike_B","Defend_B","Defend_B","Defend_B","Defend_B"]},{"damage_healed":0,"gold_gain":0,"cards_transformed":["Strike_B"],"player_choice":"Transformed","damage_taken":0,"max_hp_gain":0,"max_hp_loss":0,"event_name":"Transmorgrifier","floor":24,"gold_loss":0,"cards_obtained":["Chill"]},{"damage_healed":0,"gold_gain":0,"player_choice":"Paid","damage_taken":0,"relics_obtained":["Red Mask"],"max_hp_gain":0,"max_hp_loss":0,"event_name":"Tomb of Lord Red Mask","floor":38,"gold_loss":32},{"damage_healed":0,"gold_gain":0,"player_choice":"Embrace Madness","damage_taken":9,"max_hp_gain":0,"max_hp_loss":0,"event_name":"Winding Halls","floor":40,"gold_loss":0,"cards_obtained":["Madness","Madness"]},{"cards_removed":["Panacea"],"damage_healed":0,"gold_gain":0,"player_choice":"Removed Skill","damage_taken":0,"max_hp_gain":0,"max_hp_loss":0,"event_name":"Falling","floor":44,"gold_loss":0}],"is_beta":false,"boss_relics":[{"not_picked":["Snecko Eye","Orrery"],"picked":"Busted Crown"},{"not_picked":["Tiny House","Philosopher\u0027s Stone"],"picked":"Lizard Tail"}],"items_purged_floors":[21],"is_endless":false,"potions_floor_spawned":[1,3,14,18,19,29,31,36,42,45,48],"ascension_level":7}