{"gold_per_floor":[109,109,34,34,45,45,61,61,61,75,94,94,106,106,106,207,207,223,17,34,44,63,63,78,78],"floor_reached":25,"playtime":1113,"items_purged":["Dualcast","Strike_B"],"score":296,"play_id":"1fde2fa3-4bbe-41da-8ac3-bfe4fbd697ae","local_time":"20190727153838","is_ascension_mode":true,"campfire_choices":[{"floor":6,"key":"REST"},{"floor":12,"key":"REST"},{"floor":15,"key":"REST"},{"floor":23,"key":"REST"}],"neow_cost":"PERCENT_DAMAGE","seed_source_timestamp":1350377964141360,"circlet_count":0,"master_deck":["AscendersBane","Defend_B","Defend_B","Defend_B","Defend_B","Zap","Buffer","Gash","Streamline","Gash","Thunder Strike","Streamline+1","Reboot+1","Blizzard+1","Conserve Battery","Cold Snap","Electrodynamics"],"relics":["Cracked Core","DataDisk","The Courier","Astrolabe","Anchor"],"potions_floor_usage":[16,16,24],"damage_taken":[{"damage":11,"enemies":"2 Louse","floor":1,"turns":5},{"damage":0,"enemies":"Small Slimes","floor":5,"turns":3},{"damage":16,"enemies":"Cultist","floor":7,"turns":4},{"damage":16,"enemies":"Blue Slaver","floor":10,"turns":4},{"damage":6,"enemies":"2 Fungi Beasts","floor":11,"turns":4},{"damage":21,"enemies":"Exordium Thugs","floor":13,"turns":4},{"damage":45,"enemies":"The Guardian","floor":16,"turns":13},{"damage":6,"enemies":"Spheric Guardian","floor":18,"turns":3},{"damage":13,"enemies":"2 Thieves","floor":20,"turns":4},{"damage":5,"enemies":"Snecko","floor":21,"turns":4},{"damage":39,"enemies":"Cultist and Chosen","floor":22,"turns":7},{"damage":36,"enemies":"Snake Plant","floor":24,"turns":5},{"damage":4,"enemies":"Gremlin Leader","floor":25,"turns":3}],"seed_played":"-4826830014894597927","potions_obtained":[{"floor":10,"key":"Poison Potion"},{"floor":11,"key":"Regen Potion"},{"floor":18,"key":"Regen Potion"},{"floor":24,"key":"GamblersBrew"}],"is_trial":false,"path_per_floor":["M","?","$","?","M","R","M","?","T","M","M","R","M","?","R","B",null,"M","$","M","M","M","R","M","E"],"character_chosen":"DEFECT","items_purchased":["Anchor"],"campfire_rested":4,"item_purchase_floors":[19],"current_hp_per_floor":[39,32,32,32,32,54,38,43,43,27,21,45,24,24,48,18,65,59,59,46,41,2,26,4,0],"gold":78,"neow_bonus":"THREE_RARE_CARDS","is_prod":false,"is_daily":false,"chose_seed":false,"campfire_upgraded":0,"win_rate":0,"timestamp":1564259918,"path_taken":["M","?","$","?","?","R","M","?","T","M","M","R","M","?","R","BOSS","M","$","M","M","M","R","M","E"],"build_version":"2019-07-17","purchased_purges":2,"victory":false,"max_hp_per_floor":[75,75,75,75,75,75,75,80,80,80,80,80,80,80,80,80,80,80,80,80,80,80,80,80,80],"card_choices":[{"not_picked":["Hyperbeam","Reboot"],"picked":"Buffer","floor":0},{"not_picked":["Rebound","Conserve Battery"],"picked":"Gash","floor":1},{"not_picked":["Melter","Consume","Steam"],"picked":"SKIP","floor":5},{"not_picked":["Ball Lightning","Hyperbeam"],"picked":"Streamline","floor":7},{"not_picked":["Compile Driver","Ball Lightning"],"picked":"Gash","floor":10},{"not_picked":["Go for the Eyes","Redo","Steam"],"picked":"SKIP","floor":11},{"not_picked":["Compile Driver","Steam","Darkness"],"picked":"SKIP","floor":13},{"not_picked":["Meteor Strike","Amplify"],"picked":"Thunder Strike","floor":16},{"not_picked":["Streamline","Stack+1","Leap"],"picked":"SKIP","floor":18},{"not_picked":["Blizzard","Fusion"],"picked":"Conserve Battery","floor":20},{"not_picked":["Undo","Ball Lightning","White Noise"],"picked":"SKIP","floor":21},{"not_picked":["Steam","Beam Cell"],"picked":"Cold Snap","floor":22},{"not_picked":["Blizzard","Tempest"],"picked":"Electrodynamics","floor":24}],"player_experience":2529544,"relics_obtained":[{"floor":9,"key":"The Courier"}],"event_choices":[{"damage_healed":0,"gold_gain":0,"player_choice":"Success","damage_taken":7,"relics_obtained":["DataDisk"],"max_hp_gain":0,"max_hp_loss":0,"event_name":"Scrap Ooze","floor":2,"gold_loss":0},{"damage_healed":0,"gold_gain":0,"player_choice":"Cursed","damage_taken":0,"max_hp_gain":0,"max_hp_loss":0,"event_name":"Wheel of Change","floor":4,"gold_loss":0,"cards_obtained":["Decay"]},{"damage_healed":0,"gold_gain":0,"player_choice":"Donut","damage_taken":0,"max_hp_gain":5,"max_hp_loss":0,"event_name":"Big Fish","floor":8,"gold_loss":0},{"cards_removed":["Decay"],"damage_healed":0,"gold_gain":0,"player_choice":"Purged","damage_taken":0,"max_hp_gain":0,"max_hp_loss":0,"event_name":"Purifier","floor":14,"gold_loss":0}],"is_beta":false,"boss_relics":[{"not_picked":["Lizard Tail","Runic Dome"],"picked":"Astrolabe"}],"items_purged_floors":[3,19],"is_endless":false,"potions_floor_spawned":[10,11,18,24],"killed_by":"Gremlin Leader","ascension_level":10}