{"path_per_floor":["M","?","T","?","M","E","R","M","T","M","?","M","$","T","R","B",null,"M","?","M","?","?","R","?","?","T","M","R","?","R","M","R","B",null,"M","M","?","?","?"],"character_chosen":"THE_SILENT","items_purchased":["Shuriken"],"gold_per_floor":[113,113,137,137,152,179,179,198,222,239,239,251,9,36,36,131,131,143,143,158,158,158,158,73,73,96,110,110,110,110,122,122,218,218,230,249,249,249,249],"floor_reached":40,"campfire_rested":4,"playtime":2840,"current_hp_per_floor":[70,70,70,70,70,39,60,60,60,59,59,51,51,51,70,25,70,57,57,49,49,40,40,40,33,33,33,33,33,55,55,75,26,75,57,45,63,63,63],"items_purged":[],"gold":249,"play_id":"dcb92a37-be81-4e34-9e8f-18a939d1f934","is_prod":false,"is_daily":false,"campfire_rituals":0,"campfire_upgraded":2,"is_hardmode":false,"path_taken":["M","?","?","?","M","E","R","?","T","M","?","M","$","?","R","BOSS","M","?","M","?","?","R","?","?","T","M","R","?","R","M","R","BOSS","M","M","?","?","?","E"],"build_version":"2018-01-04-PROD1","purchased_purges":0,"victory":false,"master_deck":["Defend_G","Defend_G","Defend_G","Defend_G","Defend_G","Strike_G","Strike_G","Survivor","Neutralize","Dagger Throw","Flying Knee","Prepared","Bane","Dagger Throw","PiercingWail","Finisher","Envenom","Distraction","Backstab","Infinite Blades","Dash","Prepared","Slice","Poisoned Stab","Dodge and Roll","Trip","Dash","After Image","PiercingWail","Sucker Punch","Writhe"],"max_hp_per_floor":[70,70,70,70,70,70,70,70,70,70,70,70,70,70,70,70,70,70,70,70,70,75,75,75,75,75,75,75,75,75,75,75,75,75,75,75,75,75,75],"relics":["Ring of the Snake","Bag of Preparation","Toxic Egg","Ancient Tea Set","Juzu Bracelet","Shuriken","War Paint","Orrery","Vajra","Orichalcum","White Beast Statue"],"campfire_meditates":0,"card_choices":[{"not_picked":["Calculated Gamble","Terror"],"picked":"Dagger Throw"},{"not_picked":["Sucker Punch","Underhanded Strike"],"picked":"Prepared"},{"not_picked":["Sucker Punch","Venomology"],"picked":"Bane"},{"not_picked":["Bouncing Flask","Outmaneuver"],"picked":"Dagger Throw"},{"not_picked":["Poisoned Stab","Dagger Throw"],"picked":"PiercingWail"},{"not_picked":["Dodge and Roll","Bane"],"picked":"Finisher"},{"not_picked":["Tools of the Trade","Burst"],"picked":"Envenom"},{"not_picked":["Bouncing Flask","Flying Knee"],"picked":"Distraction"},{"not_picked":["Blur","Calculated Gamble"],"picked":"Backstab"},{"not_picked":["Acrobatics","Poisoned Stab"],"picked":"Infinite Blades"},{"not_picked":["PiercingWail","Backflip"],"picked":"Dash"},{"not_picked":["Underhanded Strike","Backstab"],"picked":"Prepared"},{"not_picked":["Footwork","Endless Agony"],"picked":"Slice"},{"not_picked":["Phantasmal Killer","Acrobatics"],"picked":"Poisoned Stab"},{"not_picked":["Sucker Punch","Distraction"],"picked":"Dodge and Roll"},{"not_picked":["Outmaneuver","Underhanded Strike"],"picked":"Dash"},{"not_picked":["Envenom","Phantasmal Killer"],"picked":"After Image"},{"not_picked":["Dodge and Roll","Bane"],"picked":"PiercingWail"},{"not_picked":["Flying Knee","Prepared"],"picked":"Sucker Punch"}],"player_experience":51638,"potions_floor_usage":[],"damage_taken":[{"damage":0.0,"enemies":"Jaw Worm","floor":1.0,"turns":4.0},{"damage":0.0,"enemies":"Small Slimes","floor":5.0,"turns":3.0},{"damage":31.0,"enemies":"3 Sentries","floor":6.0,"turns":11.0},{"damage":0.0,"enemies":"Cultist","floor":8.0,"turns":2.0},{"damage":1.0,"enemies":"2 Fungi Beasts","floor":10.0,"turns":3.0},{"damage":8.0,"enemies":"Exordium Thugs","floor":12.0,"turns":5.0},{"damage":45.0,"enemies":"The Guardian","floor":16.0,"turns":11.0},{"damage":13.0,"enemies":"3 Byrds","floor":18.0,"turns":5.0},{"damage":8.0,"enemies":"Chosen","floor":20.0,"turns":5.0},{"damage":0.0,"enemies":"3 Cultists","floor":27.0,"turns":4.0},{"damage":0.0,"enemies":"Centurion and Healer","floor":31.0,"turns":6.0},{"damage":49.0,"enemies":"Automaton","floor":33.0,"turns":11.0},{"damage":18,"enemies":"3 Darklings","floor":35,"turns":6},{"damage":12,"enemies":"Orb Walker","floor":36,"turns":4},{"damage":64,"enemies":"Giant Head","floor":40,"turns":8}],"event_choices":[{"event_name":"Living Wall","player_choice":"Change","floor":2.0,"damage_taken":0.0},{"event_name":"Liars Game","player_choice":"disagreed","floor":4.0,"damage_taken":0.0},{"event_name":"Upgrade Shrine","player_choice":"Upgraded","floor":11.0,"damage_taken":0.0},{"event_name":"Back to Basics","player_choice":"Simplicity","floor":19.0,"damage_taken":0.0},{"event_name":"Bonfire Elementals","player_choice":"ATTACK","floor":21.0,"damage_taken":0.0},{"event_name":"Forgotten Altar","player_choice":"Shed Blood","floor":22.0,"damage_taken":0.0},{"event_name":"Addict","player_choice":"Obtained Relic","floor":24.0,"damage_taken":0.0},{"event_name":"Knowing Skull","player_choice":"","floor":25.0,"damage_taken":0.0},{"event_name":"Match and Keep!","player_choice":"1 cards matched","floor":29.0,"damage_taken":0.0},{"event_name":"Winding Halls","player_choice":"Writhe","floor":37,"damage_taken":0},{"event_name":"Mysterious Sphere","player_choice":"Ignore","floor":39,"damage_taken":0}],"boss_relics":[],"potions_floor_spawned":[1,6,8,18,27,35,36],"seed_played":"7380506619515838148","killed_by":"Giant Head","is_trial":false}