{"gold_per_floor":[112,112,112,128,53,84,84,94,94,94,111,128,140,153,153,256,256,271,287,287,310,310,310,310],"floor_reached":24,"playtime":1210,"items_purged":["Strike_B"],"score":277,"play_id":"c1cf8f27-1e68-41dc-9888-b4359586b6b0","local_time":"20190529191259","is_ascension_mode":true,"campfire_choices":[{"floor":7,"key":"REST"},{"data":"Zap","floor":10,"key":"SMITH"},{"floor":15,"key":"REST"},{"floor":23,"key":"REST"}],"neow_cost":"NONE","seed_source_timestamp":1107976831547182,"circlet_count":0,"master_deck":["Strike_B","Strike_B","Defend_B","Defend_B","Defend_B+1","Defend_B","Zap+1","Conserve Battery+1","BootSequence","Chill+1","Conserve Battery+1","Decay"],"relics":["Cracked Core","PreservedInsect","Darkstone Periapt","Letter Opener","Nuclear Battery","War Paint"],"potions_floor_usage":[6,16,16,16],"damage_taken":[{"damage":0,"enemies":"Small Slimes","floor":1,"turns":2},{"damage":13,"enemies":"Jaw Worm","floor":4,"turns":5},{"damage":21,"enemies":"Lagavulin","floor":6,"turns":6},{"damage":0,"enemies":"Cultist","floor":8,"turns":4},{"damage":7,"enemies":"Large Slime","floor":11,"turns":5},{"damage":0,"enemies":"Exordium Thugs","floor":12,"turns":4},{"damage":0,"enemies":"Blue Slaver","floor":13,"turns":4},{"damage":0,"enemies":"Lots of Slimes","floor":14,"turns":2},{"damage":66,"enemies":"Hexaghost","floor":16,"turns":12},{"damage":7,"enemies":"Chosen","floor":18,"turns":7},{"damage":18,"enemies":"Shell Parasite","floor":19,"turns":10},{"damage":70,"enemies":"Chosen and Byrds","floor":24,"turns":10}],"seed_played":"-2610535532464974711","potions_obtained":[{"floor":1,"key":"Weak Potion"},{"floor":8,"key":"Dexterity Potion"},{"floor":11,"key":"AttackPotion"},{"floor":13,"key":"Swift Potion"},{"floor":18,"key":"Fire Potion"}],"is_trial":false,"path_per_floor":["M","?","?","M","$","E","R","M","T","R","M","M","M","M","R","B",null,"M","M","?","T","?","R","M"],"character_chosen":"DEFECT","items_purchased":[],"campfire_rested":3,"item_purchase_floors":[],"current_hp_per_floor":[68,73,73,60,60,39,63,63,63,63,56,56,56,56,80,14,64,57,39,39,39,45,70,0],"gold":310,"neow_bonus":"RANDOM_COMMON_RELIC","is_prod":false,"is_daily":false,"chose_seed":false,"campfire_upgraded":1,"win_rate":0,"timestamp":1559175179,"path_taken":["M","?","?","M","$","E","R","M","T","R","M","M","?","M","R","BOSS","M","M","?","?","?","R","M"],"build_version":"2019-01-23","purchased_purges":1,"victory":false,"max_hp_per_floor":[75,80,80,80,80,80,80,80,80,80,80,80,80,80,80,80,80,80,80,80,80,86,86,86],"card_choices":[{"not_picked":["Ball Lightning","Barrage","Leap"],"picked":"SKIP","floor":1},{"not_picked":["Genetic Algorithm","Sunder","Storm"],"picked":"SKIP","floor":4},{"not_picked":["Undo","Coolheaded"],"picked":"Conserve Battery","floor":6},{"not_picked":["Streamline","White Noise","Steam Power"],"picked":"SKIP","floor":8},{"not_picked":["Fusion","Go for the Eyes","Steam"],"picked":"SKIP","floor":11},{"not_picked":["Sweeping Beam","Redo","Turbo"],"picked":"SKIP","floor":12},{"not_picked":["Coolheaded","Ball Lightning"],"picked":"BootSequence","floor":13},{"not_picked":["Compile Driver","Barrage","Rebound"],"picked":"SKIP","floor":14},{"not_picked":["Coolheaded","Sweeping Beam+1"],"picked":"Chill+1","floor":18},{"not_picked":["Barrage","Lockon"],"picked":"Conserve Battery+1","floor":19}],"player_experience":1951092,"relics_obtained":[{"floor":6,"key":"Darkstone Periapt"},{"floor":9,"key":"Letter Opener"},{"floor":21,"key":"War Paint"}],"event_choices":[{"damage_healed":0,"gold_gain":0,"player_choice":"Donut","damage_taken":0,"max_hp_gain":5,"max_hp_loss":0,"event_name":"Big Fish","floor":2,"gold_loss":0},{"cards_removed":["Dualcast"],"damage_healed":0,"gold_gain":0,"player_choice":"Card Removal","damage_taken":0,"max_hp_gain":0,"max_hp_loss":0,"event_name":"Wheel of Change","floor":3,"gold_loss":0},{"cards_removed":["Strike_B"],"damage_healed":0,"gold_gain":0,"player_choice":"Elegance","damage_taken":0,"max_hp_gain":0,"max_hp_loss":0,"event_name":"Back to Basics","floor":20,"gold_loss":0},{"damage_healed":0,"gold_gain":0,"player_choice":"Cursed","damage_taken":0,"max_hp_gain":0,"max_hp_loss":0,"event_name":"Wheel of Change","floor":22,"gold_loss":0,"cards_obtained":["Decay"]}],"is_beta":false,"boss_relics":[{"not_picked":["White Beast Statue","Ectoplasm"],"picked":"Nuclear Battery"}],"items_purged_floors":[5],"is_endless":false,"potions_floor_spawned":[1,8,11,13,18],"killed_by":"Chosen and Byrds","ascension_level":8}