{"gold_per_floor":[118,136,147,163,174,174,194,209,209,209,222,222,238,238,238,343,343,361,361,333,351,351],"floor_reached":22,"playtime":1670,"items_purged":[],"score":221,"play_id":"63705295-718a-4b23-9c64-06566536f9f2","local_time":"20190128165838","is_ascension_mode":true,"campfire_choices":[{"data":"Adrenaline","floor":6.0,"key":"SMITH"},{"floor":15.0,"key":"REST"}],"neow_cost":"NONE","seed_source_timestamp":0,"circlet_count":0,"master_deck":["Defend_G","Defend_G+1","Defend_G","Defend_G","Defend_G+1","Strike_G","Strike_G","Strike_G","Strike_G","Strike_G","Survivor","Neutralize","Footwork","Deadly Poison","Adrenaline+1","Deadly Poison","Blur","Backstab","Bouncing Flask"],"special_seed":0,"relics":["Ring of the Snake","FossilizedHelix","Strawberry","Sozu"],"potions_floor_usage":[16,16,21],"damage_taken":[{"damage":0.0,"enemies":"Cultist","floor":1.0,"turns":4.0},{"damage":7.0,"enemies":"2 Louse","floor":2.0,"turns":5.0},{"damage":0.0,"enemies":"Small Slimes","floor":3.0,"turns":4.0},{"damage":3.0,"enemies":"2 Fungi Beasts","floor":4.0,"turns":4.0},{"damage":5.0,"enemies":"Red Slaver","floor":5.0,"turns":8.0},{"damage":0.0,"enemies":"Blue Slaver","floor":7.0,"turns":5.0},{"damage":0.0,"enemies":"Looter","floor":8.0,"turns":4.0},{"damage":0.0,"enemies":"2 Fungi Beasts","floor":11.0,"turns":4.0},{"damage":0.0,"enemies":"Gremlin Gang","floor":13.0,"turns":9.0},{"damage":13,"enemies":"Hexaghost","floor":16,"turns":12},{"damage":30,"enemies":"3 Byrds","floor":18,"turns":8},{"damage":0,"enemies":"2 Thieves","floor":20,"turns":5},{"damage":37,"enemies":"Cultist and Chosen","floor":21,"turns":12},{"damage":17,"enemies":"Centurion and Healer","floor":22,"turns":6}],"seed_played":"-2998978466483013740","potions_obtained":[{"floor":0.0,"key":"SkillPotion"},{"floor":0.0,"key":"FairyPotion"},{"floor":0.0,"key":"GhostInAJar"},{"floor":7.0,"key":"SkillPotion"},{"floor":16,"key":"SkillPotion"}],"is_trial":false,"path_per_floor":["M","M","M","M","M","R","M","M","T","?","M","?","M","?","R","B",null,"M","?","M","M","M"],"character_chosen":"THE_SILENT","items_purchased":[],"campfire_rested":1,"item_purchase_floors":[],"current_hp_per_floor":[70,63,63,60,55,55,55,55,55,55,55,41,41,36,59,46,77,47,40,40,3,0],"gold":351,"neow_bonus":"THREE_SMALL_POTIONS","is_prod":false,"is_daily":false,"chose_seed":false,"campfire_upgraded":1,"win_rate":0,"timestamp":1548716318,"path_taken":["M","M","M","M","M","R","?","M","T","?","M","?","M","?","R","BOSS","M","?","M","M","M"],"build_version":"2019-01-23","purchased_purges":0,"victory":false,"max_hp_per_floor":[70,70,70,70,70,70,70,70,70,70,70,70,70,77,77,77,77,77,77,77,77,77],"card_choices":[{"not_picked":["Sucker Punch","Dash"],"picked":"Footwork","floor":1.0},{"not_picked":["Dodge and Roll","Quick Slash","Eviscerate"],"picked":"SKIP","floor":2.0},{"not_picked":["Underhanded Strike","Concentrate"],"picked":"Deadly Poison","floor":3.0},{"not_picked":["Underhanded Strike","PiercingWail"],"picked":"Adrenaline","floor":4.0},{"not_picked":["Deflect","Cloak And Dagger"],"picked":"Deadly Poison","floor":5.0},{"not_picked":["Blade Dance","Deflect"],"picked":"Blur","floor":7.0},{"not_picked":["Dagger Throw","Poisoned Stab","Quick Slash"],"picked":"SKIP","floor":8.0},{"not_picked":["PiercingWail","Eviscerate","Blade Dance"],"picked":"SKIP","floor":11.0},{"not_picked":["Distraction","Deflect"],"picked":"Backstab","floor":13.0},{"not_picked":["Bane","Distraction","Dagger Spray+1"],"picked":"SKIP","floor":18},{"not_picked":["Dagger Spray","Flying Knee","Quick Slash"],"picked":"SKIP","floor":20},{"not_picked":["Reflex","Distraction+1"],"picked":"Bouncing Flask","floor":21}],"player_experience":1156839,"relics_obtained":[{"floor":9.0,"key":"FossilizedHelix"}],"event_choices":[{"damage_healed":0.0,"max_hp_gain":0.0,"max_hp_loss":0.0,"gold_gain":0.0,"event_name":"Liars Game","player_choice":"Ignored","floor":10.0,"gold_loss":0.0,"damage_taken":0.0},{"damage_healed":0.0,"max_hp_gain":0.0,"max_hp_loss":0.0,"gold_gain":0.0,"event_name":"Shining Light","player_choice":"Entered Light","floor":12.0,"gold_loss":0.0,"damage_taken":14.0,"cards_upgraded":["Defend_G","Defend_G"]},{"damage_healed":0.0,"max_hp_gain":0.0,"max_hp_loss":0.0,"gold_gain":0.0,"event_name":"Scrap Ooze","player_choice":"Success","floor":14.0,"gold_loss":0.0,"damage_taken":12.0,"relics_obtained":["Strawberry"]},{"damage_healed":0,"gold_gain":0,"player_choice":"","damage_taken":7,"max_hp_gain":0,"max_hp_loss":0,"event_name":"Knowing Skull","floor":19,"potions_obtained":[],"gold_loss":0,"cards_obtained":[]}],"is_beta":false,"boss_relics":[{"not_picked":["Coffee Dripper","WristBlade"],"picked":"Sozu"}],"items_purged_floors":[],"is_endless":false,"potions_floor_spawned":[1,7,8,16,20],"killed_by":"Centurion and Healer","ascension_level":4}