{"gold_per_floor":[160,170,170,190,190,190,140,165,165,165,165,184,32,43,43,148,148,163,88,88,107,122,122,122],"floor_reached":24,"playtime":1329,"items_purged":["Strike_R"],"score":329,"play_id":"d2ada927-d90f-45b0-8ecf-e60fa989ebc1","local_time":"20190731181705","is_ascension_mode":true,"campfire_choices":[{"data":"Defend_R","floor":6,"key":"SMITH"},{"floor":11,"key":"REST"},{"floor":15,"key":"REST"},{"floor":23,"key":"REST"}],"neow_cost":"NONE","seed_source_timestamp":1705273669695553,"circlet_count":0,"master_deck":["AscendersBane","Strike_R","Defend_R","Defend_R","Defend_R+1","Defend_R+1","Bash","Whirlwind","Body Slam","Shrug It Off","Armaments","Body Slam","Body Slam","Demon Form+1","Body Slam","Shrug It Off"],"relics":["Tiny House","Dream Catcher","Frozen Egg 2","Runic Pyramid"],"potions_floor_usage":[16,16],"damage_taken":[{"damage":0,"enemies":"2 Louse","floor":1,"turns":4},{"damage":8,"enemies":"Jaw Worm","floor":2,"turns":5},{"damage":0,"enemies":"Small Slimes","floor":4,"turns":3},{"damage":45,"enemies":"3 Sentries","floor":8,"turns":7},{"damage":15,"enemies":"Exordium Wildlife","floor":12,"turns":5},{"damage":10,"enemies":"Large Slime","floor":14,"turns":9},{"damage":30,"enemies":"The Guardian","floor":16,"turns":14},{"damage":11,"enemies":"Chosen","floor":18,"turns":7},{"damage":1,"enemies":"Shell Parasite","floor":21,"turns":7},{"damage":39,"enemies":"Shelled Parasite and Fungi","floor":22,"turns":8},{"damage":57,"enemies":"Chosen and Byrds","floor":24,"turns":8}],"seed_played":"5192326111240324546","potions_obtained":[{"floor":0,"key":"Strength Potion"},{"floor":8,"key":"LiquidBronze"},{"floor":12,"key":"Dexterity Potion"},{"floor":21,"key":"GamblersBrew"},{"floor":22,"key":"Regen Potion"}],"is_trial":false,"path_per_floor":["M","M","?","M","?","R","?","E","T","?","R","M","$","M","R","B",null,"M","?","?","M","M","R","M"],"character_chosen":"IRONCLAD","items_purchased":["Shrug It Off","Armaments"],"campfire_rested":3,"item_purchase_floors":[13,13],"current_hp_per_floor":[77,69,69,69,74,74,74,29,29,22,49,34,34,24,51,21,73,62,62,62,61,22,49,0],"gold":122,"neow_bonus":"BOSS_RELIC","is_prod":false,"is_daily":false,"chose_seed":false,"campfire_upgraded":1,"win_rate":0,"timestamp":1564615025,"path_taken":["M","M","?","M","?","R","?","E","T","?","R","?","$","M","R","BOSS","M","?","?","M","M","R","M"],"build_version":"2019-07-17","purchased_purges":1,"victory":false,"max_hp_per_floor":[85,85,85,85,90,90,90,90,90,90,90,90,90,90,90,90,90,90,90,90,90,90,90,90],"card_choices":[{"not_picked":["Warcry","True Grit","Clothesline"],"picked":"SKIP","floor":1},{"not_picked":["Cleave","Inflame"],"picked":"Whirlwind","floor":2},{"not_picked":["Blood for Blood","Heavy Blade","Cleave"],"picked":"SKIP","floor":4},{"not_picked":["Twin Strike","Sword Boomerang"],"picked":"Body Slam","floor":8},{"not_picked":["Corruption+1","Evolve+1","Burning Pact"],"picked":"SKIP","floor":12},{"not_picked":["True Grit","Anger"],"picked":"Body Slam","floor":14},{"not_picked":["Corruption+1","Twin Strike"],"picked":"Body Slam","floor":15},{"not_picked":["Dark Embrace+1","Impervious"],"picked":"Demon Form+1","floor":16},{"not_picked":["Clothesline","Combust+1","Cleave"],"picked":"SKIP","floor":18},{"not_picked":["Wild Strike+1","Second Wind"],"picked":"Body Slam","floor":21},{"not_picked":["Clash","Whirlwind"],"picked":"Shrug It Off","floor":22}],"player_experience":2601409,"relics_obtained":[{"floor":8,"key":"Dream Catcher"},{"floor":9,"key":"Frozen Egg 2"}],"event_choices":[{"damage_healed":0,"gold_gain":0,"cards_transformed":["Strike_R"],"player_choice":"Change","damage_taken":0,"max_hp_gain":0,"max_hp_loss":0,"event_name":"Living Wall","floor":3,"gold_loss":0,"cards_obtained":["Brutality"]},{"damage_healed":0,"gold_gain":0,"player_choice":"Donut","damage_taken":0,"max_hp_gain":5,"max_hp_loss":0,"event_name":"Big Fish","floor":5,"gold_loss":0},{"cards_removed":["Brutality"],"damage_healed":0,"gold_gain":0,"player_choice":"Card Removal","damage_taken":0,"max_hp_gain":0,"max_hp_loss":0,"event_name":"The Cleric","floor":7,"gold_loss":50},{"cards_removed":["Strike_R"],"damage_healed":0,"gold_gain":0,"player_choice":"Card Removal","damage_taken":7,"max_hp_gain":0,"max_hp_loss":0,"event_name":"Golden Wing","floor":10,"gold_loss":0},{"cards_removed":["Strike_R"],"damage_healed":0,"gold_gain":0,"player_choice":"Gave Gold","damage_taken":0,"max_hp_gain":0,"max_hp_loss":0,"event_name":"Beggar","floor":19,"gold_loss":75},{"damage_healed":0,"gold_gain":0,"player_choice":"Ignored","damage_taken":0,"max_hp_gain":0,"max_hp_loss":0,"event_name":"Ghosts","floor":20,"gold_loss":0}],"is_beta":false,"boss_relics":[{"not_picked":["Empty Cage","Pandora\u0027s Box"],"picked":"Runic Pyramid"}],"items_purged_floors":[13],"is_endless":false,"potions_floor_spawned":[8,12,14,21,22],"killed_by":"Chosen and Byrds","ascension_level":11}