{"gold_per_floor":[119,136,136,151,44,44,63,63,141,66,93,93,121,21,21,116,116,134,9,9,26,26,61,72,72,119,131,159,171,198,60,60,158,158,174,194,194,294,119,130,130],"floor_reached":41,"playtime":1706,"items_purged":["Strike_R","Strike_R","Defend_R","Shame","Regret"],"score":461,"play_id":"0962aadc-97da-4e87-a01e-2d2cd757c3fc","local_time":"20181118090029","is_ascension_mode":true,"campfire_choices":[{"data":"Flame Barrier","floor":6,"key":"SMITH"},{"data":"Whirlwind","floor":8,"key":"SMITH"},{"data":"Shockwave","floor":12,"key":"SMITH"},{"floor":15,"key":"REST"},{"floor":27,"key":"REST"},{"data":"Flame Barrier","floor":29,"key":"SMITH"},{"floor":32,"key":"REST"}],"neow_cost":"NONE","seed_source_timestamp":315821214061495,"circlet_count":0,"master_deck":["Strike_R","Strike_R","Strike_R","Defend_R","Defend_R","Defend_R","Whirlwind+1","Flame Barrier+1","Shockwave+1","Disarm","Inflame","Demon Form","Shrug It Off+1","Flame Barrier+1","Barricade"],"relics":["Burning Blood","NeowsBlessing","Bronze Scales","Bottled Flame","Bag of Marbles","Dream Catcher","Cursed Key","Art of War","MawBank","Busted Crown","Charon\u0027s Ashes","StoneCalendar"],"potions_floor_usage":[4,16,16,33,40],"damage_taken":[{"damage":0,"enemies":"Small Slimes","floor":1,"turns":1},{"damage":0,"enemies":"Cultist","floor":2,"turns":1},{"damage":0,"enemies":"2 Louse","floor":4,"turns":1},{"damage":15,"enemies":"Large Slime","floor":7,"turns":7},{"damage":16,"enemies":"3 Sentries","floor":11,"turns":6},{"damage":13,"enemies":"Lagavulin","floor":13,"turns":7},{"damage":32,"enemies":"Hexaghost","floor":16,"turns":9},{"damage":17,"enemies":"2 Thieves","floor":18,"turns":3},{"damage":0,"enemies":"3 Byrds","floor":21,"turns":2},{"damage":22,"enemies":"Book of Stabbing","floor":23,"turns":5},{"damage":28,"enemies":"Sentry and Sphere","floor":24,"turns":6},{"damage":6,"enemies":"Cultist and Chosen","floor":28,"turns":7},{"damage":19,"enemies":"Shelled Parasite and Fungi","floor":30,"turns":6},{"damage":46,"enemies":"Champ","floor":33,"turns":11},{"damage":27,"enemies":"3 Darklings","floor":35,"turns":3},{"damage":29,"enemies":"3 Shapes","floor":36,"turns":10},{"damage":8,"enemies":"Mind Bloom Boss Battle","floor":38,"turns":6},{"damage":68,"enemies":"Transient","floor":40,"turns":5},{"damage":17,"enemies":"Writhing Mass","floor":41,"turns":2}],"seed_played":"946283231697180521","potions_obtained":[{"floor":4,"key":"Fruit Juice"},{"floor":7,"key":"SkillPotion"},{"floor":13,"key":"Weak Potion"},{"floor":16,"key":"Weak Potion"},{"floor":18,"key":"SneckoOil"},{"floor":21,"key":"SpeedPotion"},{"floor":30,"key":"FairyPotion"},{"floor":33,"key":"GamblersBrew"},{"floor":35,"key":"Poison Potion"}],"is_trial":false,"path_per_floor":["M","M","?","M","?","R","M","R","T","$","E","R","E","$","R","B",null,"M","$","?","M","?","E","M","$","T","R","M","R","M","$","R","B",null,"M","M","T","?","$","M","M"],"character_chosen":"IRONCLAD","items_purchased":[],"campfire_rested":3,"item_purchase_floors":[],"current_hp_per_floor":[80,80,80,85,85,85,76,76,76,76,66,66,59,59,84,58,85,74,74,74,80,80,64,42,42,42,67,67,67,54,54,79,39,85,64,41,41,39,39,14,0],"gold":130,"neow_bonus":"THREE_ENEMY_KILL","is_prod":false,"is_daily":false,"chose_seed":false,"campfire_upgraded":4,"win_rate":0,"timestamp":1542553229,"path_taken":["M","M","?","?","?","R","?","R","T","$","E","R","E","$","R","BOSS","M","?","?","M","?","E","M","$","T","R","?","R","M","?","R","BOSS","M","M","?","?","$","M","M"],"build_version":"2018-11-15","purchased_purges":5,"victory":false,"max_hp_per_floor":[80,80,80,85,85,85,85,85,85,85,85,85,85,85,85,85,85,85,85,85,85,85,85,85,85,85,85,85,85,85,85,85,85,85,85,85,85,85,85,85,85],"card_choices":[{"not_picked":["Cleave","Anger"],"picked":"Whirlwind","floor":1},{"not_picked":["Anger","Cleave"],"picked":"Flame Barrier","floor":2},{"not_picked":["True Grit","Headbutt","Entrench"],"picked":"SKIP","floor":4},{"not_picked":["Sword Boomerang","Carnage","Thunderclap"],"picked":"SKIP","floor":7},{"not_picked":["Searing Blow","Rupture"],"picked":"Shockwave","floor":11},{"not_picked":["Spot Weakness","Anger"],"picked":"Disarm","floor":13},{"not_picked":["Bloodletting","Fiend Fire"],"picked":"Inflame","floor":15},{"not_picked":["Brutality","Juggernaut"],"picked":"Demon Form","floor":16},{"not_picked":["Perfected Strike","Clothesline","Havoc+1"],"picked":"SKIP","floor":18},{"not_picked":["Anger+1","Havoc"],"picked":"Shrug It Off+1","floor":21},{"not_picked":["Dual Wield","Berserk","Pummel"],"picked":"SKIP","floor":23},{"not_picked":["Anger","Shrug It Off"],"picked":"Flame Barrier","floor":24},{"not_picked":["Sword Boomerang","Anger","Clash"],"picked":"SKIP","floor":28},{"not_picked":["Iron Wave+1","Twin Strike+1","True Grit"],"picked":"SKIP","floor":30},{"not_picked":["Bludgeon","Double Tap"],"picked":"Barricade","floor":33},{"not_picked":["Iron Wave+1"],"picked":"SKIP","floor":35},{"not_picked":["Spot Weakness+1"],"picked":"SKIP","floor":36},{"not_picked":["Dual Wield+1"],"picked":"SKIP","floor":40}],"player_experience":347669,"relics_obtained":[{"floor":9,"key":"Bottled Flame"},{"floor":11,"key":"Bag of Marbles"},{"floor":13,"key":"Dream Catcher"},{"floor":23,"key":"Art of War"},{"floor":26,"key":"MawBank"},{"floor":37,"key":"Charon\u0027s Ashes"},{"floor":38,"key":"StoneCalendar"}],"event_choices":[{"cards_removed":["Bash"],"damage_healed":0,"gold_gain":0,"player_choice":"Purged","damage_taken":0,"max_hp_gain":0,"max_hp_loss":0,"event_name":"Purifier","floor":3,"gold_loss":0},{"damage_healed":0,"gold_gain":0,"player_choice":"Paid Gold","damage_taken":0,"relics_obtained":["Bronze Scales"],"max_hp_gain":0,"max_hp_loss":0,"event_name":"WeMeetAgain","floor":5,"gold_loss":107},{"damage_healed":0,"gold_gain":0,"player_choice":"Ignored","damage_taken":0,"max_hp_gain":0,"max_hp_loss":0,"event_name":"The Mausoleum","floor":20,"gold_loss":0},{"damage_healed":0,"gold_gain":0,"player_choice":"Fight","damage_taken":0,"max_hp_gain":0,"max_hp_loss":0,"event_name":"MindBloom","floor":38,"gold_loss":0}],"is_beta":false,"boss_relics":[{"not_picked":["Coffee Dripper","Calling Bell"],"picked":"Cursed Key"},{"not_picked":["Runic Dome","Pandora\u0027s Box"],"picked":"Busted Crown"}],"items_purged_floors":[10,14,19,31,39],"is_endless":false,"potions_floor_spawned":[4,7,13,16,18,21,30,33,35],"killed_by":"Writhing Mass","ascension_level":2}