{"gold_per_floor":[111,111,111,123,123,123,198,209,209,227,8,28,28,44,44,139,139,152,152,14,27,40,40,51,51,131,131,131,148,1,1],"floor_reached":31,"playtime":1538,"items_purged":["Dualcast","Strike_B","Creative AI"],"score":362,"play_id":"79e4e22f-902d-4754-87cb-68c19d26e96c","local_time":"20190817140630","is_ascension_mode":true,"campfire_choices":[{"data":"Zap","floor":6,"key":"SMITH"},{"floor":13,"key":"REST"},{"floor":15,"key":"REST"},{"floor":23,"key":"REST"}],"neow_cost":"NONE","seed_source_timestamp":302758378062000,"circlet_count":0,"master_deck":["AscendersBane","Defend_B","Defend_B","Defend_B","Defend_B","Zap+1","Cold Snap","Loop","Defragment","Core Surge","Self Repair+1","Loop","Conserve Battery+1","Cold Snap","Undo","Darkness","Cold Snap"],"relics":["Cracked Core","Juzu Bracelet","Shuriken","Dream Catcher","Cursed Key","Sundial","Spirit Poop"],"potions_floor_usage":[16,16,16],"damage_taken":[{"damage":3,"enemies":"Jaw Worm","floor":1,"turns":6},{"damage":8,"enemies":"Small Slimes","floor":4,"turns":4},{"damage":0,"enemies":"Cultist","floor":8,"turns":4},{"damage":4,"enemies":"Blue Slaver","floor":10,"turns":4},{"damage":2,"enemies":"Exordium Thugs","floor":12,"turns":6},{"damage":30,"enemies":"Large Slime","floor":14,"turns":6},{"damage":28,"enemies":"The Guardian","floor":16,"turns":12},{"damage":2,"enemies":"Chosen","floor":18,"turns":4},{"damage":14,"enemies":"Spheric Guardian","floor":21,"turns":4},{"damage":32,"enemies":"Snake Plant","floor":22,"turns":5},{"damage":29,"enemies":"Snecko","floor":24,"turns":6},{"damage":26,"enemies":"Colosseum Slavers","floor":27,"turns":8},{"damage":17,"enemies":"Shelled Parasite and Fungi","floor":29,"turns":8},{"damage":37,"enemies":"Cultist and Chosen","floor":31,"turns":5}],"seed_played":"8287887819176081226","potions_obtained":[{"floor":1,"key":"Block Potion"},{"floor":3,"key":"EntropicBrew"},{"floor":3,"key":"LiquidBronze"},{"floor":21,"key":"Strength Potion"},{"floor":22,"key":"Poison Potion"}],"is_trial":false,"path_per_floor":["M","?","?","M","?","R","?","M","T","M","$","M","R","M","R","B",null,"M","?","$","M","M","R","M","?","T","?","?","M","$","M"],"character_chosen":"DEFECT","items_purchased":["Dream Catcher","Loop","Cold Snap"],"campfire_rested":3,"item_purchase_floors":[11,20,30],"current_hp_per_floor":[65,70,70,62,62,62,54,54,54,50,50,48,72,42,66,38,70,68,68,68,64,42,66,47,47,47,31,31,24,24,0],"gold":1,"neow_bonus":"RANDOM_COMMON_RELIC","is_prod":false,"is_daily":false,"chose_seed":false,"campfire_upgraded":1,"win_rate":0,"timestamp":1566068790,"path_taken":["M","?","?","M","?","R","?","M","T","M","$","M","R","M","R","BOSS","M","?","?","M","M","R","M","?","T","?","?","M","$","M"],"build_version":"2019-07-17","purchased_purges":3,"victory":false,"max_hp_per_floor":[75,80,80,80,80,80,80,80,80,80,80,80,80,80,80,80,80,80,80,80,80,80,80,80,80,80,80,80,80,80,80],"card_choices":[{"not_picked":["Reinforced Body","Coolheaded","Barrage"],"picked":"SKIP","floor":1},{"not_picked":["Steam Power","Heatsinks"],"picked":"Cold Snap","floor":4},{"not_picked":["Leap","Streamline","Stack"],"picked":"SKIP","floor":8},{"not_picked":["Darkness","Turbo"],"picked":"Loop","floor":10},{"not_picked":["Fission","Stack","Leap"],"picked":"SKIP","floor":12},{"not_picked":["Chill","Force Field"],"picked":"Defragment","floor":14},{"not_picked":["Fission","Seek"],"picked":"Core Surge","floor":16},{"not_picked":["Steam Power","Cold Snap"],"picked":"Self Repair+1","floor":18},{"not_picked":["Streamline+1","Leap","Coolheaded"],"picked":"SKIP","floor":21},{"not_picked":["Rebound","Steam"],"picked":"Conserve Battery+1","floor":22},{"not_picked":["Barrage","Blizzard"],"picked":"Cold Snap","floor":23},{"not_picked":["Thunder Strike","Redo"],"picked":"Undo","floor":24},{"not_picked":["Ball Lightning","Beam Cell","Sweeping Beam"],"picked":"SKIP","floor":29}],"player_experience":2842058,"relics_obtained":[{"floor":9,"key":"Shuriken"},{"floor":26,"key":"Sundial"}],"event_choices":[{"damage_healed":0,"gold_gain":0,"player_choice":"Donut","damage_taken":0,"max_hp_gain":5,"max_hp_loss":0,"event_name":"Big Fish","floor":2,"gold_loss":0},{"damage_healed":0,"gold_gain":0,"player_choice":"Got Potions","damage_taken":0,"max_hp_gain":0,"max_hp_loss":0,"event_name":"Lab","floor":3,"gold_loss":0},{"damage_healed":0,"gold_gain":0,"player_choice":"Ignored","damage_taken":0,"max_hp_gain":0,"max_hp_loss":0,"event_name":"Liars Game","floor":5,"gold_loss":0},{"damage_healed":0,"gold_gain":75,"player_choice":"Touch","damage_taken":8,"max_hp_gain":0,"max_hp_loss":0,"event_name":"FaceTrader","floor":7,"gold_loss":0},{"cards_removed":["Strike_B"],"damage_healed":0,"gold_gain":0,"player_choice":"Purged","damage_taken":0,"max_hp_gain":0,"max_hp_loss":0,"event_name":"Purifier","floor":19,"gold_loss":0},{"damage_healed":0,"gold_gain":0,"cards_transformed":["Strike_B","Strike_B"],"player_choice":"Became Test Subject","damage_taken":0,"max_hp_gain":0,"max_hp_loss":0,"event_name":"Drug Dealer","floor":25,"gold_loss":0,"cards_obtained":["Creative AI","Darkness"]},{"damage_healed":0,"gold_gain":0,"player_choice":"Fight","damage_taken":0,"max_hp_gain":0,"max_hp_loss":0,"event_name":"Colosseum","floor":27,"gold_loss":0},{"damage_healed":0,"gold_gain":0,"player_choice":"Fled From Nobs","damage_taken":0,"max_hp_gain":0,"max_hp_loss":0,"event_name":"Colosseum","floor":27,"gold_loss":0},{"cards_removed":["Regret"],"damage_healed":0,"gold_gain":0,"player_choice":"Offered Curse","damage_taken":0,"relics_obtained":["Spirit Poop"],"max_hp_gain":0,"max_hp_loss":0,"event_name":"Bonfire Elementals","floor":28,"gold_loss":0}],"is_beta":false,"boss_relics":[{"not_picked":["Nuclear Battery","Calling Bell"],"picked":"Cursed Key"}],"items_purged_floors":[11,20,30],"is_endless":false,"potions_floor_spawned":[1,4,12,21,22,29],"killed_by":"Cultist and Chosen","ascension_level":12}