{"gold_per_floor":[11,28,47,47,47,47,78,78,78,121,121,46,60,60,60,180,180,195,236,236,98,114,114,147,170,222,242,260,281,302,326,326,449,449,472,143,143,156,256,256,276,276,301,301,325,325,340,353,353,353,353,353,24,24],"floor_reached":54,"playtime":18432,"items_purged":["Strike_B","Strike_B","Strike_B+1","Strike_B+1"],"score":994,"play_id":"4b653075-1da8-400d-9e7b-51f4791d2a58","local_time":"20190731171940","is_ascension_mode":true,"campfire_choices":[{"floor":6,"key":"REST"},{"floor":8,"key":"REST"},{"floor":15,"key":"REST"},{"floor":23,"key":"REST"},{"floor":32,"key":"REST"},{"floor":40,"key":"RECALL"},{"floor":42,"key":"REST"},{"floor":44,"key":"REST"},{"floor":49,"key":"REST"},{"floor":52,"key":"REST"}],"neow_cost":"NO_GOLD","seed_source_timestamp":1684634151536787,"circlet_count":0,"master_deck":["AscendersBane","Defend_B","Defend_B","Defend_B","Defend_B","Zap+1","Electrodynamics","Conserve Battery","Loop","Gash+1","Sunder+1","Cold Snap+1","Echo Form+1","Conserve Battery","Gash+1","Undo","Cold Snap+1","Cold Snap+1","Reinforced Body+1","Conserve Battery","Core Surge+1","All For One+1","Undo","Consume+1","Gash+1","Undo+1","The Bomb"],"relics":["Cracked Core","Golden Idol","Molten Egg 2","FossilizedHelix","Centennial Puzzle","Happy Flower","Inserter","Red Mask","DataDisk","Whetstone","Fusion Hammer","Regal Pillow"],"potions_floor_usage":[13,16,24,24,30,31,33,50],"damage_taken":[{"damage":0,"enemies":"Cultist","floor":1,"turns":3},{"damage":6,"enemies":"Jaw Worm","floor":2,"turns":5},{"damage":6,"enemies":"Small Slimes","floor":3,"turns":5},{"damage":28,"enemies":"3 Sentries","floor":7,"turns":6},{"damage":27,"enemies":"Lagavulin","floor":10,"turns":6},{"damage":0,"enemies":"3 Louse","floor":13,"turns":2},{"damage":8,"enemies":"The Guardian","floor":16,"turns":12},{"damage":20,"enemies":"2 Thieves","floor":18,"turns":4},{"damage":12,"enemies":"Masked Bandits","floor":19,"turns":3},{"damage":0,"enemies":"3 Byrds","floor":22,"turns":4},{"damage":21,"enemies":"Book of Stabbing","floor":24,"turns":7},{"damage":3,"enemies":"Centurion and Healer","floor":25,"turns":5},{"damage":0,"enemies":"Cultist and Chosen","floor":27,"turns":4},{"damage":0,"enemies":"Snecko","floor":28,"turns":4},{"damage":0,"enemies":"Centurion and Healer","floor":29,"turns":6},{"damage":8,"enemies":"Snake Plant","floor":30,"turns":4},{"damage":0,"enemies":"Snecko","floor":31,"turns":5},{"damage":39,"enemies":"Automaton","floor":33,"turns":10},{"damage":0,"enemies":"Orb Walker","floor":35,"turns":4},{"damage":0,"enemies":"3 Shapes","floor":38,"turns":5},{"damage":27,"enemies":"Spire Growth","floor":41,"turns":6},{"damage":23,"enemies":"Jaw Worm Horde","floor":45,"turns":5},{"damage":9,"enemies":"4 Shapes","floor":47,"turns":4},{"damage":2,"enemies":"Spire Growth","floor":48,"turns":5},{"damage":68,"enemies":"Donu and Deca","floor":50,"turns":8},{"damage":83,"enemies":"Shield and Spear","floor":54,"turns":8}],"seed_played":"5082067261852508602","potions_obtained":[{"floor":1,"key":"Fire Potion"},{"floor":10,"key":"AttackPotion"},{"floor":16,"key":"EssenceOfSteel"},{"floor":19,"key":"Block Potion"},{"floor":25,"key":"Block Potion"},{"floor":28,"key":"SteroidPotion"},{"floor":29,"key":"Weak Potion"},{"floor":30,"key":"Fruit Juice"},{"floor":33,"key":"Explosive Potion"},{"floor":45,"key":"AttackPotion"}],"is_trial":false,"path_per_floor":["M","M","M","?","?","R","E","R","T","E","?","$","M","T","R","B",null,"M","?","?","$","M","R","E","M","T","M","M","M","M","M","R","B",null,"M","$","?","M","?","R","M","R","T","R","M","?","M","M","R","B",null,"R","$","E"],"character_chosen":"DEFECT","items_purchased":["Undo","All For One+1","Undo","The Bomb"],"campfire_rested":9,"item_purchase_floors":[21,36,36,53],"current_hp_per_floor":[68,62,56,38,23,45,17,39,39,12,5,5,5,5,27,19,61,41,29,29,29,29,51,30,27,27,27,27,27,24,24,48,9,62,62,62,62,62,62,62,35,59,59,80,57,57,48,46,80,12,63,80,80,0],"gold":24,"neow_bonus":"THREE_RARE_CARDS","is_prod":false,"is_daily":false,"chose_seed":false,"campfire_upgraded":0,"win_rate":0,"timestamp":1564611580,"path_taken":["M","?","M","?","?","R","E","R","T","E","?","?","M","?","R","BOSS","M","?","?","$","?","R","E","M","T","M","?","M","M","M","R","BOSS","M","$","?","M","?","R","M","R","T","R","?","?","?","M","R","BOSS","R","$","E"],"build_version":"2019-07-17","purchased_purges":4,"victory":false,"max_hp_per_floor":[75,75,75,75,75,75,75,75,75,75,75,75,75,75,75,75,75,75,75,75,75,75,75,75,75,75,75,75,75,80,80,80,80,80,80,80,80,80,80,80,80,80,80,80,80,80,80,80,80,80,80,80,80,80],"card_choices":[{"not_picked":["Seek","Biased Cognition"],"picked":"Electrodynamics","floor":0},{"not_picked":["Hello World","Force Field"],"picked":"Conserve Battery","floor":1},{"not_picked":["Go for the Eyes","Turbo"],"picked":"Loop","floor":2},{"not_picked":["Ball Lightning","Leap"],"picked":"Gash","floor":3},{"not_picked":["Go for the Eyes","Redo","Blizzard"],"picked":"SKIP","floor":7},{"not_picked":["Rip and Tear+1","Compile Driver+1"],"picked":"Sunder+1","floor":10},{"not_picked":["Hologram","Leap"],"picked":"Cold Snap+1","floor":13},{"not_picked":["Multi-Cast","Machine Learning"],"picked":"Echo Form","floor":16},{"not_picked":["Redo","Hologram"],"picked":"Conserve Battery","floor":18},{"not_picked":["Coolheaded+1","Loop"],"picked":"Gash+1","floor":19},{"not_picked":["Turbo","Chaos","Reprogram"],"picked":"SKIP","floor":22},{"not_picked":["Beam Cell+1","Compile Driver+1"],"picked":"Cold Snap+1","floor":24},{"not_picked":["Barrage+1","Stack"],"picked":"Cold Snap+1","floor":25},{"not_picked":["Rebound+1","Auto Shields","Turbo+1"],"picked":"SKIP","floor":27},{"not_picked":["Streamline+1","Coolheaded","Rip and Tear+1"],"picked":"SKIP","floor":28},{"not_picked":["Darkness","Auto Shields"],"picked":"Reinforced Body+1","floor":29},{"not_picked":["Reboot","Storm","Rebound+1"],"picked":"SKIP","floor":30},{"not_picked":["Darkness","Hello World"],"picked":"Conserve Battery","floor":31},{"not_picked":["Multi-Cast","Reboot"],"picked":"Core Surge+1","floor":33},{"not_picked":["Leap+1","Turbo+1","Go for the Eyes+1"],"picked":"SKIP","floor":35},{"not_picked":["Steam","Skim+1","Compile Driver+1"],"picked":"SKIP","floor":38},{"not_picked":["Capacitor+1","Leap+1","Darkness"],"picked":"SKIP","floor":41},{"not_picked":["Sunder+1","All For One+1"],"picked":"Consume+1","floor":45},{"not_picked":["Redo","Cold Snap+1"],"picked":"Gash+1","floor":47},{"not_picked":["Hologram+1","Compile Driver+1"],"picked":"Undo+1","floor":48}],"player_experience":2582977,"relics_obtained":[{"floor":7,"key":"Molten Egg 2"},{"floor":9,"key":"FossilizedHelix"},{"floor":10,"key":"Centennial Puzzle"},{"floor":14,"key":"Happy Flower"},{"floor":19,"key":"Red Mask"},{"floor":24,"key":"DataDisk"},{"floor":26,"key":"Whetstone"}],"event_choices":[{"damage_healed":0,"gold_gain":0,"player_choice":"Take Damage","damage_taken":18,"relics_obtained":["Golden Idol"],"max_hp_gain":0,"max_hp_loss":0,"event_name":"Golden Idol","floor":4,"gold_loss":0},{"damage_healed":0,"gold_gain":0,"player_choice":"Entered Light","damage_taken":15,"max_hp_gain":0,"max_hp_loss":0,"event_name":"Shining Light","floor":5,"gold_loss":0,"cards_upgraded":["Strike_B","Zap"]},{"cards_removed":["Dualcast"],"damage_healed":0,"gold_gain":0,"player_choice":"Card Removal","damage_taken":7,"max_hp_gain":0,"max_hp_loss":0,"event_name":"Golden Wing","floor":11,"gold_loss":0},{"damage_healed":0,"gold_gain":0,"player_choice":"Fought Bandits","damage_taken":0,"max_hp_gain":0,"max_hp_loss":0,"event_name":"Masked Bandits","floor":19,"gold_loss":0},{"damage_healed":0,"gold_gain":0,"player_choice":"Upgraded","damage_taken":0,"max_hp_gain":0,"max_hp_loss":0,"event_name":"Upgrade Shrine","floor":20,"gold_loss":0,"cards_upgraded":["Echo Form"]},{"damage_healed":0,"gold_gain":0,"player_choice":"Ignored","damage_taken":0,"max_hp_gain":0,"max_hp_loss":0,"event_name":"Mysterious Sphere","floor":37,"gold_loss":0},{"damage_healed":0,"gold_gain":100,"player_choice":"Pray","damage_taken":0,"max_hp_gain":0,"max_hp_loss":0,"event_name":"Golden Shrine","floor":39,"gold_loss":0},{"damage_healed":0,"gold_gain":0,"player_choice":"Gave Potion","damage_taken":0,"relics_obtained":["Regal Pillow"],"max_hp_gain":0,"max_hp_loss":0,"event_name":"WeMeetAgain","floor":46,"gold_loss":0}],"is_beta":false,"boss_relics":[{"not_picked":["Busted Crown","Orrery"],"picked":"Inserter"},{"not_picked":["Black Star","Calling Bell"],"picked":"Fusion Hammer"}],"items_purged_floors":[12,21,36,53],"is_endless":false,"potions_floor_spawned":[1,10,16,19,25,28,29,30,33,45],"killed_by":"Shield and Spear","ascension_level":10}