{"gold_per_floor":[216,51,62,82,82,109,109,125,125,125,156,9,28,43,43,148,148,163,173,173,173,173,173,173],"floor_reached":24,"playtime":1581,"items_purged":[],"score":281,"play_id":"2a19b2dd-d698-4daa-a24f-322777cae173","local_time":"20190814193617","is_ascension_mode":false,"campfire_choices":[{"data":"Apotheosis","floor":10,"key":"SMITH"},{"floor":15,"key":"REST"},{"floor":23,"key":"DIG"}],"neow_cost":"NONE","seed_source_timestamp":443982365610550,"circlet_count":0,"master_deck":["Strike_R","Strike_R","Strike_R","Strike_R","Strike_R","Defend_R","Defend_R","Defend_R","Defend_R","Bash","Battle Trance","Apotheosis+1","Anger+1","Heavy Blade","Rage","Flex","Inflame+1","Infernal Blade","Thunderclap","Demon Form+1","Parasite","Decay","Parasite","Ghostly","Ghostly","Ghostly","Ghostly","Ghostly"],"relics":["Burning Blood","Dodecahedron","Frozen Egg 2","Boot","Calling Bell","Anchor","Meat on the Bone","Shovel","Bronze Scales"],"potions_floor_usage":[6,6,11,19,19],"damage_taken":[{"damage":1,"enemies":"Cultist","floor":1,"turns":3},{"damage":1,"enemies":"Jaw Worm","floor":3,"turns":5},{"damage":0,"enemies":"2 Louse","floor":4,"turns":3},{"damage":26,"enemies":"Lagavulin","floor":6,"turns":6},{"damage":0,"enemies":"Blue Slaver","floor":8,"turns":3},{"damage":5,"enemies":"3 Sentries","floor":11,"turns":7},{"damage":9,"enemies":"Gremlin Gang","floor":13,"turns":5},{"damage":8,"enemies":"Lots of Slimes","floor":14,"turns":4},{"damage":0,"enemies":"Slime Boss","floor":16,"turns":4},{"damage":4,"enemies":"Spheric Guardian","floor":18,"turns":3},{"damage":28,"enemies":"3 Byrds","floor":19,"turns":5},{"damage":41,"enemies":"Gremlin Leader","floor":24,"turns":3}],"seed_played":"-3831771062085806860","potions_obtained":[{"floor":1,"key":"Dexterity Potion"},{"floor":4,"key":"Ancient Potion"},{"floor":8,"key":"AttackPotion"},{"floor":16,"key":"GamblersBrew"},{"floor":18,"key":"EssenceOfSteel"}],"is_trial":false,"path_per_floor":["M","$","M","M","?","E","?","M","T","R","E","$","M","M","R","B",null,"M","M","?","?","?","R","E"],"character_chosen":"IRONCLAD","items_purchased":["Apotheosis","Inflame+1","Infernal Blade"],"campfire_rested":1,"item_purchase_floors":[2,12,12],"current_hp_per_floor":[80,80,80,80,80,60,80,80,80,80,80,80,77,75,80,80,80,80,58,40,35,35,35,0],"gold":173,"neow_bonus":"HUNDRED_GOLD","is_prod":false,"is_daily":false,"chose_seed":false,"campfire_upgraded":1,"win_rate":0,"timestamp":1565825777,"path_taken":["M","?","M","?","?","E","?","M","T","R","E","?","?","?","R","BOSS","M","M","?","?","?","R","E"],"build_version":"2019-07-17","purchased_purges":0,"victory":false,"max_hp_per_floor":[80,80,80,80,80,80,80,80,80,80,80,80,80,80,80,80,80,80,80,40,45,45,45,45],"card_choices":[{"not_picked":["Whirlwind","Blood for Blood"],"picked":"Battle Trance","floor":1},{"not_picked":["Disarm","Armaments"],"picked":"Anger","floor":3},{"not_picked":["Wild Strike","Dropkick"],"picked":"Heavy Blade","floor":4},{"not_picked":["Disarm","Havoc"],"picked":"Rage","floor":6},{"not_picked":["Clash","Armaments"],"picked":"Flex","floor":8},{"not_picked":["Sentinel","Twin Strike","Rage"],"picked":"SKIP","floor":11},{"not_picked":["Impervious","Sever Soul"],"picked":"Thunderclap","floor":13},{"not_picked":["Ghostly Armor","Pummel","Disarm"],"picked":"SKIP","floor":14},{"not_picked":["Feed","Double Tap"],"picked":"Demon Form+1","floor":16},{"not_picked":["Havoc+1","Cleave+1","Dual Wield+1"],"picked":"SKIP","floor":18},{"not_picked":["Fire Breathing+1","Cleave","Havoc"],"picked":"SKIP","floor":19}],"player_experience":85419,"relics_obtained":[{"floor":6,"key":"Dodecahedron"},{"floor":9,"key":"Frozen Egg 2"},{"floor":11,"key":"Boot"},{"floor":17,"key":"Anchor"},{"floor":17,"key":"Meat on the Bone"},{"floor":17,"key":"Shovel"},{"floor":23,"key":"Bronze Scales"}],"event_choices":[{"damage_healed":0,"gold_gain":0,"player_choice":"Ignored","damage_taken":0,"max_hp_gain":0,"max_hp_loss":0,"event_name":"Liars Game","floor":5,"gold_loss":0},{"damage_healed":26,"gold_gain":0,"player_choice":"Banana","damage_taken":0,"max_hp_gain":0,"max_hp_loss":0,"event_name":"Big Fish","floor":7,"gold_loss":0},{"damage_healed":0,"gold_gain":0,"player_choice":"Became a Ghost","damage_taken":0,"max_hp_gain":0,"max_hp_loss":40,"event_name":"Ghosts","floor":20,"gold_loss":0,"cards_obtained":["Ghostly","Ghostly","Ghostly","Ghostly","Ghostly"]},{"damage_healed":0,"gold_gain":0,"player_choice":"Shed Blood","damage_taken":10,"max_hp_gain":5,"max_hp_loss":0,"event_name":"Forgotten Altar","floor":21,"gold_loss":0},{"damage_healed":0,"gold_gain":0,"player_choice":"Forge","damage_taken":0,"max_hp_gain":0,"max_hp_loss":0,"event_name":"Accursed Blacksmith","floor":22,"gold_loss":0,"cards_upgraded":["Anger"]}],"is_beta":false,"boss_relics":[{"not_picked":["Ectoplasm","Black Blood"],"picked":"Calling Bell"}],"items_purged_floors":[],"is_endless":false,"potions_floor_spawned":[1,4,8,16,18],"killed_by":"Gremlin Leader","ascension_level":0}