{"gold_per_floor":[114,114,114,129,144,144,159,159,209,209,224,239,254,269,269,369,369,384,384,384,384,399,49,64,94,94,94,94,94,119,119,119,219,219,234,249,49,49,49,49,79,79,79,94,109,109,109,124,124,124],"floor_reached":51,"playtime":2537,"items_purged":[],"score":762,"play_id":"ffe05a17-74a8-4999-a03d-07ad52fdf4b5","local_time":"20190824212750","daily_mods":["Shiny","Blue Cards","Night Terrors"],"is_ascension_mode":false,"campfire_choices":[{"data":"Adrenaline","floor":6,"key":"SMITH"},{"data":"Venomology","floor":8,"key":"SMITH"},{"data":"Reboot","floor":15,"key":"SMITH"},{"data":"Hyperbeam","floor":29,"key":"SMITH"},{"data":"Buffer","floor":32,"key":"SMITH"},{"data":"Buffer","floor":40,"key":"SMITH"},{"data":"A Thousand Cuts","floor":42,"key":"SMITH"},{"data":"Die Die Die","floor":46,"key":"SMITH"},{"floor":49,"key":"REST"}],"neow_cost":"","seed_source_timestamp":0,"circlet_count":0,"master_deck":["Multi-Cast","Hyperbeam+1","Biased Cognition","Machine Learning","Electrodynamics","Buffer+1","Rainbow","Seek+1","Meteor Strike","Echo Form","All For One+1","Reboot+1","Amplify","Creative AI","Fission","Core Surge","Venomology+1","Corpse Explosion","Malaise","Phantasmal Killer","Die Die Die+1","Adrenaline+1","Envenom","Burst","Wraith Form v2","Tools of the Trade","Night Terror","Unload+1","After Image","Bullet Time","Storm of Steel","Glass Knife","A Thousand Cuts+1","Grand Finale","Poisoned Stab","Beam Cell","Buffer+1","Concentrate","Hyperbeam+1","Doubt","Dark Shackles","Conserve Battery+1"],"special_seed":18133,"relics":["Ring of the Snake","PreservedInsect","Busted Crown","Whetstone","Lee\u0027s Waffle","Vajra","Bottled Lightning","Juzu Bracelet","Cursed Key","DollysMirror","Lantern","Kunai"],"potions_floor_usage":[14,16,18,22,24,33,35,35,45,50,50],"damage_taken":[{"damage":0,"enemies":"2 Louse","floor":1,"turns":1},{"damage":6,"enemies":"Cultist","floor":4,"turns":3},{"damage":0,"enemies":"Small Slimes","floor":5,"turns":1},{"damage":0,"enemies":"Looter","floor":7,"turns":2},{"damage":0,"enemies":"3 Louse","floor":11,"turns":1},{"damage":1,"enemies":"Exordium Thugs","floor":12,"turns":3},{"damage":0,"enemies":"Lots of Slimes","floor":13,"turns":1},{"damage":0,"enemies":"Large Slime","floor":14,"turns":1},{"damage":52,"enemies":"Hexaghost","floor":16,"turns":8},{"damage":0,"enemies":"2 Thieves","floor":18,"turns":1},{"damage":8,"enemies":"3 Byrds","floor":22,"turns":3},{"damage":0,"enemies":"Centurion and Healer","floor":24,"turns":3},{"damage":5,"enemies":"Gremlin Leader","floor":25,"turns":3},{"damage":27,"enemies":"Collector","floor":33,"turns":6},{"damage":13,"enemies":"3 Darklings","floor":35,"turns":2},{"damage":0,"enemies":"Orb Walker","floor":36,"turns":1},{"damage":2,"enemies":"Reptomancer","floor":41,"turns":3},{"damage":0,"enemies":"Transient","floor":44,"turns":5},{"damage":18,"enemies":"Spire Growth","floor":45,"turns":5},{"damage":6,"enemies":"4 Shapes","floor":48,"turns":1},{"damage":49,"enemies":"Awakened One","floor":50,"turns":9}],"seed_played":"-8913299463532009557","potions_obtained":[{"floor":4,"key":"GhostInAJar"},{"floor":5,"key":"Energy Potion"},{"floor":11,"key":"Block Potion"},{"floor":33,"key":"FairyPotion"},{"floor":36,"key":"SteroidPotion"}],"is_trial":false,"path_per_floor":["M","?","?","M","M","R","M","R","T","?","M","M","M","M","R","B",null,"M","?","?","?","M","$","M","E","T","$","?","R","T","$","R","B",null,"M","M","$","?","?","R","E","R","T","M","M","R","?","M","R","B",null],"character_chosen":"THE_SILENT","items_purchased":["Whetstone","Lee\u0027s Waffle","DollysMirror"],"campfire_rested":1,"item_purchase_floors":[23,23,37],"current_hp_per_floor":[70,70,80,74,74,74,74,74,74,74,74,73,73,73,73,36,80,80,80,80,80,72,87,87,82,82,82,82,82,82,82,82,55,87,74,74,74,74,74,74,72,72,72,72,54,54,54,48,78,29],"gold":124,"neow_bonus":"","is_prod":false,"is_daily":true,"chose_seed":false,"campfire_upgraded":8,"win_rate":0,"timestamp":1566696470,"path_taken":["M","?","?","M","?","R","M","R","T","?","?","M","M","M","R","BOSS","M","?","?","?","?","$","M","E","T","?","?","R","?","$","R","BOSS","M","M","$","?","?","R","E","R","T","M","M","R","?","M","R","BOSS"],"build_version":"2019-07-17","purchased_purges":0,"victory":true,"max_hp_per_floor":[70,70,80,80,80,80,80,80,80,80,80,80,80,80,80,80,80,80,80,80,80,80,87,87,87,87,87,87,87,87,87,87,87,87,87,87,87,87,83,83,83,83,83,83,83,83,83,83,78,78],"card_choices":[{"not_picked":["Coolheaded","Storm"],"picked":"Poisoned Stab","floor":1},{"not_picked":["Choke","Turbo","Calculated Gamble"],"picked":"SKIP","floor":4},{"not_picked":["Riddle With Holes","Deadly Poison","Tactician"],"picked":"SKIP","floor":5},{"not_picked":["Rebound","Poisoned Stab","Blade Dance"],"picked":"SKIP","floor":7},{"not_picked":["Distraction","Blade Dance","Cold Snap"],"picked":"SKIP","floor":11},{"not_picked":["Lockon","Auto Shields"],"picked":"Beam Cell","floor":12},{"not_picked":["Static Discharge","Go for the Eyes","Sucker Punch"],"picked":"SKIP","floor":13},{"not_picked":["Conserve Battery","Core Surge","Go for the Eyes"],"picked":"SKIP","floor":14},{"not_picked":["A Thousand Cuts","Storm of Steel"],"picked":"Buffer","floor":16},{"not_picked":["Reinforced Body"],"picked":"SKIP","floor":18},{"not_picked":["Outmaneuver+1"],"picked":"SKIP","floor":22},{"not_picked":["Leap"],"picked":"SKIP","floor":24},{"not_picked":[],"picked":"Concentrate","floor":25},{"not_picked":["Slice"],"picked":"SKIP","floor":35},{"not_picked":["Streamline"],"picked":"SKIP","floor":36},{"not_picked":["Poisoned Stab"],"picked":"SKIP","floor":41},{"not_picked":["Slice"],"picked":"SKIP","floor":44},{"not_picked":["Quick Slash"],"picked":"SKIP","floor":45},{"not_picked":[],"picked":"Dark Shackles","floor":47},{"not_picked":[],"picked":"Conserve Battery+1","floor":48}],"player_experience":167141,"relics_obtained":[{"floor":9,"key":"PreservedInsect"},{"floor":25,"key":"Vajra"},{"floor":26,"key":"Bottled Lightning"},{"floor":30,"key":"Juzu Bracelet"},{"floor":41,"key":"Lantern"},{"floor":43,"key":"Kunai"}],"event_choices":[{"damage_healed":0,"gold_gain":0,"player_choice":"Ignored","damage_taken":0,"max_hp_gain":0,"max_hp_loss":0,"event_name":"Liars Game","floor":2,"gold_loss":0},{"cards_removed":["Thunder Strike"],"damage_healed":0,"gold_gain":0,"player_choice":"Offered Rare","damage_taken":0,"max_hp_gain":10,"max_hp_loss":0,"event_name":"Bonfire Elementals","floor":3,"gold_loss":0},{"damage_healed":0,"gold_gain":0,"player_choice":"Forge","damage_taken":0,"max_hp_gain":0,"max_hp_loss":0,"event_name":"Accursed Blacksmith","floor":10,"gold_loss":0,"cards_upgraded":["Seek"]},{"damage_healed":0,"gold_gain":0,"player_choice":"Ignored","damage_taken":0,"max_hp_gain":0,"max_hp_loss":0,"event_name":"Beggar","floor":19,"gold_loss":0},{"damage_healed":0,"gold_gain":0,"player_choice":"Simplicity","damage_taken":0,"max_hp_gain":0,"max_hp_loss":0,"event_name":"Back to Basics","floor":20,"gold_loss":0,"cards_upgraded":[]},{"damage_healed":0,"gold_gain":0,"player_choice":"Ignored","damage_taken":0,"max_hp_gain":0,"max_hp_loss":0,"event_name":"Ghosts","floor":21,"gold_loss":0},{"damage_healed":0,"gold_gain":0,"player_choice":"Ignored","damage_taken":0,"max_hp_gain":0,"max_hp_loss":0,"event_name":"Vampires","floor":28,"gold_loss":0},{"cards_removed":["Doppelganger"],"damage_healed":0,"gold_gain":0,"player_choice":"Removed Skill","damage_taken":0,"max_hp_gain":0,"max_hp_loss":0,"event_name":"Falling","floor":38,"gold_loss":0},{"damage_healed":0,"gold_gain":0,"player_choice":"Max HP","damage_taken":0,"max_hp_gain":0,"max_hp_loss":4,"event_name":"Winding Halls","floor":39,"gold_loss":0},{"damage_healed":0,"gold_gain":0,"player_choice":"Memory 1","damage_taken":0,"max_hp_gain":0,"max_hp_loss":0,"event_name":"SensoryStone","floor":47,"gold_loss":0}],"is_beta":false,"boss_relics":[{"not_picked":["WristBlade","Tiny House"],"picked":"Busted Crown"},{"not_picked":["Calling Bell","Ring of the Serpent"],"picked":"Cursed Key"}],"items_purged_floors":[],"is_endless":false,"potions_floor_spawned":[4,5,11,13,33,36,44,45],"ascension_level":0}