{"path_per_floor":["M","?","?","?","M","R","E","M","T","$","M","?","$","M","R","B",null,"M","?","M","M","?","E","$","R","T","M","M","R","T","?","R","B",null,"M","?","M","?","?","R","M","$","T","M","R","M","M","?","R"],"character_chosen":"THE_SILENT","items_purchased":["Apotheosis","Phantasmal Killer"],"gold_per_floor":[115,115,115,115,126,126,153,173,173,173,183,245,56,75,75,171,171,187,187,203,216,216,247,25,25,25,43,59,59,134,134,134,235,235,252,222,239,239,239,239,252,152,152,162,162,177,196,196,196],"floor_reached":50,"campfire_rested":4,"playtime":8349,"current_hp_per_floor":[70,70,70,70,68,68,55,55,55,55,49,27,27,27,48,39,70,70,70,68,67,67,45,45,45,45,31,31,52,52,52,70,55,70,67,67,58,58,58,58,58,58,58,56,56,43,23,23,44],"items_purged":["Decay","Doubt"],"gold":196,"play_id":"bd3ff6d8-5564-4a52-b555-9e7f4f260adf","is_prod":false,"is_daily":false,"campfire_rituals":0,"campfire_upgraded":2,"is_hardmode":false,"path_taken":["M","?","?","?","?","R","E","M","T","?","M","?","$","?","R","BOSS","M","?","?","M","?","E","$","R","T","M","?","R","?","?","R","BOSS","M","?","M","?","?","R","M","$","T","?","R","M","M","?","R","BOSS"],"build_version":"2018-01-04-PROD1","purchased_purges":2,"victory":false,"master_deck":["Defend_G","Defend_G","Defend_G","Defend_G","Defend_G","Strike_G","Strike_G","Strike_G","Strike_G","Strike_G","Survivor","Neutralize","Slice","Cloak And Dagger","Dash","Distraction","Outmaneuver","Adrenaline","Prepared","Apotheosis","Infinite Blades","Noxious Fumes","Glass Knife","Bane","Acrobatics","Quick Slash","Bullet Time","Finisher","Phantasmal Killer","Slice","Die Die Die","Adrenaline","Normality","Parasite","Slice","Catalyst","Deadly Poison","Catalyst"],"max_hp_per_floor":[70,70,70,70,70,70,70,70,70,70,70,70,70,70,70,70,70,70,70,70,70,70,70,70,70,70,70,70,70,70,70,70,70,70,70,70,70,70,70,70,70,70,70,70,70,70,70,70,70],"relics":["Ring of the Snake","Dream Catcher","Shovel","Bag of Preparation","Black Star","Letter Opener","Tough Bandages","Ginger","Ornamental Fan","Calling Bell","Toolbox","Lantern","Prayer Wheel","Gremlin Horn","Sundial","Centennial Puzzle","Mercury Hourglass"],"campfire_meditates":0,"card_choices":[{"not_picked":["PiercingWail","Deflect"],"picked":"Slice"},{"not_picked":["Deflect","Dagger Throw"],"picked":"Dash"},{"not_picked":["Eviscerate","Bouncing Flask"],"picked":"Distraction"},{"not_picked":["Riddle With Holes","Deflect"],"picked":"Outmaneuver"},{"not_picked":["Sucker Punch","Leg Sweep"],"picked":"Adrenaline"},{"not_picked":["Catalyst","Outmaneuver"],"picked":"Prepared"},{"not_picked":["Masterful Stab","Outmaneuver"],"picked":"Infinite Blades"},{"not_picked":["Corpse Explosion","Eviscerate"],"picked":"Noxious Fumes"},{"not_picked":["Tools of the Trade","Adrenaline"],"picked":"Glass Knife"},{"not_picked":["Terror","Flying Knee"],"picked":"Bane"},{"not_picked":["Terror","PiercingWail"],"picked":"Acrobatics"},{"not_picked":["Bane","PiercingWail"],"picked":"Quick Slash"},{"not_picked":["Flechettes","Footwork"],"picked":"Finisher"},{"not_picked":["Quick Slash","Outmaneuver"],"picked":"Slice"},{"not_picked":["Acrobatics","Dagger Throw"],"picked":"Die Die Die"},{"not_picked":["Night Terror","Wraith Form"],"picked":"Adrenaline"},{"not_picked":["Deflect","Choke"],"picked":"Slice"},{"not_picked":["Outmaneuver","Malaise"],"picked":"Catalyst"},{"not_picked":["Deflect","Prepared"],"picked":"Catalyst"}],"player_experience":20548,"potions_floor_usage":[7,7,11,16,20,20,33,33,41,44,44,50],"damage_taken":[{"damage":0,"enemies":"Cultist","floor":1,"turns":5},{"damage":2,"enemies":"Blue Slaver","floor":5,"turns":4},{"damage":13,"enemies":"Lagavulin","floor":7,"turns":8},{"damage":0,"enemies":"Small Slimes","floor":8,"turns":3},{"damage":6,"enemies":"Exordium Wildlife","floor":11,"turns":6},{"damage":22,"enemies":"3 Sentries","floor":12,"turns":10},{"damage":0,"enemies":"Looter","floor":14,"turns":2},{"damage":9,"enemies":"The Guardian","floor":16,"turns":9},{"damage":0,"enemies":"Shell Parasite","floor":18,"turns":3},{"damage":2,"enemies":"Chosen","floor":20,"turns":7},{"damage":1,"enemies":"Snecko","floor":21,"turns":5},{"damage":22,"enemies":"Gremlin Leader","floor":23,"turns":5},{"damage":14,"enemies":"Slaver and Parasite","floor":27,"turns":7},{"damage":0,"enemies":"Snake Plant","floor":28,"turns":3},{"damage":15,"enemies":"Collector","floor":33,"turns":11},{"damage":3,"enemies":"Orb Walker","floor":35,"turns":3},{"damage":9,"enemies":"3 Shapes","floor":37,"turns":6},{"damage":0,"enemies":"3 Darklings","floor":41,"turns":4},{"damage":2,"enemies":"Maw","floor":44,"turns":5},{"damage":13,"enemies":"Sphere and 2 Shapes","floor":46,"turns":5},{"damage":20,"enemies":"3 Darklings","floor":47,"turns":3},{"damage":50,"enemies":"Donu and Deca","floor":50,"turns":6}],"event_choices":[{"event_name":"The Lab","player_choice":"Got Potions","floor":2,"damage_taken":0},{"event_name":"The Cleric","player_choice":"Leave","floor":3,"damage_taken":0},{"event_name":"Match and Keep!","player_choice":"1 cards matched","floor":4,"damage_taken":0},{"event_name":"Dead Adventurer","player_choice":"Searched \u00272\u0027 times","floor":12,"damage_taken":0},{"event_name":"Forgotten Altar","player_choice":"Smashed Altar","floor":19,"damage_taken":0},{"event_name":"The Library","player_choice":"Read","floor":22,"damage_taken":0},{"event_name":"Drug Dealer","player_choice":"Ignored","floor":31,"damage_taken":0},{"event_name":"The Woman in Blue","player_choice":"Bought 2 Potions","floor":36,"damage_taken":0},{"event_name":"Tomb of Lord Red Mask","player_choice":"Ignored","floor":38,"damage_taken":0},{"event_name":"Wheel of Change","player_choice":"Relic","floor":39,"damage_taken":0},{"event_name":"Match and Keep!","player_choice":"1 cards matched","floor":48,"damage_taken":0}],"boss_relics":[{"not_picked":["White Beast Statue","Orrery"],"picked":"Black Star"},{"not_picked":["Philosopher\u0027s Stone","Tiny House"],"picked":"Calling Bell"}],"potions_floor_spawned":[7,11,12,18,21,33,37,41],"seed_played":"604436193995675955","killed_by":"Donu and Deca","is_trial":false}