{"gold_per_floor":[119,119,119,132,147,173,173],"floor_reached":7,"playtime":1875,"items_purged":[],"score":82,"play_id":"55832e8c-d77b-45bb-88dc-a3f1b5bf44ac","local_time":"20190814203005","is_ascension_mode":true,"campfire_choices":[],"neow_cost":"PERCENT_DAMAGE","seed_source_timestamp":66241369688100,"circlet_count":0,"master_deck":["AscendersBane","Strike_B","Strike_B","Strike_B","Strike_B","Defend_B","Defend_B","Defend_B","Defend_B","Zap","Dualcast","Echo Form","Defragment","Pain","Conserve Battery","Undo","BootSequence"],"relics":["Cracked Core","WarpedTongs","PreservedInsect"],"potions_floor_usage":[6],"damage_taken":[{"damage":2,"enemies":"Jaw Worm","floor":1,"turns":5},{"damage":11,"enemies":"Small Slimes","floor":4,"turns":3},{"damage":7,"enemies":"Cultist","floor":5,"turns":5},{"damage":36,"enemies":"3 Sentries","floor":6,"turns":8},{"damage":15,"enemies":"3 Louse","floor":7,"turns":2}],"seed_played":"-2877273198353363505","potions_obtained":[{"floor":1,"key":"SkillPotion"},{"floor":4,"key":"FocusPotion"},{"floor":5,"key":"Regen Potion"}],"is_trial":false,"path_per_floor":["M","?","?","M","M","E","M"],"character_chosen":"DEFECT","items_purchased":[],"campfire_rested":0,"item_purchase_floors":[],"current_hp_per_floor":[48,53,53,42,35,14,0],"gold":173,"neow_bonus":"THREE_RARE_CARDS","is_prod":false,"is_daily":false,"chose_seed":false,"campfire_upgraded":0,"win_rate":0,"timestamp":1565832605,"path_taken":["M","?","?","M","?","E","M"],"build_version":"2019-07-17","purchased_purges":0,"victory":false,"max_hp_per_floor":[75,80,80,80,80,80,80],"card_choices":[{"not_picked":["Amplify","Reboot"],"picked":"Echo Form","floor":0},{"not_picked":["Conserve Battery","Turbo"],"picked":"Defragment","floor":1},{"not_picked":["Blizzard","Steam"],"picked":"Conserve Battery","floor":4},{"not_picked":["Redo","Beam Cell"],"picked":"Undo","floor":5},{"not_picked":["Go for the Eyes","Amplify"],"picked":"BootSequence","floor":6}],"player_experience":2827525,"relics_obtained":[{"floor":6,"key":"PreservedInsect"}],"event_choices":[{"damage_healed":0,"gold_gain":0,"player_choice":"Donut","damage_taken":0,"max_hp_gain":5,"max_hp_loss":0,"event_name":"Big Fish","floor":2,"gold_loss":0},{"damage_healed":0,"gold_gain":0,"player_choice":"Rummage","damage_taken":0,"relics_obtained":["WarpedTongs"],"max_hp_gain":0,"max_hp_loss":0,"event_name":"Accursed Blacksmith","floor":3,"gold_loss":0,"cards_obtained":["Pain"]}],"is_beta":false,"boss_relics":[],"items_purged_floors":[],"is_endless":false,"potions_floor_spawned":[1,4,5],"killed_by":"3 Louse","ascension_level":12}