{"gold_per_floor":[115,115,115,141,141,141,158,158,181,214,232,243,275,291,291,388,388,402,327,327,312,323,323,340,351,351,351,451,462,478,478,478,576,576,591,603,603,618,618],"floor_reached":39,"playtime":8391,"items_purged":[],"score":693,"play_id":"9dd808b7-1d41-40b6-bccf-6fc40d0b45f1","local_time":"20190402192400","is_ascension_mode":true,"campfire_choices":[{"data":"Survivor","floor":6,"key":"SMITH"},{"data":"Neutralize","floor":8,"key":"SMITH"},{"floor":15,"key":"REST"},{"floor":23,"key":"REST"},{"floor":27,"key":"REST"},{"floor":32,"key":"REST"}],"neow_cost":"NONE","seed_source_timestamp":1466143075991681,"circlet_count":0,"master_deck":["Defend_G","Defend_G+1","Defend_G","Defend_G","Defend_G","Strike_G","Strike_G","Strike_G","Survivor+1","Neutralize+1","Noxious Fumes+1","Catalyst","Deadly Poison","Burst","Backstab","Caltrops","Deadly Poison","Malaise","Catalyst"],"relics":["Ring of the Snake","NeowsBlessing","Strawberry","Regal Pillow","Happy Flower","Oddly Smooth Stone","Runic Pyramid","Ninja Scroll","Black Star"],"potions_floor_usage":[16,16,16,33,33,33,39,39,39],"damage_taken":[{"damage":0,"enemies":"Jaw Worm","floor":1,"turns":1},{"damage":1,"enemies":"2 Louse","floor":7,"turns":2},{"damage":0,"enemies":"3 Sentries","floor":10,"turns":2},{"damage":0,"enemies":"Cultist","floor":11,"turns":4},{"damage":11,"enemies":"Large Slime","floor":12,"turns":7},{"damage":6,"enemies":"Lagavulin","floor":13,"turns":8},{"damage":17,"enemies":"Lots of Slimes","floor":14,"turns":5},{"damage":0,"enemies":"The Guardian","floor":16,"turns":8},{"damage":2,"enemies":"Shell Parasite","floor":18,"turns":5},{"damage":7,"enemies":"2 Thieves","floor":21,"turns":4},{"damage":66,"enemies":"Cultist and Chosen","floor":22,"turns":8},{"damage":21,"enemies":"Snecko","floor":24,"turns":7},{"damage":5,"enemies":"Centurion and Healer","floor":25,"turns":9},{"damage":18,"enemies":"Snake Plant","floor":29,"turns":4},{"damage":15,"enemies":"Sentry and Sphere","floor":30,"turns":7},{"damage":43,"enemies":"Champ","floor":33,"turns":10},{"damage":14,"enemies":"Orb Walker","floor":35,"turns":6},{"damage":30,"enemies":"3 Darklings","floor":36,"turns":8},{"damage":3,"enemies":"Maw","floor":38,"turns":7},{"damage":36,"enemies":"Spire Growth","floor":39,"turns":8}],"seed_played":"2827887546012152374","potions_obtained":[{"floor":1,"key":"Poison Potion"},{"floor":10,"key":"EssenceOfSteel"},{"floor":11,"key":"GhostInAJar"},{"floor":18,"key":"Strength Potion"},{"floor":21,"key":"Block Potion"},{"floor":25,"key":"GamblersBrew"},{"floor":33,"key":"Block Potion"},{"floor":35,"key":"Strength Potion"},{"floor":37,"key":"Regen Potion"},{"floor":37,"key":"EssenceOfSteel"}],"is_trial":false,"path_per_floor":["M","?","?","T","?","R","M","R","T","E","M","M","E","M","R","B",null,"M","?","?","M","M","R","M","M","T","R","?","M","M","?","R","B",null,"M","M","?","M","M"],"character_chosen":"THE_SILENT","items_purchased":[],"campfire_rested":4,"item_purchase_floors":[],"current_hp_per_floor":[63,68,53,60,60,60,59,59,59,59,59,48,42,25,64,64,78,76,76,76,69,3,42,21,16,16,55,55,37,22,22,61,18,66,52,22,22,19,0],"gold":618,"neow_bonus":"THREE_ENEMY_KILL","is_prod":false,"is_daily":false,"chose_seed":false,"campfire_upgraded":2,"win_rate":0,"timestamp":1554251040,"path_taken":["M","?","?","?","?","R","M","R","T","E","M","M","E","M","R","BOSS","M","?","?","M","M","R","M","M","T","R","?","?","M","?","R","BOSS","M","?","?","M","M"],"build_version":"2019-01-23","purchased_purges":0,"victory":false,"max_hp_per_floor":[70,75,75,82,82,82,82,82,82,82,82,82,82,82,82,82,82,82,82,82,82,82,82,82,82,82,82,82,82,82,82,82,82,82,82,82,82,82,82],"card_choices":[{"not_picked":["Acrobatics","Quick Slash"],"picked":"Noxious Fumes","floor":1},{"not_picked":["Calculated Gamble","Heel Hook","Quick Slash"],"picked":"SKIP","floor":7},{"not_picked":["Acrobatics","Sucker Punch"],"picked":"Catalyst","floor":10},{"not_picked":["Heel Hook","Dodge and Roll","Glass Knife"],"picked":"SKIP","floor":11},{"not_picked":["Predator","Bane","Distraction"],"picked":"SKIP","floor":12},{"not_picked":["Backflip","Predator"],"picked":"Deadly Poison","floor":13},{"not_picked":["Dodge and Roll","Quick Slash","Predator"],"picked":"SKIP","floor":14},{"not_picked":["Envenom","Grand Finale"],"picked":"Burst","floor":16},{"not_picked":["Flying Knee+1","PiercingWail+1","Tactician"],"picked":"SKIP","floor":18},{"not_picked":["Dagger Throw","Deflect","Poisoned Stab"],"picked":"SKIP","floor":21},{"not_picked":["Masterful Stab+1","Well Laid Plans","Blade Dance"],"picked":"SKIP","floor":22},{"not_picked":["Well Laid Plans","Sucker Punch+1"],"picked":"Caltrops","floor":24},{"not_picked":["Flying Knee","PiercingWail"],"picked":"Deadly Poison","floor":25},{"not_picked":["Prepared","Slice","Endless Agony+1"],"picked":"SKIP","floor":29},{"not_picked":["Endless Agony","Distraction","Bane+1"],"picked":"SKIP","floor":30},{"not_picked":["Envenom","Tools of the Trade"],"picked":"Malaise","floor":33},{"not_picked":["Distraction+1","Dagger Spray","Underhanded Strike+1"],"picked":"SKIP","floor":35},{"not_picked":["Blade Dance+1","PiercingWail+1"],"picked":"Catalyst","floor":36},{"not_picked":["Quick Slash+1","Acrobatics","Flying Knee"],"picked":"SKIP","floor":38}],"player_experience":1786308,"relics_obtained":[{"floor":4,"key":"Strawberry"},{"floor":9,"key":"Regal Pillow"},{"floor":10,"key":"Happy Flower"},{"floor":13,"key":"Oddly Smooth Stone"},{"floor":26,"key":"Ninja Scroll"}],"event_choices":[{"damage_healed":0,"gold_gain":0,"player_choice":"Donut","damage_taken":0,"max_hp_gain":5,"max_hp_loss":0,"event_name":"Big Fish","floor":2,"gold_loss":0},{"damage_healed":0,"gold_gain":0,"player_choice":"Entered Light","damage_taken":15,"max_hp_gain":0,"max_hp_loss":0,"event_name":"Shining Light","floor":3,"gold_loss":0,"cards_upgraded":["Noxious Fumes","Defend_G"]},{"cards_removed":["Strike_G"],"damage_healed":0,"gold_gain":0,"player_choice":"Forget","damage_taken":0,"max_hp_gain":0,"max_hp_loss":0,"event_name":"Living Wall","floor":5,"gold_loss":0},{"cards_removed":["Strike_G"],"damage_healed":0,"gold_gain":0,"player_choice":"Gave Gold","damage_taken":0,"max_hp_gain":0,"max_hp_loss":0,"event_name":"Beggar","floor":19,"gold_loss":75},{"damage_healed":0,"gold_gain":0,"player_choice":"Read","damage_taken":0,"max_hp_gain":0,"max_hp_loss":0,"event_name":"The Library","floor":20,"gold_loss":0,"cards_obtained":["Backstab"]},{"damage_healed":0,"gold_gain":100,"player_choice":"Pray","damage_taken":0,"max_hp_gain":0,"max_hp_loss":0,"event_name":"Golden Shrine","floor":28,"gold_loss":0},{"damage_healed":0,"gold_gain":0,"player_choice":"0 cards matched","damage_taken":0,"max_hp_gain":0,"max_hp_loss":0,"event_name":"Match and Keep!","floor":31,"gold_loss":0,"cards_obtained":[]},{"damage_healed":0,"gold_gain":0,"player_choice":"Got Potions","damage_taken":0,"max_hp_gain":0,"max_hp_loss":0,"event_name":"Lab","floor":37,"gold_loss":0}],"is_beta":false,"boss_relics":[{"not_picked":["Astrolabe","Lizard Tail"],"picked":"Runic Pyramid"},{"not_picked":["Runic Dome","White Beast Statue"],"picked":"Black Star"}],"items_purged_floors":[],"is_endless":false,"potions_floor_spawned":[1,10,11,14,18,21,25,33,35,38],"killed_by":"Spire Growth","ascension_level":8}