{"gold_per_floor":[116,116,135,135,154,154,229,229,253,253,253,272,222,147,147,147],"floor_reached":16,"playtime":608,"items_purged":["Strike_B"],"score":136,"play_id":"3b3d8ce7-95c1-4b46-94a6-11b2dc23c6d2","local_time":"20190804215431","is_ascension_mode":true,"campfire_choices":[{"floor":6,"key":"REST"},{"data":"Zap","floor":8,"key":"SMITH"},{"data":"Conserve Battery","floor":10,"key":"SMITH"},{"data":"Conserve Battery","floor":15,"key":"SMITH"}],"neow_cost":"CURSE","seed_source_timestamp":163249847136800,"circlet_count":0,"master_deck":["AscendersBane","Strike_B","Strike_B","Strike_B","Defend_B","Defend_B","Defend_B","Defend_B","Zap+1","Chill","Conserve Battery+1","All For One","Conserve Battery+1"],"relics":["Cracked Core","Ginger","Happy Flower"],"potions_floor_usage":[16],"damage_taken":[{"damage":9,"enemies":"2 Louse","floor":1,"turns":4},{"damage":7,"enemies":"Cultist","floor":3,"turns":4},{"damage":0,"enemies":"Jaw Worm","floor":5,"turns":5},{"damage":2,"enemies":"2 Fungi Beasts","floor":12,"turns":4},{"damage":61,"enemies":"Hexaghost","floor":16,"turns":13}],"seed_played":"3249889309275368213","potions_obtained":[{"floor":3,"key":"SteroidPotion"},{"floor":12,"key":"Energy Potion"}],"is_trial":false,"path_per_floor":["M","?","M","?","M","R","?","R","T","R","?","M","?","$","R","B"],"character_chosen":"DEFECT","items_purchased":[],"campfire_rested":1,"item_purchase_floors":[],"current_hp_per_floor":[59,59,52,52,52,74,63,63,63,63,63,61,61,61,61,0],"gold":147,"neow_bonus":"ONE_RARE_RELIC","is_prod":false,"is_daily":false,"chose_seed":false,"campfire_upgraded":3,"win_rate":0,"timestamp":1564973671,"path_taken":["M","?","M","?","?","R","?","R","T","R","?","?","?","$","R","BOSS"],"build_version":"2019-07-17","purchased_purges":1,"victory":false,"max_hp_per_floor":[75,75,75,75,75,75,75,75,75,75,75,75,75,75,75,75],"card_choices":[{"not_picked":["Consume","Rebound"],"picked":"Chill","floor":1},{"not_picked":["Genetic Algorithm","Ball Lightning"],"picked":"Conserve Battery","floor":3},{"not_picked":["Steam","Barrage"],"picked":"Conserve Battery","floor":5},{"not_picked":["Coolheaded","Compile Driver","Stack"],"picked":"SKIP","floor":12}],"player_experience":2680475,"relics_obtained":[{"floor":9,"key":"Happy Flower"}],"event_choices":[{"cards_removed":["Pain"],"damage_healed":0,"gold_gain":0,"player_choice":"Forget","damage_taken":0,"max_hp_gain":0,"max_hp_loss":0,"event_name":"Living Wall","floor":2,"gold_loss":0},{"damage_healed":0,"gold_gain":0,"player_choice":"1 cards matched","damage_taken":0,"max_hp_gain":0,"max_hp_loss":0,"event_name":"Match and Keep!","floor":4,"gold_loss":0,"cards_obtained":["All For One"]},{"damage_healed":0,"gold_gain":75,"player_choice":"Gather Gold","damage_taken":11,"max_hp_gain":0,"max_hp_loss":0,"event_name":"World of Goop","floor":7,"gold_loss":0},{"damage_healed":0,"gold_gain":0,"player_choice":"Ignored","damage_taken":0,"max_hp_gain":0,"max_hp_loss":0,"event_name":"Liars Game","floor":11,"gold_loss":0},{"cards_removed":["Dualcast"],"damage_healed":0,"gold_gain":0,"player_choice":"Card Removal","damage_taken":0,"max_hp_gain":0,"max_hp_loss":0,"event_name":"The Cleric","floor":13,"gold_loss":50}],"is_beta":false,"boss_relics":[],"items_purged_floors":[14],"is_endless":false,"potions_floor_spawned":[3,12],"killed_by":"Hexaghost","ascension_level":11}