{"gold_per_floor":[19,19,19,94,108,108,142,142,196,216,272,197,215,231,231,327,327,337,337,356,379,390,417,431,346,346,361,361,379,379,397,397,498,498,510,910,910,922,937,937,837,837,837,837,837,849,862,879,879,879],"floor_reached":50,"playtime":5134,"items_purged":["Defend_G","Strike_G"],"score":499,"play_id":"b6b0f491-c76e-4aa4-b72b-f13b68e5b447","local_time":"20181111144223","is_ascension_mode":false,"campfire_choices":[{"data":"Noxious Fumes","floor":6,"key":"SMITH"},{"floor":8,"key":"REST"},{"floor":15,"key":"REST"},{"floor":30,"key":"REST"},{"floor":32,"key":"REST"},{"data":"After Image","floor":40,"key":"SMITH"},{"data":"Backstab","floor":42,"key":"SMITH"},{"floor":49,"key":"REST"}],"neow_cost":"NO_GOLD","seed_source_timestamp":2815351109658126,"circlet_count":0,"master_deck":["Defend_G","Defend_G","Defend_G","Defend_G","Strike_G","Strike_G","Strike_G","Strike_G","Survivor","Neutralize","Leg Sweep","Noxious Fumes+1","Blur","Dash","Well Laid Plans","Leg Sweep","Adrenaline","Backstab+1","Infinite Blades+1","Backstab+1","After Image+1","Blur+1","Dash+1"],"relics":["Ring of the Snake","Nunchaku","Dead Branch","Dream Catcher","Odd Mushroom","Tiny Chest","HoveringKite","Bronze Scales","Bag of Marbles","Ginger","Ninja Scroll","Molten Egg 2","Cursed Key","Old Coin","Darkstone Periapt","Toxic Egg 2"],"potions_floor_usage":[16,16,16,23,33,33,50,50],"damage_taken":[{"damage":0,"enemies":"Small Slimes","floor":1,"turns":6},{"damage":0,"enemies":"2 Louse","floor":5,"turns":4},{"damage":30,"enemies":"Gremlin Nob","floor":7,"turns":5},{"damage":8,"enemies":"The Mushroom Lair","floor":10,"turns":5},{"damage":5,"enemies":"Lagavulin","floor":11,"turns":9},{"damage":0,"enemies":"Jaw Worm","floor":13,"turns":5},{"damage":0,"enemies":"Looter","floor":14,"turns":4},{"damage":16,"enemies":"Slime Boss","floor":16,"turns":12},{"damage":4,"enemies":"3 Byrds","floor":18,"turns":5},{"damage":15,"enemies":"Spheric Guardian","floor":20,"turns":7},{"damage":4,"enemies":"Shelled Parasite and Fungi","floor":22,"turns":8},{"damage":24,"enemies":"Gremlin Leader","floor":23,"turns":7},{"damage":4,"enemies":"Snake Plant","floor":24,"turns":4},{"damage":0,"enemies":"Chosen and Byrds","floor":27,"turns":5},{"damage":0,"enemies":"Centurion and Healer","floor":29,"turns":5},{"damage":9,"enemies":"Snake Plant","floor":31,"turns":4},{"damage":16,"enemies":"Champ","floor":33,"turns":9},{"damage":0,"enemies":"3 Shapes","floor":35,"turns":2},{"damage":0,"enemies":"Mind Bloom Boss Battle","floor":36,"turns":5},{"damage":21,"enemies":"3 Darklings","floor":38,"turns":2},{"damage":0,"enemies":"Writhing Mass","floor":39,"turns":5},{"damage":0,"enemies":"Sphere and 2 Shapes","floor":46,"turns":4},{"damage":8,"enemies":"Transient","floor":47,"turns":5},{"damage":0,"enemies":"Jaw Worm Horde","floor":48,"turns":5},{"damage":92,"enemies":"Time Eater","floor":50,"turns":10}],"seed_played":"6596863184409840600","potions_obtained":[{"floor":5,"key":"Ancient Potion"},{"floor":10,"key":"Dexterity Potion"},{"floor":14,"key":"Swift Potion"},{"floor":16,"key":"FearPotion"},{"floor":20,"key":"Regen Potion"},{"floor":22,"key":"LiquidBronze"},{"floor":27,"key":"Block Potion"},{"floor":29,"key":"GhostInAJar"},{"floor":36,"key":"PowerPotion"},{"floor":48,"key":"Regen Potion"}],"is_trial":false,"path_per_floor":["M","?","$","?","M","R","E","R","T","?","E","$","M","M","R","B",null,"M","?","M","T","M","E","M","?","T","M","?","M","R","M","R","B",null,"M","?","T","M","M","R","$","R","T","?","?","M","M","M","R","B"],"character_chosen":"THE_SILENT","items_purchased":[],"campfire_rested":5,"item_purchase_floors":[],"current_hp_per_floor":[70,70,70,59,59,59,29,50,50,42,37,37,37,37,58,42,70,66,66,51,51,47,38,34,34,34,34,34,34,55,46,67,51,70,70,70,70,49,55,55,55,55,61,61,61,61,53,53,76,0],"gold":879,"neow_bonus":"ONE_RARE_RELIC","is_prod":false,"is_daily":false,"chose_seed":false,"campfire_upgraded":3,"win_rate":0.0,"timestamp":1541968943,"path_taken":["M","?","$","?","?","R","E","R","T","?","E","?","M","M","R","BOSS","M","?","M","?","M","E","M","?","T","M","?","M","R","M","R","BOSS","M","?","?","M","M","R","$","R","T","?","?","?","M","M","R","BOSS"],"build_version":"2018-11-08","purchased_purges":2,"victory":false,"max_hp_per_floor":[70,70,70,70,70,70,70,70,70,70,70,70,70,70,70,70,70,70,70,70,70,70,70,70,70,70,70,70,70,70,70,70,70,70,70,70,70,70,76,76,76,76,82,82,79,79,79,79,79,79],"card_choices":[{"not_picked":["Quick Slash","Riddle With Holes"],"picked":"Leg Sweep","floor":1},{"not_picked":["Expertise","Deadly Poison"],"picked":"Noxious Fumes","floor":5},{"not_picked":["Backflip","All Out Attack","Poisoned Stab"],"picked":"SKIP","floor":7},{"not_picked":["Deadly Poison","Poisoned Stab"],"picked":"Blur","floor":10},{"not_picked":["Blade Dance","Underhanded Strike"],"picked":"Dash","floor":11},{"not_picked":["Poisoned Stab","Acrobatics"],"picked":"Well Laid Plans","floor":13},{"not_picked":["Outmaneuver","Poisoned Stab"],"picked":"Leg Sweep","floor":14},{"not_picked":["Glass Knife","Venomology"],"picked":"Adrenaline","floor":16},{"not_picked":["Reflex","Heel Hook","Bane"],"picked":"SKIP","floor":18},{"not_picked":["Distraction","Acrobatics+1","Bane"],"picked":"SKIP","floor":20},{"not_picked":["Quick Slash","Underhanded Strike"],"picked":"Backstab","floor":22},{"not_picked":["Outmaneuver","Backflip"],"picked":"Infinite Blades+1","floor":23},{"not_picked":["Deflect","Poisoned Stab+1","Sucker Punch"],"picked":"SKIP","floor":24},{"not_picked":["Distraction","Acrobatics","Phantasmal Killer"],"picked":"SKIP","floor":27},{"not_picked":["Backflip","Heel Hook+1","PiercingWail"],"picked":"SKIP","floor":29},{"not_picked":["Sucker Punch+1","Blade Dance","Deflect+1"],"picked":"SKIP","floor":31},{"not_picked":["Bane+1","Crippling Poison"],"picked":"Backstab+1","floor":32},{"not_picked":["Phantasmal Killer","Die Die Die+1"],"picked":"After Image","floor":33},{"not_picked":["Masterful Stab+1","Deflect","Prepared"],"picked":"SKIP","floor":35},{"not_picked":["Dodge and Roll+1","Outmaneuver","Dagger Spray+1"],"picked":"SKIP","floor":38},{"not_picked":["Prepared","Deflect","Wraith Form v2"],"picked":"SKIP","floor":39},{"not_picked":["Deflect+1","Poisoned Stab+1","Flying Knee+1"],"picked":"SKIP","floor":46},{"not_picked":["Underhanded Strike+1","Predator+1","Eviscerate+1"],"picked":"SKIP","floor":47},{"not_picked":["Slice+1","Deflect+1"],"picked":"Blur+1","floor":48},{"not_picked":["Bane+1","Blade Dance+1"],"picked":"Dash+1","floor":49}],"player_experience":126098,"relics_obtained":[{"floor":7,"key":"Dead Branch"},{"floor":9,"key":"Dream Catcher"},{"floor":10,"key":"Odd Mushroom"},{"floor":11,"key":"Tiny Chest"},{"floor":21,"key":"Bronze Scales"},{"floor":23,"key":"Bag of Marbles"},{"floor":26,"key":"Ninja Scroll"},{"floor":36,"key":"Old Coin"},{"floor":37,"key":"Darkstone Periapt"},{"floor":43,"key":"Toxic Egg 2"}],"event_choices":[{"damage_healed":0,"gold_gain":0,"player_choice":"Leave","damage_taken":0,"max_hp_gain":0,"max_hp_loss":0,"event_name":"The Cleric","floor":2,"gold_loss":0},{"damage_healed":0,"gold_gain":75,"player_choice":"Gather Gold","damage_taken":11,"max_hp_gain":0,"max_hp_loss":0,"event_name":"World of Goop","floor":4,"gold_loss":0},{"damage_healed":0,"gold_gain":0,"player_choice":"Fought Mushrooms","damage_taken":0,"max_hp_gain":0,"max_hp_loss":0,"event_name":"Mushrooms","floor":10,"gold_loss":0},{"damage_healed":0,"gold_gain":0,"player_choice":"Ignored","damage_taken":0,"max_hp_gain":0,"max_hp_loss":0,"event_name":"Ghosts","floor":19,"gold_loss":0},{"damage_healed":0,"gold_gain":0,"player_choice":"Obtained Relic","damage_taken":0,"relics_obtained":["Ginger"],"max_hp_gain":0,"max_hp_loss":0,"event_name":"Addict","floor":25,"gold_loss":85},{"damage_healed":0,"gold_gain":0,"player_choice":"Opened","damage_taken":0,"relics_obtained":["Molten Egg 2"],"max_hp_gain":0,"max_hp_loss":0,"event_name":"The Mausoleum","floor":28,"gold_loss":0},{"damage_healed":0,"gold_gain":0,"player_choice":"Fight","damage_taken":0,"max_hp_gain":0,"max_hp_loss":0,"event_name":"MindBloom","floor":36,"gold_loss":0},{"damage_healed":0,"gold_gain":0,"player_choice":"Ignored","damage_taken":0,"max_hp_gain":0,"max_hp_loss":0,"event_name":"Tomb of Lord Red Mask","floor":44,"gold_loss":0},{"cards_removed":["Injury","Parasite","Clumsy"],"damage_healed":0,"gold_gain":0,"player_choice":"Removed Curses","damage_taken":0,"max_hp_gain":0,"max_hp_loss":0,"event_name":"Fountain of Cleansing","floor":45,"gold_loss":0}],"is_beta":false,"boss_relics":[{"not_picked":["Coffee Dripper","WristBlade"],"picked":"HoveringKite"},{"not_picked":["Philosopher\u0027s Stone","Calling Bell"],"picked":"Cursed Key"}],"items_purged_floors":[12,41],"is_endless":false,"potions_floor_spawned":[5,10,14,16,20,22,27,29,36,48],"killed_by":"Time Eater","ascension_level":0}