{"gold_per_floor":[118,118,132,207,227,227,243,277,277,289,315,342,369,381,393,510,522,554,583,609,31,31,31,31,31,31,31,47,47,64,76,76,171,171,191,191,291,42,52,52,71,85,131,131,131,6,17,33,33,33],"floor_reached":50,"playtime":19539,"items_purged":["Pain","Decay","Dualcast"],"score":722,"play_id":"76c5f6db-0f94-4c3d-944e-c35dc26beb7d","local_time":"20190723172929","is_ascension_mode":true,"campfire_choices":[{"floor":6,"key":"REST"},{"floor":15,"key":"REST"},{"floor":23,"key":"REST"},{"floor":25,"key":"REST"},{"data":"Madness","floor":27,"key":"SMITH"},{"floor":32,"key":"REST"},{"floor":40,"key":"REST"},{"floor":44,"key":"REST"},{"floor":45,"key":"REST"},{"floor":49,"key":"RECALL"}],"neow_cost":"PERCENT_DAMAGE","seed_source_timestamp":992960734748950,"circlet_count":0,"master_deck":["AscendersBane","Defend_B","Defend_B","Defend_B","Defend_B","Zap","Thunder Strike","Conserve Battery","Ball Lightning","Chill","Tempest","Chill","Redo+1","The Bomb","Madness+1","Loop","Bite","Bite","Bite","Bite","Bite","Conserve Battery","Ball Lightning+1","Reinforced Body","Conserve Battery+1"],"relics":["Cracked Core","Vajra","MawBank","Pear","WarpedTongs","Runic Pyramid","Sozu","WingedGreaves","Bronze Scales","Juzu Bracelet"],"potions_floor_usage":[8,8,13,13,20,33,50,50],"damage_taken":[{"damage":3,"enemies":"2 Louse","floor":1,"turns":4},{"damage":14,"enemies":"Small Slimes","floor":3,"turns":4},{"damage":9,"enemies":"Cultist","floor":5,"turns":6},{"damage":0,"enemies":"2 Fungi Beasts","floor":7,"turns":3},{"damage":27,"enemies":"Lagavulin","floor":8,"turns":6},{"damage":7,"enemies":"Red Slaver","floor":11,"turns":3},{"damage":16,"enemies":"Large Slime","floor":12,"turns":7},{"damage":0,"enemies":"3 Louse","floor":13,"turns":1},{"damage":10,"enemies":"Hexaghost","floor":16,"turns":7},{"damage":39,"enemies":"3 Byrds","floor":18,"turns":5},{"damage":21,"enemies":"Chosen","floor":19,"turns":4},{"damage":1,"enemies":"Snecko","floor":20,"turns":3},{"damage":23,"enemies":"Shelled Parasite and Fungi","floor":28,"turns":5},{"damage":10,"enemies":"Centurion and Healer","floor":30,"turns":5},{"damage":28,"enemies":"Snake Plant","floor":31,"turns":5},{"damage":36,"enemies":"Automaton","floor":33,"turns":10},{"damage":36,"enemies":"3 Shapes","floor":35,"turns":3},{"damage":13,"enemies":"Mind Bloom Boss Battle","floor":37,"turns":8},{"damage":12,"enemies":"3 Darklings","floor":39,"turns":4},{"damage":49,"enemies":"Transient","floor":41,"turns":5},{"damage":29,"enemies":"Maw","floor":42,"turns":6},{"damage":15,"enemies":"3 Darklings","floor":47,"turns":5},{"damage":39,"enemies":"Spire Growth","floor":48,"turns":5},{"damage":56,"enemies":"Awakened One","floor":50,"turns":3}],"seed_played":"8303741078196909105","potions_obtained":[{"floor":3,"key":"Explosive Potion"},{"floor":5,"key":"FearPotion"},{"floor":7,"key":"Block Potion"},{"floor":11,"key":"Explosive Potion"},{"floor":16,"key":"Swift Potion"},{"floor":18,"key":"Ancient Potion"},{"floor":19,"key":"PowerPotion"},{"floor":20,"key":"Poison Potion"},{"floor":24,"key":"EntropicBrew"}],"is_trial":false,"path_per_floor":["M","?","M","?","M","R","M","E","T","?","M","M","M","?","R","B",null,"M","M","M","$","?","R","?","R","T","R","M","?","M","M","R","B",null,"M","?","?","$","M","R","M","M","T","R","R","$","M","M","R","B"],"character_chosen":"DEFECT","items_purchased":["The Bomb","Blood Vial","Madness","Loop","Bronze Scales"],"campfire_rested":8,"item_purchase_floors":[21,21,21,21,38],"current_hp_per_floor":[47,52,38,27,18,42,42,15,15,25,18,2,2,2,29,19,72,33,12,11,11,11,38,38,65,65,65,44,44,43,26,53,33,76,50,50,53,53,47,74,36,21,21,48,75,75,67,45,45,0],"gold":33,"neow_bonus":"THREE_RARE_CARDS","is_prod":false,"is_daily":false,"chose_seed":false,"campfire_upgraded":1,"win_rate":0,"timestamp":1563920969,"path_taken":["M","?","M","?","M","R","M","E","T","?","M","M","M","?","R","BOSS","M","?","M","$","?","R","?","R","T","R","?","?","M","M","R","BOSS","M","?","?","$","M","R","M","M","T","R","R","$","M","M","R","BOSS"],"build_version":"2019-07-17","purchased_purges":3,"victory":false,"max_hp_per_floor":[75,80,80,80,80,80,80,80,80,90,90,90,90,90,90,90,90,90,90,90,90,90,90,90,90,90,90,90,90,90,90,90,90,90,90,90,90,90,90,90,90,90,90,90,90,90,90,90,90,90],"card_choices":[{"not_picked":["Hyperbeam","Reboot"],"picked":"Thunder Strike","floor":0},{"not_picked":["Leap","Stack"],"picked":"Conserve Battery","floor":1},{"not_picked":["Hello World","Beam Cell","Cold Snap"],"picked":"SKIP","floor":3},{"not_picked":["Steam Power","Melter"],"picked":"Ball Lightning","floor":5},{"not_picked":["Gash","Doom and Gloom","Steam"],"picked":"SKIP","floor":7},{"not_picked":["Meteor Strike","Hologram"],"picked":"Chill","floor":8},{"not_picked":["Streamline","Coolheaded","Hologram"],"picked":"SKIP","floor":11},{"not_picked":["Steam","Hologram"],"picked":"Tempest","floor":12},{"not_picked":["Go for the Eyes","Coolheaded"],"picked":"Chill","floor":13},{"not_picked":["Force Field","Hologram","Cold Snap"],"picked":"SKIP","floor":18},{"not_picked":["Reprogram","Cold Snap"],"picked":"Redo+1","floor":19},{"not_picked":["Undo","Stack","Rebound+1"],"picked":"SKIP","floor":20},{"not_picked":["Meteor Strike","Sweeping Beam+1","Steam"],"picked":"SKIP","floor":28},{"not_picked":["Hologram","Rip and Tear","Barrage"],"picked":"SKIP","floor":30},{"not_picked":["Ball Lightning","Turbo","Melter"],"picked":"SKIP","floor":31},{"not_picked":["Cold Snap","Barrage"],"picked":"Conserve Battery","floor":35},{"not_picked":["Glacier+1","Redo"],"picked":"Ball Lightning+1","floor":37},{"not_picked":["Steam","Aggregate+1","Streamline+1"],"picked":"SKIP","floor":39},{"not_picked":["Double Energy","Blizzard","Hologram+1"],"picked":"SKIP","floor":41},{"not_picked":["Static Discharge+1","Blizzard","Compile Driver+1"],"picked":"SKIP","floor":42},{"not_picked":["Streamline","BootSequence+1"],"picked":"Reinforced Body","floor":47},{"not_picked":["Auto Shields","Go for the Eyes+1"],"picked":"Conserve Battery+1","floor":48}],"player_experience":2419153,"relics_obtained":[{"floor":8,"key":"Vajra"},{"floor":9,"key":"MawBank"},{"floor":37,"key":"WingedGreaves"},{"floor":43,"key":"Juzu Bracelet"}],"event_choices":[{"damage_healed":0,"gold_gain":0,"player_choice":"Donut","damage_taken":0,"max_hp_gain":5,"max_hp_loss":0,"event_name":"Big Fish","floor":2,"gold_loss":0},{"damage_healed":0,"gold_gain":75,"player_choice":"Gather Gold","damage_taken":11,"max_hp_gain":0,"max_hp_loss":0,"event_name":"World of Goop","floor":4,"gold_loss":0},{"damage_healed":0,"gold_gain":0,"player_choice":"Searched \u00271\u0027 times","damage_taken":0,"relics_obtained":["Pear"],"max_hp_gain":0,"max_hp_loss":0,"event_name":"Dead Adventurer","floor":10,"gold_loss":0},{"damage_healed":0,"gold_gain":0,"player_choice":"Rummage","damage_taken":0,"relics_obtained":["WarpedTongs"],"max_hp_gain":0,"max_hp_loss":0,"event_name":"Accursed Blacksmith","floor":14,"gold_loss":0,"cards_obtained":["Pain"]},{"damage_healed":0,"gold_gain":0,"player_choice":"Smashed Altar","damage_taken":0,"max_hp_gain":0,"max_hp_loss":0,"event_name":"Forgotten Altar","floor":22,"gold_loss":0,"cards_obtained":["Decay"]},{"damage_healed":0,"gold_gain":0,"player_choice":"Got Potions","damage_taken":0,"max_hp_gain":0,"max_hp_loss":0,"event_name":"Lab","floor":24,"gold_loss":0},{"damage_healed":0,"gold_gain":0,"player_choice":"Became a vampire (Vial)","damage_taken":0,"max_hp_gain":0,"max_hp_loss":0,"event_name":"Vampires","floor":29,"relics_lost":["Blood Vial"],"gold_loss":0,"cards_obtained":["Bite","Bite","Bite","Bite","Bite"]},{"damage_healed":0,"gold_gain":0,"player_choice":"Ignored","damage_taken":0,"max_hp_gain":0,"max_hp_loss":0,"event_name":"Mysterious Sphere","floor":36,"gold_loss":0},{"damage_healed":0,"gold_gain":0,"player_choice":"Fight","damage_taken":0,"max_hp_gain":0,"max_hp_loss":0,"event_name":"MindBloom","floor":37,"gold_loss":0}],"is_beta":false,"boss_relics":[{"not_picked":["FrozenCore","Runic Dome"],"picked":"Runic Pyramid"},{"not_picked":["Velvet Choker","Lizard Tail"],"picked":"Sozu"}],"items_purged_floors":[21,38,46],"is_endless":false,"potions_floor_spawned":[3,5,7,11,16,18,19,20,35,39,47],"killed_by":"Awakened One","ascension_level":10}