{"gold_per_floor":[109,109,109,109,130,130,55,55,55,69,90,90,104,124,124,248,248,269,64,83,83,97,97,97,0,77,77,108,133,48,48,48,176,176,197,212,212,212,0,18,18,18,18,18,18],"floor_reached":45,"playtime":1421,"items_purged":["Strike_R","Strike_R"],"score":471,"play_id":"895f7b3c-422a-4009-9ed3-70e2a592f7d1","local_time":"20190829202356","is_ascension_mode":false,"campfire_choices":[{"data":"Flame Barrier","floor":6,"key":"SMITH"},{"data":"Bash","floor":8,"key":"SMITH"},{"data":"Headbutt","floor":15,"key":"SMITH"},{"floor":23,"key":"REST"},{"floor":32,"key":"REST"},{"floor":42,"key":"REST"},{"data":"Heavy Blade","floor":44,"key":"SMITH"}],"neow_cost":"NONE","seed_source_timestamp":638015070667412,"circlet_count":0,"master_deck":["Strike_R","Strike_R","Strike_R","Defend_R","Defend_R","Defend_R","Defend_R","Bash+1","Pommel Strike+1","Headbutt+1","Demon Form","Cleave","Heavy Blade+1","Thunderclap","Whirlwind+1","Metallicize","Pummel","Second Wind+1","Demon Form","Dual Wield+1"],"relics":["Burning Blood","NeowsBlessing","Golden Idol","Mummified Hand","Orrery","Sundial","Toxic Egg 2","Dodecahedron","Snecko Eye","Red Mask","The Courier"],"potions_floor_usage":[14,20,35,40],"damage_taken":[{"damage":0,"enemies":"2 Louse","floor":1,"turns":1},{"damage":0,"enemies":"Small Slimes","floor":5,"turns":1},{"damage":0,"enemies":"Cultist","floor":10,"turns":1},{"damage":3,"enemies":"Red Slaver","floor":11,"turns":4},{"damage":5,"enemies":"Looter","floor":13,"turns":3},{"damage":12,"enemies":"Gremlin Gang","floor":14,"turns":4},{"damage":59,"enemies":"Slime Boss","floor":16,"turns":18},{"damage":51,"enemies":"2 Thieves","floor":18,"turns":5},{"damage":0,"enemies":"3 Byrds","floor":20,"turns":3},{"damage":26,"enemies":"3 Cultists","floor":22,"turns":5},{"damage":51,"enemies":"Book of Stabbing","floor":28,"turns":6},{"damage":18,"enemies":"Snake Plant","floor":29,"turns":4},{"damage":57,"enemies":"Champ","floor":33,"turns":9},{"damage":31,"enemies":"3 Shapes","floor":35,"turns":4},{"damage":30,"enemies":"3 Darklings","floor":36,"turns":3},{"damage":29,"enemies":"Maw","floor":40,"turns":6},{"damage":39,"enemies":"Sphere and 2 Shapes","floor":45,"turns":3}],"seed_played":"3504645608968122479","potions_obtained":[{"floor":1,"key":"SteroidPotion"},{"floor":10,"key":"SpeedPotion"},{"floor":11,"key":"Strength Potion"},{"floor":13,"key":"FairyPotion"},{"floor":18,"key":"AttackPotion"},{"floor":36,"key":"PowerPotion"},{"floor":40,"key":"Weak Potion"}],"is_trial":false,"path_per_floor":["M","?","?","?","M","R","$","R","T","M","M","?","M","M","R","B",null,"M","$","M","$","M","R","?","?","T","?","E","M","?","$","R","B",null,"M","M","$","?","?","M","?","R","T","R","M"],"character_chosen":"IRONCLAD","items_purchased":["Metallicize","Pummel"],"campfire_rested":3,"item_purchase_floors":[19,19],"current_hp_per_floor":[80,60,65,65,71,71,71,71,71,77,80,80,81,75,75,22,85,40,40,46,46,26,51,51,51,51,79,34,22,22,22,47,14,85,60,36,36,36,36,13,13,38,38,38,0],"gold":18,"neow_bonus":"THREE_ENEMY_KILL","is_prod":false,"is_daily":false,"chose_seed":false,"campfire_upgraded":4,"win_rate":0,"timestamp":1567124636,"path_taken":["M","?","?","?","?","R","?","R","T","M","M","?","M","?","R","BOSS","M","$","?","$","M","R","?","?","T","?","E","M","?","?","R","BOSS","M","M","$","?","?","M","?","R","T","R","M"],"build_version":"2019-07-17","purchased_purges":2,"victory":false,"max_hp_per_floor":[80,80,85,85,85,85,85,85,85,85,85,85,85,85,85,85,85,85,85,85,85,85,85,85,85,85,85,85,85,85,85,85,85,85,85,85,85,85,85,85,85,85,85,85,85],"card_choices":[{"not_picked":["Disarm","Iron Wave"],"picked":"Pommel Strike","floor":1},{"not_picked":["True Grit","Flex"],"picked":"Flame Barrier","floor":5},{"not_picked":["True Grit","Iron Wave","Power Through"],"picked":"SKIP","floor":10},{"not_picked":["True Grit","Iron Wave","Power Through"],"picked":"SKIP","floor":10},{"not_picked":["True Grit","Iron Wave"],"picked":"Headbutt","floor":11},{"not_picked":["Body Slam","Feed","Carnage"],"picked":"SKIP","floor":13},{"not_picked":["Clothesline","Pummel","Iron Wave"],"picked":"SKIP","floor":14},{"not_picked":["Feed","Dark Embrace"],"picked":"Demon Form","floor":16},{"not_picked":["Battle Trance","Thunderclap"],"picked":"Cleave","floor":17},{"not_picked":["Rage","Flame Barrier"],"picked":"Heavy Blade","floor":17},{"not_picked":["Battle Trance","Entrench"],"picked":"Thunderclap","floor":17},{"not_picked":["Warcry","Rupture"],"picked":"Whirlwind+1","floor":18},{"not_picked":["Armaments","Flex"],"picked":"Second Wind+1","floor":20},{"not_picked":["Cleave+1","Pommel Strike","Impervious"],"picked":"SKIP","floor":22},{"not_picked":["Twin Strike","Flex"],"picked":"Demon Form","floor":28},{"not_picked":["Heavy Blade","Wild Strike","Warcry+1"],"picked":"SKIP","floor":29},{"not_picked":["Cleave","Headbutt+1","Carnage"],"picked":"SKIP","floor":35},{"not_picked":["Anger","Sentinel+1"],"picked":"Dual Wield+1","floor":36},{"not_picked":["Pommel Strike+1","Pummel","Wild Strike"],"picked":"SKIP","floor":40}],"player_experience":179061,"relics_obtained":[{"floor":9,"key":"Mummified Hand"},{"floor":26,"key":"Sundial"},{"floor":28,"key":"Toxic Egg 2"},{"floor":43,"key":"The Courier"}],"event_choices":[{"damage_healed":0,"gold_gain":0,"player_choice":"Take Damage","damage_taken":20,"relics_obtained":["Golden Idol"],"max_hp_gain":0,"max_hp_loss":0,"event_name":"Golden Idol","floor":2,"gold_loss":0},{"damage_healed":0,"gold_gain":0,"player_choice":"Donut","damage_taken":0,"max_hp_gain":5,"max_hp_loss":0,"event_name":"Big Fish","floor":3,"gold_loss":0},{"damage_healed":0,"gold_gain":0,"player_choice":"Upgraded","damage_taken":0,"max_hp_gain":0,"max_hp_loss":0,"event_name":"Upgrade Shrine","floor":4,"gold_loss":0,"cards_upgraded":["Pommel Strike"]},{"damage_healed":0,"gold_gain":0,"player_choice":"Ignored","damage_taken":0,"max_hp_gain":0,"max_hp_loss":0,"event_name":"NoteForYourself","floor":12,"gold_loss":0},{"damage_healed":0,"gold_gain":0,"player_choice":"Ignored","damage_taken":0,"max_hp_gain":0,"max_hp_loss":0,"event_name":"Ghosts","floor":24,"gold_loss":0},{"damage_healed":0,"gold_gain":0,"player_choice":"Paid Fearfully","damage_taken":0,"max_hp_gain":0,"max_hp_loss":0,"event_name":"Masked Bandits","floor":25,"gold_loss":97},{"damage_healed":28,"gold_gain":0,"player_choice":"Heal","damage_taken":0,"max_hp_gain":0,"max_hp_loss":0,"event_name":"The Library","floor":27,"gold_loss":0},{"damage_healed":0,"gold_gain":0,"player_choice":"Obtained Relic","damage_taken":0,"relics_obtained":["Dodecahedron"],"max_hp_gain":0,"max_hp_loss":0,"event_name":"Addict","floor":30,"gold_loss":85},{"cards_removed":["Flame Barrier"],"damage_healed":0,"gold_gain":0,"player_choice":"Removed Skill","damage_taken":0,"max_hp_gain":0,"max_hp_loss":0,"event_name":"Falling","floor":38,"gold_loss":0},{"damage_healed":0,"gold_gain":0,"player_choice":"Paid","damage_taken":0,"relics_obtained":["Red Mask"],"max_hp_gain":0,"max_hp_loss":0,"event_name":"Tomb of Lord Red Mask","floor":39,"gold_loss":212},{"damage_healed":0,"gold_gain":0,"player_choice":"Ignored","damage_taken":0,"max_hp_gain":0,"max_hp_loss":0,"event_name":"Mysterious Sphere","floor":41,"gold_loss":0}],"is_beta":false,"boss_relics":[{"not_picked":["Black Blood","Busted Crown"],"picked":"Orrery"},{"not_picked":["Sozu","Coffee Dripper"],"picked":"Snecko Eye"}],"items_purged_floors":[7,19],"is_endless":false,"potions_floor_spawned":[1,10,11,13,18,36,40],"killed_by":"Sphere and 2 Shapes","ascension_level":0}