{"gold_per_floor":[111,61,136,147,164,177,197,214,214,214,214,234,249,267,267,267],"floor_reached":16,"playtime":23050,"items_purged":[],"score":142,"play_id":"3a4f0424-32b0-47f9-83b3-9c7f4d389768","local_time":"20190704221416","is_ascension_mode":true,"campfire_choices":[{"floor":10,"key":"REST"},{"floor":15,"key":"REST"}],"neow_cost":"NONE","seed_source_timestamp":738384723954213,"circlet_count":0,"master_deck":["Strike_R","Strike_R","Strike_R","Defend_R","Defend_R","Defend_R","Defend_R","Bash","Body Slam","Ghostly Armor","Seeing Red","Spot Weakness"],"relics":["Burning Blood","NeowsBlessing","Dream Catcher"],"potions_floor_usage":[16,16],"damage_taken":[{"damage":1,"enemies":"Small Slimes","floor":1,"turns":2},{"damage":0,"enemies":"Jaw Worm","floor":4,"turns":1},{"damage":0,"enemies":"Cultist","floor":5,"turns":1},{"damage":26,"enemies":"2 Fungi Beasts","floor":6,"turns":5},{"damage":34,"enemies":"Large Slime","floor":7,"turns":11},{"damage":11,"enemies":"Blue Slaver","floor":8,"turns":6},{"damage":16,"enemies":"2 Fungi Beasts","floor":12,"turns":5},{"damage":0,"enemies":"3 Louse","floor":13,"turns":5},{"damage":0,"enemies":"Blue Slaver","floor":14,"turns":4},{"damage":76,"enemies":"Slime Boss","floor":16,"turns":9}],"seed_played":"3788351681334745022","potions_obtained":[{"floor":6,"key":"Strength Potion"},{"floor":7,"key":"Explosive Potion"},{"floor":8,"key":"FearPotion"},{"floor":13,"key":"Swift Potion"}],"is_trial":false,"path_per_floor":["M","?","?","M","M","M","M","M","T","R","?","M","M","M","R","B"],"character_chosen":"IRONCLAD","items_purchased":[],"campfire_rested":2,"item_purchase_floors":[],"current_hp_per_floor":[77,77,66,72,78,58,30,25,25,49,49,39,45,51,75,0],"gold":267,"neow_bonus":"THREE_ENEMY_KILL","is_prod":false,"is_daily":false,"chose_seed":false,"campfire_upgraded":0,"win_rate":0,"timestamp":1562296456,"path_taken":["M","?","?","M","M","M","M","?","T","R","?","M","M","M","R","BOSS"],"build_version":"2019-07-01","purchased_purges":0,"victory":false,"max_hp_per_floor":[80,80,80,80,80,80,80,80,80,80,80,80,80,80,80,80],"card_choices":[{"not_picked":["Shrug It Off","Searing Blow"],"picked":"Body Slam","floor":1},{"not_picked":["Warcry","Twin Strike"],"picked":"Ghostly Armor","floor":4},{"not_picked":["Entrench","Dropkick","Pommel Strike"],"picked":"SKIP","floor":5},{"not_picked":["Thunderclap","Body Slam","Rampage"],"picked":"SKIP","floor":6},{"not_picked":["Power Through","Carnage"],"picked":"Seeing Red","floor":7},{"not_picked":["Shockwave","Twin Strike","Dual Wield"],"picked":"SKIP","floor":8},{"not_picked":["Flex","Thunderclap","Wild Strike"],"picked":"SKIP","floor":12},{"not_picked":["Entrench","True Grit","Dark Embrace"],"picked":"SKIP","floor":13},{"not_picked":["Clash","Thunderclap","Shockwave"],"picked":"SKIP","floor":14}],"player_experience":2089985,"relics_obtained":[{"floor":9,"key":"Dream Catcher"}],"event_choices":[{"cards_removed":["Strike_R"],"damage_healed":0,"gold_gain":0,"player_choice":"Card Removal","damage_taken":0,"max_hp_gain":0,"max_hp_loss":0,"event_name":"The Cleric","floor":2,"gold_loss":50},{"damage_healed":0,"gold_gain":75,"player_choice":"Gather Gold","damage_taken":11,"max_hp_gain":0,"max_hp_loss":0,"event_name":"World of Goop","floor":3,"gold_loss":0},{"damage_healed":0,"gold_gain":0,"cards_transformed":["Strike_R"],"player_choice":"Transformed","damage_taken":0,"max_hp_gain":0,"max_hp_loss":0,"event_name":"Transmorgrifier","floor":11,"gold_loss":0,"cards_obtained":["Spot Weakness"]}],"is_beta":false,"boss_relics":[],"items_purged_floors":[],"is_endless":false,"potions_floor_spawned":[6,7,8,13],"killed_by":"Slime Boss","ascension_level":9}