{"gold_per_floor":[111,111,1,19,39,39,51,28,28,28,128,128,145,156,156,256,256,275,275,275,21,27,27,43,43,43,43,43,62,73,73,73,173,173,183,201,201,201,29,29,29],"floor_reached":41,"playtime":11184,"items_purged":["Strike_R","Flex+1","Twin Strike+1"],"score":591,"play_id":"543f06da-c211-44d9-a5e5-b590d05456be","local_time":"20190802200157","is_ascension_mode":true,"campfire_choices":[{"data":"Armaments","floor":6,"key":"SMITH"},{"floor":10,"key":"REST"},{"data":"Metallicize","floor":12,"key":"SMITH"},{"data":"Shrug It Off","floor":15,"key":"SMITH"},{"floor":23,"key":"REST"},{"floor":25,"key":"REST"},{"data":"Defend_R","floor":28,"key":"SMITH"},{"floor":32,"key":"REST"},{"floor":40,"key":"REST"}],"neow_cost":"NONE","seed_source_timestamp":23844705428100,"circlet_count":0,"master_deck":["AscendersBane","Defend_R","Defend_R","Defend_R","Defend_R+1","Metallicize+1","Armaments+1","Whirlwind","Shrug It Off+1","Body Slam+1","Demon Form","Exhume+1","Battle Trance","Body Slam+1","Reaper+1","Madness","Madness","Metallicize"],"relics":["Lizard Tail","Molten Egg 2","Astrolabe","Membership Card","Mummified Hand","Busted Crown","Regal Pillow"],"potions_floor_usage":[16,16,33,33,41],"damage_taken":[{"damage":6,"enemies":"Cultist","floor":1,"turns":5},{"damage":1,"enemies":"Small Slimes","floor":4,"turns":6},{"damage":9,"enemies":"2 Louse","floor":5,"turns":3},{"damage":0,"enemies":"Blue Slaver","floor":7,"turns":7},{"damage":0,"enemies":"Large Slime","floor":13,"turns":9},{"damage":15,"enemies":"Lots of Slimes","floor":14,"turns":4},{"damage":94,"enemies":"The Guardian","floor":16,"turns":20},{"damage":25,"enemies":"Shell Parasite","floor":18,"turns":10},{"damage":12,"enemies":"2 Thieves","floor":22,"turns":5},{"damage":20,"enemies":"3 Cultists","floor":24,"turns":6},{"damage":24,"enemies":"Sentry and Sphere","floor":29,"turns":9},{"damage":1,"enemies":"Shelled Parasite and Fungi","floor":30,"turns":6},{"damage":32,"enemies":"Automaton","floor":33,"turns":8},{"damage":52,"enemies":"Orb Walker","floor":35,"turns":8},{"damage":23,"enemies":"3 Shapes","floor":36,"turns":7},{"damage":98,"enemies":"Nemesis","floor":41,"turns":9}],"seed_played":"1308707904043087411","potions_obtained":[{"floor":4,"key":"GamblersBrew"},{"floor":7,"key":"GamblersBrew"},{"floor":16,"key":"Weak Potion"},{"floor":22,"key":"SkillPotion"},{"floor":30,"key":"EssenceOfSteel"},{"floor":33,"key":"Regen Potion"}],"is_trial":false,"path_per_floor":["M","?","$","M","M","R","M","$","T","R","?","R","M","M","R","B",null,"M","?","?","$","M","R","M","R","T","$","R","M","M","?","R","B",null,"M","M","?","?","$","R","E"],"character_chosen":"IRONCLAD","items_purchased":["Metallicize","Shrug It Off","Membership Card","Regal Pillow","Metallicize"],"campfire_rested":5,"item_purchase_floors":[3,8,21,39,39],"current_hp_per_floor":[66,66,66,65,56,56,56,56,56,80,80,80,80,65,65,40,70,45,45,45,45,33,57,37,61,61,61,61,37,36,36,60,28,67,20,27,17,17,17,56,0],"gold":29,"neow_bonus":"BOSS_RELIC","is_prod":false,"is_daily":false,"chose_seed":false,"campfire_upgraded":4,"win_rate":0,"timestamp":1564794117,"path_taken":["M","?","$","M","M","R","M","?","T","R","?","R","?","M","R","BOSS","M","?","?","$","M","R","M","R","T","$","R","M","M","?","R","BOSS","M","M","?","?","$","R","E"],"build_version":"2019-07-17","purchased_purges":3,"victory":false,"max_hp_per_floor":[80,80,80,80,80,80,80,80,80,80,80,80,80,80,80,80,80,80,80,80,80,80,80,80,80,80,80,80,80,80,80,80,80,80,80,80,80,80,80,80,80],"card_choices":[{"not_picked":["Twin Strike","Cleave","Iron Wave"],"picked":"SKIP","floor":1},{"not_picked":["Clothesline","Rage","Thunderclap"],"picked":"SKIP","floor":4},{"not_picked":["Warcry","Corruption"],"picked":"Armaments","floor":5},{"not_picked":["Thunderclap","Sword Boomerang"],"picked":"Whirlwind","floor":7},{"not_picked":["Seeing Red","Dark Embrace"],"picked":"Body Slam+1","floor":13},{"not_picked":["Evolve","Clothesline+1","Burning Pact"],"picked":"SKIP","floor":14},{"not_picked":["Brutality","Exhume"],"picked":"Demon Form","floor":16},{"not_picked":["Pommel Strike+1","Thunderclap+1"],"picked":"Battle Trance","floor":18},{"not_picked":["Wild Strike+1","Flex"],"picked":"Body Slam+1","floor":22},{"not_picked":["Warcry","Twin Strike+1","Pummel+1"],"picked":"SKIP","floor":24},{"not_picked":["Wild Strike+1","Carnage+1","Cleave+1"],"picked":"SKIP","floor":29},{"not_picked":["Whirlwind+1","Anger+1","True Grit"],"picked":"SKIP","floor":30},{"not_picked":["Offering","Immolate+1"],"picked":"Reaper+1","floor":33},{"not_picked":["Second Wind"],"picked":"SKIP","floor":35},{"not_picked":["Sword Boomerang+1"],"picked":"SKIP","floor":36}],"player_experience":2616308,"relics_obtained":[{"floor":9,"key":"Molten Egg 2"},{"floor":26,"key":"Mummified Hand"}],"event_choices":[{"cards_removed":["Bash"],"damage_healed":0,"gold_gain":0,"player_choice":"Purged","damage_taken":0,"max_hp_gain":0,"max_hp_loss":0,"event_name":"Purifier","floor":2,"gold_loss":0},{"damage_healed":0,"gold_gain":100,"player_choice":"Pray","damage_taken":0,"max_hp_gain":0,"max_hp_loss":0,"event_name":"Golden Shrine","floor":11,"gold_loss":0},{"damage_healed":0,"gold_gain":0,"player_choice":"Ignored","damage_taken":0,"max_hp_gain":0,"max_hp_loss":0,"event_name":"Vampires","floor":19,"gold_loss":0},{"cards_removed":["Strike_R"],"damage_healed":0,"gold_gain":0,"player_choice":"Elegance","damage_taken":0,"max_hp_gain":0,"max_hp_loss":0,"event_name":"Back to Basics","floor":20,"gold_loss":0},{"damage_healed":0,"gold_gain":0,"player_choice":"Embrace Madness","damage_taken":10,"max_hp_gain":0,"max_hp_loss":0,"event_name":"Winding Halls","floor":37,"gold_loss":0,"cards_obtained":["Madness","Madness"]},{"damage_healed":0,"gold_gain":0,"player_choice":"Memory 1","damage_taken":0,"max_hp_gain":0,"max_hp_loss":0,"event_name":"SensoryStone","floor":38,"gold_loss":0}],"is_beta":false,"boss_relics":[{"not_picked":["Mark of Pain","Ectoplasm"],"picked":"Astrolabe"},{"not_picked":["Empty Cage","Snecko Eye"],"picked":"Busted Crown"}],"items_purged_floors":[3,21,39],"is_endless":false,"potions_floor_spawned":[4,7,16,22,30,33],"killed_by":"Nemesis","ascension_level":11}