{"gold_per_floor":[116,41,58,58,58,90,90,102,102,102,116,116,132,132,132,235,235,224,224,59,59,79,79,113,113,137,156,174,174,200,214,214,214],"floor_reached":33,"playtime":1447,"items_purged":["Strike_G"],"score":406,"play_id":"fd3854f6-07c8-49ef-9dde-bdaeb390adda","local_time":"20190331134219","is_ascension_mode":true,"campfire_choices":[{"data":"Noxious Fumes","floor":7,"key":"SMITH"},{"data":"Bullet Time","floor":10,"key":"SMITH"},{"data":"Backstab","floor":12,"key":"SMITH"},{"data":"Neutralize","floor":15,"key":"SMITH"},{"floor":23,"key":"REST"},{"data":"Panache","floor":25,"key":"SMITH"},{"floor":32,"key":"REST"}],"neow_cost":"NONE","seed_source_timestamp":1279893006257467,"circlet_count":0,"master_deck":["Defend_G","Defend_G","Defend_G","Defend_G","Defend_G","Strike_G","Survivor","Neutralize+1","Noxious Fumes+1","Backstab+1","Bullet Time+1","Adrenaline","Noxious Fumes","Panache+1","Caltrops","Regret","Well Laid Plans","Catalyst+1","Writhe","Normality","Cloak And Dagger+1"],"relics":["Ring of the Snake","NeowsBlessing","Pocketwatch","Bottled Tornado","Ninja Scroll","Cursed Key","Toxic Egg 2","Vajra","Tingsha","PreservedInsect"],"potions_floor_usage":[16,16,33,33,33],"damage_taken":[{"damage":0,"enemies":"Small Slimes","floor":1,"turns":1},{"damage":0,"enemies":"2 Louse","floor":3,"turns":1},{"damage":0,"enemies":"3 Sentries","floor":6,"turns":1},{"damage":0,"enemies":"Cultist","floor":8,"turns":4},{"damage":0,"enemies":"Blue Slaver","floor":11,"turns":3},{"damage":1,"enemies":"Looter","floor":13,"turns":3},{"damage":1,"enemies":"Slime Boss","floor":16,"turns":9},{"damage":8,"enemies":"2 Thieves","floor":18,"turns":4},{"damage":8,"enemies":"Colosseum Slavers","floor":21,"turns":3},{"damage":5,"enemies":"3 Byrds","floor":22,"turns":4},{"damage":8,"enemies":"Gremlin Leader","floor":24,"turns":8},{"damage":16,"enemies":"Shelled Parasite and Fungi","floor":27,"turns":6},{"damage":0,"enemies":"Cultist and Chosen","floor":28,"turns":5},{"damage":33,"enemies":"Centurion and Healer","floor":31,"turns":5},{"damage":32,"enemies":"Automaton","floor":33,"turns":4}],"seed_played":"8364465066659372987","potions_obtained":[{"floor":1,"key":"Dexterity Potion"},{"floor":3,"key":"AttackPotion"},{"floor":13,"key":"Fire Potion"},{"floor":16,"key":"Poison Potion"},{"floor":24,"key":"Explosive Potion"},{"floor":28,"key":"Swift Potion"}],"is_trial":false,"path_per_floor":["M","$","M","?","?","E","R","M","T","R","M","R","M","?","R","B",null,"M","?","$","?","M","R","E","R","T","M","M","?","T","M","R","B"],"character_chosen":"THE_SILENT","items_purchased":["Panache"],"campfire_rested":2,"item_purchase_floors":[20],"current_hp_per_floor":[63,63,63,63,63,63,63,63,63,63,63,63,62,55,55,54,66,58,58,58,50,45,66,58,58,58,42,42,42,42,9,30,0],"gold":214,"neow_bonus":"THREE_ENEMY_KILL","is_prod":false,"is_daily":false,"chose_seed":false,"campfire_upgraded":5,"win_rate":0,"timestamp":1554057739,"path_taken":["M","$","M","?","?","E","R","M","T","R","M","R","?","?","R","BOSS","M","?","$","?","M","R","E","R","T","M","M","?","?","M","R","BOSS"],"build_version":"2019-01-23","purchased_purges":1,"victory":false,"max_hp_per_floor":[70,70,70,70,70,70,70,70,70,70,70,70,70,70,70,70,70,70,70,70,70,70,70,70,70,70,70,70,70,70,70,70,70],"card_choices":[{"not_picked":["Bane","Deadly Poison"],"picked":"Noxious Fumes","floor":1},{"not_picked":["Acrobatics","Deflect"],"picked":"Backstab","floor":3},{"not_picked":["Doppelganger","Slice"],"picked":"Bullet Time","floor":6},{"not_picked":["Outmaneuver","Quick Slash","Eviscerate"],"picked":"SKIP","floor":8},{"not_picked":["Underhanded Strike","Masterful Stab","Sucker Punch"],"picked":"SKIP","floor":11},{"not_picked":["Concentrate","Terror","Slice"],"picked":"SKIP","floor":13},{"not_picked":["Venomology","Malaise"],"picked":"Adrenaline","floor":16},{"not_picked":["Dodge and Roll","Acrobatics+1"],"picked":"Noxious Fumes","floor":18},{"not_picked":["Dagger Throw","Sucker Punch+1","Slice"],"picked":"SKIP","floor":22},{"not_picked":["Flying Knee","All Out Attack+1"],"picked":"Caltrops","floor":24},{"not_picked":["Sucker Punch","Reflex+1"],"picked":"Well Laid Plans","floor":27},{"not_picked":["Poisoned Stab+1","Bullet Time+1"],"picked":"Catalyst+1","floor":28},{"not_picked":["Dagger Throw+1","Underhanded Strike"],"picked":"Cloak And Dagger+1","floor":31}],"player_experience":1746455,"relics_obtained":[{"floor":6,"key":"Bottled Tornado"},{"floor":9,"key":"Ninja Scroll"},{"floor":24,"key":"Toxic Egg 2"},{"floor":26,"key":"Vajra"},{"floor":30,"key":"PreservedInsect"}],"event_choices":[{"cards_removed":["Strike_G"],"damage_healed":0,"gold_gain":0,"player_choice":"Forget","damage_taken":0,"max_hp_gain":0,"max_hp_loss":0,"event_name":"Living Wall","floor":4,"gold_loss":0},{"damage_healed":0,"gold_gain":0,"player_choice":"Gave Potion","damage_taken":0,"relics_obtained":["Pocketwatch"],"max_hp_gain":0,"max_hp_loss":0,"event_name":"WeMeetAgain","floor":5,"gold_loss":0},{"cards_removed":["Strike_G"],"damage_healed":0,"gold_gain":0,"player_choice":"Card Removal","damage_taken":7,"max_hp_gain":0,"max_hp_loss":0,"event_name":"Golden Wing","floor":14,"gold_loss":0},{"cards_removed":["Strike_G"],"damage_healed":0,"gold_gain":0,"player_choice":"Elegance","damage_taken":0,"max_hp_gain":0,"max_hp_loss":0,"event_name":"Back to Basics","floor":19,"gold_loss":0},{"damage_healed":0,"gold_gain":0,"player_choice":"Fight","damage_taken":0,"max_hp_gain":0,"max_hp_loss":0,"event_name":"Colosseum","floor":21,"gold_loss":0},{"damage_healed":0,"gold_gain":0,"player_choice":"Fled From Nobs","damage_taken":0,"max_hp_gain":0,"max_hp_loss":0,"event_name":"Colosseum","floor":21,"gold_loss":0},{"damage_healed":0,"gold_gain":0,"player_choice":"Opened","damage_taken":0,"relics_obtained":["Tingsha"],"max_hp_gain":0,"max_hp_loss":0,"event_name":"The Mausoleum","floor":29,"gold_loss":0,"cards_obtained":["Writhe"]}],"is_beta":false,"boss_relics":[{"not_picked":["Tiny House","Velvet Choker"],"picked":"Cursed Key"}],"items_purged_floors":[2],"is_endless":false,"potions_floor_spawned":[1,3,13,16,24,28],"killed_by":"Automaton","ascension_level":8}