{"gold_per_floor":[117,130,80,91,110,110,123,198,272,272,287,302,322,337,337,439,439,450,462,462],"floor_reached":20,"playtime":1310,"items_purged":[],"score":258,"play_id":"8923219f-73d9-4d50-9bcc-2ec6efd6c655","local_time":"20190714113555","is_ascension_mode":true,"campfire_choices":[{"floor":6,"key":"REST"},{"floor":15,"key":"REST"}],"neow_cost":"NONE","seed_source_timestamp":212387552588254,"circlet_count":0,"master_deck":["AscendersBane","Strike_R","Defend_R","Defend_R","Defend_R","Defend_R","Bash","Rampage","Ghostly Armor","Shrug It Off","Body Slam","Battle Trance","Metallicize","Body Slam","Demon Form","Armaments"],"relics":["Empty Cage","Blue Candle","Runic Pyramid"],"potions_floor_usage":[16,16,16,16,16,16,18],"damage_taken":[{"damage":4,"enemies":"2 Louse","floor":1,"turns":4},{"damage":10,"enemies":"Small Slimes","floor":2,"turns":6},{"damage":0,"enemies":"Cultist","floor":4,"turns":4},{"damage":5,"enemies":"2 Fungi Beasts","floor":5,"turns":6},{"damage":28,"enemies":"Lots of Slimes","floor":7,"turns":9},{"damage":3,"enemies":"Blue Slaver","floor":11,"turns":4},{"damage":0,"enemies":"2 Fungi Beasts","floor":12,"turns":5},{"damage":3,"enemies":"Lots of Slimes","floor":13,"turns":6},{"damage":0,"enemies":"Large Slime","floor":14,"turns":6},{"damage":40,"enemies":"Slime Boss","floor":16,"turns":19},{"damage":17,"enemies":"Spheric Guardian","floor":18,"turns":13},{"damage":24,"enemies":"Chosen","floor":19,"turns":10},{"damage":24,"enemies":"Snake Plant","floor":20,"turns":5}],"seed_played":"3766286539142733654","potions_obtained":[{"floor":2,"key":"Swift Potion"},{"floor":5,"key":"EntropicBrew"},{"floor":11,"key":"Block Potion"},{"floor":16,"key":"Energy Potion"}],"is_trial":false,"path_per_floor":["M","M","?","M","M","R","M","?","T","?","M","M","M","M","R","B",null,"M","M","M"],"character_chosen":"IRONCLAD","items_purchased":[],"campfire_rested":2,"item_purchase_floors":[],"current_hp_per_floor":[68,58,58,58,53,77,49,38,38,38,35,35,32,32,56,16,64,47,23,0],"gold":462,"neow_bonus":"BOSS_RELIC","is_prod":false,"is_daily":false,"chose_seed":false,"campfire_upgraded":0,"win_rate":0,"timestamp":1563122155,"path_taken":["M","M","?","M","M","R","M","?","T","?","M","?","M","M","R","BOSS","M","M","M"],"build_version":"2019-07-05","purchased_purges":0,"victory":false,"max_hp_per_floor":[80,80,80,80,80,80,80,80,80,80,80,80,80,80,80,80,80,80,80,80],"card_choices":[{"not_picked":["Sword Boomerang","Sentinel"],"picked":"Rampage","floor":1},{"not_picked":["Evolve","Sword Boomerang"],"picked":"Ghostly Armor","floor":2},{"not_picked":["Sword Boomerang","Iron Wave"],"picked":"Shrug It Off","floor":4},{"not_picked":["Warcry","Havoc","Burning Pact"],"picked":"SKIP","floor":5},{"not_picked":["Reaper","Flex"],"picked":"Body Slam","floor":7},{"not_picked":["Sever Soul","Corruption","Cleave"],"picked":"SKIP","floor":11},{"not_picked":["True Grit","Heavy Blade"],"picked":"Battle Trance","floor":12},{"not_picked":["Feel No Pain","Heavy Blade"],"picked":"Metallicize","floor":13},{"not_picked":["True Grit","Sword Boomerang"],"picked":"Body Slam","floor":14},{"not_picked":["Exhume","Double Tap"],"picked":"Demon Form","floor":16},{"not_picked":["Iron Wave","Evolve","Flex"],"picked":"SKIP","floor":18},{"not_picked":["Flex","Rampage"],"picked":"Armaments","floor":19}],"player_experience":2308004,"relics_obtained":[{"floor":9,"key":"Blue Candle"}],"event_choices":[{"cards_removed":["Strike_R"],"damage_healed":0,"gold_gain":0,"player_choice":"Card Removal","damage_taken":0,"max_hp_gain":0,"max_hp_loss":0,"event_name":"The Cleric","floor":3,"gold_loss":50},{"damage_healed":0,"gold_gain":75,"player_choice":"Gather Gold","damage_taken":11,"max_hp_gain":0,"max_hp_loss":0,"event_name":"World of Goop","floor":8,"gold_loss":0},{"cards_removed":["Strike_R"],"damage_healed":0,"gold_gain":0,"player_choice":"Offered Basic","damage_taken":0,"max_hp_gain":0,"max_hp_loss":0,"event_name":"Bonfire Elementals","floor":10,"gold_loss":0}],"is_beta":false,"boss_relics":[{"not_picked":["Lizard Tail","Mark of Pain"],"picked":"Runic Pyramid"}],"items_purged_floors":[],"is_endless":false,"potions_floor_spawned":[2,5,11,16],"killed_by":"Snake Plant","ascension_level":10}