{"gold_per_floor":[111,36,54,54,67,92,92,42,66,66,83,83,83,93,93,194,194,179,279,299,314,314,314,183,183,183,213,223,240,190,190,190,286,286,298,316,333,209,226,226,176,176,176,191,222,235,235,145,145,145,145,145,0,34,34],"floor_reached":55,"playtime":4127,"items_purged":["Dualcast","Strike_B","Defend_B","Decay","Strike_B","Clumsy","Defend_B"],"score":827,"play_id":"b489e1a0-247c-4b7f-b5cd-5a6d5661177c","local_time":"20181221152401","is_ascension_mode":true,"campfire_choices":[{"floor":7,"key":"REST"},{"data":"Defragment","floor":10,"key":"SMITH"},{"floor":13,"key":"REST"},{"floor":15,"key":"REST"},{"data":"Glacier","floor":23,"key":"SMITH"},{"floor":32,"key":"REST"},{"floor":40,"key":"RECALL"},{"floor":42,"key":"REST"},{"data":"Defragment","floor":47,"key":"SMITH"},{"data":"Defragment","floor":49,"key":"SMITH"},{"data":"Buffer","floor":52,"key":"SMITH"}],"neow_cost":"NONE","seed_source_timestamp":115473844541891,"circlet_count":0,"master_deck":["Strike_B","Strike_B","Defend_B+1","Defend_B+1","Zap+1","Glacier","Defragment+1","Reinforced Body","Streamline+1","Glacier+1","Defragment+1","Defragment+1","Defragment+1","Cold Snap+1","Buffer+1","Capacitor+1","Sunder","Core Surge","Jack Of All Trades"],"relics":["Cracked Core","Smiling Mask","Bronze Scales","Cursed Key","Turnip","Pear","Nloth\u0027s Gift","Busted Crown","Bird Faced Urn","Shuriken"],"potions_floor_usage":[16,16,16,33,33,33,50,50,55],"damage_taken":[{"damage":4,"enemies":"Jaw Worm","floor":1,"turns":4},{"damage":0,"enemies":"Cultist","floor":3,"turns":4},{"damage":0,"enemies":"Small Slimes","floor":5,"turns":3},{"damage":31,"enemies":"Lagavulin","floor":6,"turns":6},{"damage":0,"enemies":"2 Fungi Beasts","floor":11,"turns":4},{"damage":30,"enemies":"Gremlin Gang","floor":14,"turns":4},{"damage":11,"enemies":"Slime Boss","floor":16,"turns":16},{"damage":7,"enemies":"2 Thieves","floor":18,"turns":4},{"damage":0,"enemies":"Shell Parasite","floor":20,"turns":9},{"damage":0,"enemies":"Centurion and Healer","floor":21,"turns":8},{"damage":29,"enemies":"Slavers","floor":27,"turns":8},{"damage":4,"enemies":"Sentry and Sphere","floor":28,"turns":8},{"damage":14,"enemies":"Cultist and Chosen","floor":29,"turns":8},{"damage":12,"enemies":"Automaton","floor":33,"turns":14},{"damage":3,"enemies":"3 Shapes","floor":35,"turns":7},{"damage":28,"enemies":"3 Darklings","floor":36,"turns":6},{"damage":1,"enemies":"4 Shapes","floor":37,"turns":13},{"damage":1,"enemies":"Spire Growth","floor":39,"turns":7},{"damage":0,"enemies":"Sphere and 2 Shapes","floor":44,"turns":6},{"damage":9,"enemies":"Nemesis","floor":45,"turns":21},{"damage":0,"enemies":"Maw","floor":46,"turns":11},{"damage":10,"enemies":"Time Eater","floor":50,"turns":12},{"damage":21,"enemies":"Shield and Spear","floor":54,"turns":9},{"damage":94,"enemies":"The Heart","floor":55,"turns":14}],"seed_played":"-775257671687374389","potions_obtained":[{"floor":1,"key":"SpeedPotion"},{"floor":3,"key":"Dexterity Potion"},{"floor":5,"key":"Swift Potion"},{"floor":11,"key":"Energy Potion"},{"floor":18,"key":"Poison Potion"},{"floor":21,"key":"Weak Potion"},{"floor":27,"key":"PowerPotion"},{"floor":37,"key":"Weak Potion"},{"floor":45,"key":"PowerPotion"},{"floor":54,"key":"Weak Potion"}],"is_trial":false,"path_per_floor":["M","$","M","?","M","E","R","$","T","R","M","?","R","M","R","B",null,"M","?","M","M","?","R","$","T","T","E","M","M","$","?","R","B",null,"M","M","M","$","M","R","$","R","T","M","E","M","R","?","R","B",null,"R","$","E","B"],"character_chosen":"DEFECT","items_purchased":["Defragment","Capacitor","Jack Of All Trades"],"campfire_rested":5,"item_purchase_floors":[24,38,53],"current_hp_per_floor":[71,71,71,64,64,33,55,55,55,55,55,40,62,32,54,43,75,68,68,68,68,68,68,68,68,78,49,45,31,31,31,56,44,85,82,54,53,53,52,52,52,77,77,77,68,80,80,80,80,77,85,85,85,72,0],"gold":34,"neow_bonus":"UPGRADE_CARD","is_prod":false,"is_daily":false,"chose_seed":false,"campfire_upgraded":5,"win_rate":0,"timestamp":1545427441,"path_taken":["M","$","M","?","M","E","R","$","T","R","?","?","R","M","R","BOSS","M","?","?","M","?","R","?","?","T","E","M","M","?","?","R","BOSS","M","?","M","$","?","R","$","R","T","M","E","M","R","?","R","BOSS","R","$","E","BOSS"],"build_version":"2018-12-20","purchased_purges":7,"victory":false,"max_hp_per_floor":[75,75,75,75,75,75,75,75,75,75,75,75,75,75,75,75,75,75,75,75,75,75,75,75,75,85,85,85,85,85,85,85,85,85,85,85,85,85,85,85,85,85,85,85,85,85,85,85,85,85,85,85,85,85,85],"card_choices":[{"not_picked":["Heatsinks","Scrape"],"picked":"Glacier","floor":1},{"not_picked":["Capacitor","Skim"],"picked":"Defragment","floor":3},{"not_picked":["Gash","Genetic Algorithm"],"picked":"Reinforced Body","floor":5},{"not_picked":["Turbo","Conserve Battery","Skim"],"picked":"SKIP","floor":6},{"not_picked":["Skim","Melter","White Noise"],"picked":"SKIP","floor":11},{"not_picked":["Aggregate","Coolheaded","Barrage"],"picked":"SKIP","floor":14},{"not_picked":["Genetic Algorithm","Compile Driver","Heatsinks"],"picked":"SKIP","floor":18},{"not_picked":["Static Discharge+1","Go for the Eyes+1"],"picked":"Streamline+1","floor":20},{"not_picked":["Steam","Coolheaded+1"],"picked":"Glacier","floor":21},{"not_picked":["FTL","Recycle"],"picked":"Defragment","floor":27},{"not_picked":["Leap","Sweeping Beam"],"picked":"Cold Snap+1","floor":28},{"not_picked":["Steam","Auto Shields","Ball Lightning"],"picked":"SKIP","floor":29},{"not_picked":["Fission","Creative AI"],"picked":"Buffer","floor":33},{"not_picked":["Steam"],"picked":"SKIP","floor":35},{"not_picked":["Darkness+1"],"picked":"SKIP","floor":36},{"not_picked":["Rebound+1"],"picked":"SKIP","floor":37},{"not_picked":["Turbo+1"],"picked":"SKIP","floor":39},{"not_picked":["Turbo"],"picked":"SKIP","floor":44},{"not_picked":[],"picked":"Sunder","floor":45},{"not_picked":[],"picked":"Core Surge","floor":46},{"not_picked":["Multi-Cast"],"picked":"SKIP","floor":54}],"player_experience":816591,"relics_obtained":[{"floor":6,"key":"Smiling Mask"},{"floor":9,"key":"Bronze Scales"},{"floor":25,"key":"Turnip"},{"floor":26,"key":"Pear"},{"floor":27,"key":"Art of War"},{"floor":45,"key":"Bird Faced Urn"},{"floor":54,"key":"Shuriken"}],"event_choices":[{"damage_healed":0,"gold_gain":0,"player_choice":"Damaged","damage_taken":7,"max_hp_gain":0,"max_hp_loss":0,"event_name":"Wheel of Change","floor":4,"gold_loss":0},{"damage_healed":0,"gold_gain":0,"player_choice":"Entered Light","damage_taken":15,"max_hp_gain":0,"max_hp_loss":0,"event_name":"Shining Light","floor":12,"gold_loss":0,"cards_upgraded":["Defend_B","Defend_B"]},{"damage_healed":0,"gold_gain":100,"player_choice":"Pray","damage_taken":0,"max_hp_gain":0,"max_hp_loss":0,"event_name":"Golden Shrine","floor":19,"gold_loss":0},{"damage_healed":0,"gold_gain":0,"player_choice":"Copied","damage_taken":0,"max_hp_gain":0,"max_hp_loss":0,"event_name":"Duplicator","floor":22,"gold_loss":0,"cards_obtained":["Defragment"]},{"damage_healed":0,"gold_gain":0,"player_choice":"Traded Relic","damage_taken":0,"relics_obtained":["Nloth\u0027s Gift"],"max_hp_gain":0,"max_hp_loss":0,"event_name":"N\u0027loth","floor":31,"relics_lost":["Art of War"],"gold_loss":0},{"cards_removed":["Shame"],"damage_healed":0,"gold_gain":0,"player_choice":"Upgrade and Remove","damage_taken":0,"max_hp_gain":0,"max_hp_loss":0,"event_name":"Designer","floor":48,"gold_loss":90,"cards_upgraded":["Capacitor"]}],"is_beta":false,"boss_relics":[{"not_picked":["Orrery","Inserter"],"picked":"Cursed Key"},{"not_picked":["Tiny House","Black Star"],"picked":"Busted Crown"}],"items_purged_floors":[2,8,24,30,38,41,53],"is_endless":false,"potions_floor_spawned":[1,3,5,11,18,21,27,37,45,54],"killed_by":"The Heart","ascension_level":3}