{"gold_per_floor":[11,26,38,15,15,15,32,32,32,51,51,67,84,95,95,197,197,208,174,174,188,287,287,287,212,263,263,263,281,31,42,42,142,142,153,153,153,28,43,43,60,78,78,78,78,90,90,101,101,101],"floor_reached":51,"playtime":3048,"items_purged":["Strike_R","Perfected Strike","Strike_R"],"score":1024,"play_id":"821ebf1f-5ab1-41e9-a1b1-70779ae165a8","local_time":"20190806164504","is_ascension_mode":true,"campfire_choices":[{"data":"Shrug It Off","floor":6,"key":"SMITH"},{"data":"Defend_R","floor":8,"key":"SMITH"},{"data":"Armaments","floor":15,"key":"SMITH"},{"floor":23,"key":"REST"},{"floor":28,"key":"REST"},{"data":"Defend_R","floor":32,"key":"SMITH"},{"floor":40,"key":"REST"},{"floor":45,"key":"REST"},{"floor":47,"key":"REST"},{"data":"Shrug It Off","floor":49,"key":"SMITH"}],"neow_cost":"NO_GOLD","seed_source_timestamp":315033407572600,"circlet_count":0,"master_deck":["AscendersBane","Defend_R","Defend_R","Defend_R+1","Defend_R+1","Shrug It Off+1","Whirlwind","Rampage","Armaments+1","Demon Form","Battle Trance","Shrug It Off+1","Shrug It Off+1","Shrug It Off+1"],"relics":["Burning Blood","Meat on the Bone","Philosopher\u0027s Stone","Anchor","Nilry\u0027s Codex","Vajra","Lizard Tail","Pantograph"],"potions_floor_usage":[13,16,16,19,42,50],"damage_taken":[{"damage":0,"enemies":"Cultist","floor":1,"turns":3},{"damage":1,"enemies":"2 Louse","floor":2,"turns":3},{"damage":0,"enemies":"Small Slimes","floor":3,"turns":3},{"damage":8,"enemies":"3 Louse","floor":7,"turns":3},{"damage":0,"enemies":"Looter","floor":10,"turns":4},{"damage":10,"enemies":"Large Slime","floor":12,"turns":4},{"damage":20,"enemies":"Exordium Wildlife","floor":13,"turns":4},{"damage":0,"enemies":"Blue Slaver","floor":14,"turns":5},{"damage":22,"enemies":"Slime Boss","floor":16,"turns":9},{"damage":29,"enemies":"Spheric Guardian","floor":18,"turns":9},{"damage":14,"enemies":"2 Thieves","floor":19,"turns":5},{"damage":22,"enemies":"Snecko","floor":21,"turns":5},{"damage":11,"enemies":"3 Cultists","floor":29,"turns":4},{"damage":0,"enemies":"Centurion and Healer","floor":31,"turns":9},{"damage":65,"enemies":"Automaton","floor":33,"turns":11},{"damage":33,"enemies":"3 Darklings","floor":35,"turns":5},{"damage":12,"enemies":"3 Shapes","floor":39,"turns":5},{"damage":43,"enemies":"3 Darklings","floor":41,"turns":10},{"damage":0,"enemies":"Spire Growth","floor":42,"turns":6},{"damage":47,"enemies":"4 Shapes","floor":46,"turns":12},{"damage":17,"enemies":"Sphere and 2 Shapes","floor":48,"turns":12},{"damage":81,"enemies":"Donu and Deca","floor":50,"turns":8}],"seed_played":"-1968848659619478175","potions_obtained":[{"floor":3,"key":"FearPotion"},{"floor":7,"key":"SpeedPotion"},{"floor":10,"key":"Explosive Potion"},{"floor":12,"key":"LiquidBronze"},{"floor":14,"key":"Ancient Potion"},{"floor":18,"key":"Fire Potion"},{"floor":21,"key":"Explosive Potion"},{"floor":35,"key":"Block Potion"}],"is_trial":false,"path_per_floor":["M","M","M","$","?","R","M","R","T","M","?","M","M","M","R","B",null,"M","M","?","M","?","R","?","$","T","?","R","M","$","M","R","B",null,"M","?","?","$","M","R","M","M","T","?","R","M","R","M","R","B",null],"character_chosen":"IRONCLAD","items_purchased":["Shrug It Off","Vajra"],"campfire_rested":5,"item_purchase_floors":[4,30],"current_hp_per_floor":[78,80,80,80,80,80,78,78,78,80,72,68,54,60,60,56,74,51,55,55,51,51,75,60,60,60,44,69,64,64,70,70,23,70,55,55,55,55,49,74,49,55,55,55,80,51,76,65,65,22],"gold":101,"neow_bonus":"TRANSFORM_TWO_CARDS","is_prod":false,"is_daily":false,"chose_seed":false,"campfire_upgraded":5,"win_rate":0,"timestamp":1565127904,"path_taken":["M","?","M","$","?","R","?","R","T","M","?","M","M","?","R","BOSS","M","M","?","M","?","R","?","$","T","?","R","M","?","M","R","BOSS","M","?","?","?","M","R","M","M","T","?","R","?","R","M","R","BOSS"],"build_version":"2019-07-17","purchased_purges":3,"victory":true,"max_hp_per_floor":[80,80,80,80,80,80,80,80,80,80,80,80,80,80,80,80,80,80,80,80,80,80,80,85,85,85,85,85,85,85,85,85,85,85,85,85,85,85,85,85,85,85,85,85,85,85,85,85,85,85],"card_choices":[{"not_picked":["Pommel Strike","Clash","Havoc"],"picked":"SKIP","floor":1},{"not_picked":["Clothesline","Iron Wave","Wild Strike"],"picked":"SKIP","floor":2},{"not_picked":["Pummel","Entrench","Bludgeon"],"picked":"SKIP","floor":3},{"not_picked":["Cleave","True Grit"],"picked":"Whirlwind","floor":7},{"not_picked":["Clothesline","True Grit"],"picked":"Rampage","floor":10},{"not_picked":["Cleave","Infernal Blade"],"picked":"Armaments","floor":12},{"not_picked":["Disarm","Wild Strike"],"picked":"Demon Form","floor":13},{"not_picked":["Sever Soul","Warcry"],"picked":"Battle Trance","floor":14},{"not_picked":["Iron Wave","Thunderclap"],"picked":"Shrug It Off+1","floor":18},{"not_picked":["Corruption","Reckless Charge","Rampage"],"picked":"SKIP","floor":19},{"not_picked":["Wild Strike","Headbutt","Perfected Strike+1"],"picked":"SKIP","floor":21},{"not_picked":["Havoc","Combust","Rampage"],"picked":"SKIP","floor":29},{"not_picked":["Power Through","Searing Blow","Anger"],"picked":"SKIP","floor":31},{"not_picked":["Rupture","Heavy Blade"],"picked":"Shrug It Off","floor":35},{"not_picked":["Second Wind","Cleave+1","Warcry"],"picked":"SKIP","floor":39},{"not_picked":["Rupture","True Grit","Anger"],"picked":"SKIP","floor":41},{"not_picked":["Double Tap","Searing Blow","Corruption"],"picked":"SKIP","floor":42},{"not_picked":["Sever Soul","Inflame","Wild Strike"],"picked":"SKIP","floor":46},{"not_picked":["Cleave","Sword Boomerang"],"picked":"Shrug It Off+1","floor":48}],"player_experience":2705198,"relics_obtained":[{"floor":9,"key":"Meat on the Bone"},{"floor":26,"key":"Anchor"},{"floor":27,"key":"Nilry\u0027s Codex"},{"floor":43,"key":"Pantograph"}],"event_choices":[{"cards_removed":["Strike_R"],"damage_healed":0,"gold_gain":0,"player_choice":"Offered Basic","damage_taken":0,"max_hp_gain":0,"max_hp_loss":0,"event_name":"Bonfire Elementals","floor":5,"gold_loss":0},{"damage_healed":0,"gold_gain":0,"player_choice":"Damaged","damage_taken":8,"max_hp_gain":0,"max_hp_loss":0,"event_name":"Wheel of Change","floor":11,"gold_loss":0},{"cards_removed":["Strike_R"],"damage_healed":0,"gold_gain":0,"player_choice":"Elegance","damage_taken":0,"max_hp_gain":0,"max_hp_loss":0,"event_name":"Back to Basics","floor":20,"gold_loss":0},{"damage_healed":0,"gold_gain":99,"player_choice":"Stole From Cult","damage_taken":0,"max_hp_gain":0,"max_hp_loss":0,"event_name":"Nest","floor":22,"gold_loss":0},{"damage_healed":0,"gold_gain":0,"player_choice":"Shed Blood","damage_taken":20,"max_hp_gain":5,"max_hp_loss":0,"event_name":"Forgotten Altar","floor":24,"gold_loss":0},{"damage_healed":0,"gold_gain":0,"player_choice":"Obtained Book","damage_taken":16,"max_hp_gain":0,"max_hp_loss":0,"event_name":"Cursed Tome","floor":27,"gold_loss":0},{"damage_healed":0,"gold_gain":0,"player_choice":"Memory 1","damage_taken":0,"max_hp_gain":0,"max_hp_loss":0,"event_name":"SensoryStone","floor":36,"gold_loss":0},{"damage_healed":0,"gold_gain":0,"player_choice":"Ignored","damage_taken":0,"max_hp_gain":0,"max_hp_loss":0,"event_name":"Mysterious Sphere","floor":37,"gold_loss":0},{"cards_removed":["Pommel Strike"],"damage_healed":0,"gold_gain":0,"player_choice":"Removed Attack","damage_taken":0,"max_hp_gain":0,"max_hp_loss":0,"event_name":"Falling","floor":44,"gold_loss":0}],"is_beta":false,"boss_relics":[{"not_picked":["Pandora\u0027s Box","Coffee Dripper"],"picked":"Philosopher\u0027s Stone"},{"not_picked":["Black Star","Mark of Pain"],"picked":"Lizard Tail"}],"items_purged_floors":[25,30,38],"is_endless":false,"potions_floor_spawned":[3,7,10,12,14,18,21,35,39],"ascension_level":12}