{"gold_per_floor":[114,114,134,147,167,167,167,167,248,120,131,151,169,169,169,267,267,277,137,137,157,157],"floor_reached":22,"playtime":1508,"items_purged":["Strike_G","Strike_G"],"score":273,"play_id":"9aa2e8bc-6932-43f7-835e-1e3ce4b9207c","local_time":"20190708114726","is_ascension_mode":true,"campfire_choices":[{"floor":6,"key":"REST"},{"floor":8,"key":"REST"},{"floor":15,"key":"REST"}],"neow_cost":"TEN_PERCENT_HP_LOSS","seed_source_timestamp":1067895729129950,"circlet_count":0,"master_deck":["Strike_G","Defend_G+1","Defend_G","Defend_G","Defend_G","Defend_G+1","Survivor","Neutralize","Backflip","Blur+1","Venomology","Deadly Poison","Dash","Adrenaline","Blur","Adrenaline"],"relics":["Ring of the Snake","War Paint","Pantograph","Nloth\u0027s Gift"],"potions_floor_usage":[11,12,13,14,16,16,16,22],"damage_taken":[{"damage":0,"enemies":"Jaw Worm","floor":1,"turns":10},{"damage":20,"enemies":"Cultist","floor":3,"turns":9},{"damage":0,"enemies":"2 Louse","floor":4,"turns":5},{"damage":39,"enemies":"Exordium Thugs","floor":5,"turns":11},{"damage":0,"enemies":"2 Fungi Beasts","floor":11,"turns":6},{"damage":15,"enemies":"3 Louse","floor":12,"turns":5},{"damage":1,"enemies":"Red Slaver","floor":13,"turns":5},{"damage":0,"enemies":"3 Sentries","floor":14,"turns":1},{"damage":9,"enemies":"The Guardian","floor":16,"turns":11},{"damage":13,"enemies":"Spheric Guardian","floor":18,"turns":5},{"damage":43,"enemies":"Chosen","floor":21,"turns":13},{"damage":18,"enemies":"Centurion and Healer","floor":22,"turns":15}],"seed_played":"-1363340557130433274","potions_obtained":[{"floor":3,"key":"Weak Potion"},{"floor":4,"key":"Ancient Potion"},{"floor":5,"key":"Energy Potion"},{"floor":18,"key":"SkillPotion"}],"is_trial":false,"path_per_floor":["M","?","M","M","M","R","?","R","T","$","M","M","M","E","R","B",null,"M","$","?","M","M"],"character_chosen":"THE_SILENT","items_purchased":["Deadly Poison","Blur"],"campfire_rested":3,"item_purchase_floors":[10,19],"current_hp_per_floor":[63,63,43,43,4,22,15,33,33,33,33,18,32,32,50,54,61,48,48,48,5,0],"gold":157,"neow_bonus":"TRANSFORM_TWO_CARDS","is_prod":false,"is_daily":false,"chose_seed":false,"campfire_upgraded":0,"win_rate":0,"timestamp":1562604446,"path_taken":["M","?","?","M","M","R","?","R","T","$","M","M","M","E","R","BOSS","M","$","?","M","M"],"build_version":"2019-07-05","purchased_purges":2,"victory":false,"max_hp_per_floor":[63,63,63,63,63,63,63,63,63,63,63,63,63,63,63,63,63,63,63,63,63,63],"card_choices":[{"not_picked":["Bane","Predator","Backflip"],"picked":"SKIP","floor":1},{"not_picked":["Acrobatics","Riddle With Holes","Dodge and Roll"],"picked":"SKIP","floor":3},{"not_picked":["Quick Slash","Bane","PiercingWail"],"picked":"SKIP","floor":4},{"not_picked":["Underhanded Strike","Bane"],"picked":"Venomology","floor":5},{"not_picked":["Acrobatics","Prepared","Dodge and Roll"],"picked":"SKIP","floor":11},{"not_picked":["Acrobatics","Dagger Throw"],"picked":"Dash","floor":12},{"not_picked":["Deflect","Tactician","Riddle With Holes"],"picked":"SKIP","floor":13},{"not_picked":["Storm of Steel","A Thousand Cuts"],"picked":"Adrenaline","floor":16},{"not_picked":["Blade Dance","Acrobatics","Dodge and Roll"],"picked":"SKIP","floor":18},{"not_picked":["Distraction","Blade Dance"],"picked":"Adrenaline","floor":21}],"player_experience":2163688,"relics_obtained":[{"floor":9,"key":"Pantograph"}],"event_choices":[{"damage_healed":0,"gold_gain":0,"player_choice":"Upgraded","damage_taken":0,"max_hp_gain":0,"max_hp_loss":0,"event_name":"Upgrade Shrine","floor":2,"gold_loss":0,"cards_upgraded":["Blur"]},{"damage_healed":0,"gold_gain":0,"player_choice":"Success","damage_taken":7,"relics_obtained":["War Paint"],"max_hp_gain":0,"max_hp_loss":0,"event_name":"Scrap Ooze","floor":7,"gold_loss":0},{"damage_healed":0,"gold_gain":0,"player_choice":"Traded Relic","damage_taken":0,"relics_obtained":["Nloth\u0027s Gift"],"max_hp_gain":0,"max_hp_loss":0,"event_name":"N\u0027loth","floor":20,"relics_lost":["Orrery"],"gold_loss":0}],"is_beta":false,"boss_relics":[{"not_picked":["Runic Dome","Snecko Eye"],"picked":"Orrery"}],"items_purged_floors":[10,19],"is_endless":false,"potions_floor_spawned":[3,4,5,14,18],"killed_by":"Centurion and Healer","ascension_level":9}