{"gold_per_floor":[112,122,122,139,150,150,150,150,175,175,61,76,90,106,106,201,201,217,217,237,237,237,237,256,355,382,396,396,407,127,144,144,243,243,259,259,276,292,303,303,403,434,446,458,35,35,50,61,61,61,61,61,61,88,88],"floor_reached":55,"playtime":20225,"items_purged":["Strike_R","Double Tap","Bludgeon"],"score":1027,"play_id":"8623303f-0a7d-4b56-84ae-b2415de665ce","local_time":"20190716234902","is_ascension_mode":true,"campfire_choices":[{"data":"Armaments","floor":6,"key":"SMITH"},{"floor":8,"key":"REST"},{"data":"Body Slam","floor":10,"key":"SMITH"},{"floor":15,"key":"REST"},{"floor":23,"key":"REST"},{"floor":32,"key":"REST"},{"floor":40,"key":"REST"},{"floor":44,"key":"REST"},{"floor":49,"key":"RECALL"},{"floor":52,"key":"REST"}],"neow_cost":"NONE","seed_source_timestamp":410214563218980,"circlet_count":0,"master_deck":["AscendersBane","Defend_R","Defend_R","Defend_R","Defend_R","Shrug It Off","Body Slam+1","Juggernaut","Entrench","Armaments+1","Flame Barrier","Shrug It Off","Flame Barrier","Juggernaut","Shrug It Off+1","Reaper","Ghostly Armor","Apotheosis+1","Demon Form","Ghostly Armor+1"],"relics":["Orrery","Strawberry","Philosopher\u0027s Stone","Art of War","Blood Vial","Fusion Hammer","FossilizedHelix","MawBank","Thread and Needle","Magic Flower"],"potions_floor_usage":[12,16,20,27,31,31,31,42,50,50],"damage_taken":[{"damage":0,"enemies":"Cultist","floor":1,"turns":4},{"damage":0,"enemies":"Small Slimes","floor":2,"turns":4},{"damage":3,"enemies":"Jaw Worm","floor":4,"turns":5},{"damage":10,"enemies":"Exordium Wildlife","floor":5,"turns":7},{"damage":29,"enemies":"Exordium Thugs","floor":12,"turns":5},{"damage":6,"enemies":"Blue Slaver","floor":13,"turns":5},{"damage":0,"enemies":"Large Slime","floor":14,"turns":6},{"damage":12,"enemies":"The Guardian","floor":16,"turns":11},{"damage":16,"enemies":"Chosen","floor":18,"turns":5},{"damage":11,"enemies":"2 Thieves","floor":20,"turns":4},{"damage":15,"enemies":"Centurion and Healer","floor":24,"turns":9},{"damage":17,"enemies":"Snecko","floor":27,"turns":6},{"damage":9,"enemies":"Cultist and Chosen","floor":29,"turns":6},{"damage":0,"enemies":"Sentry and Sphere","floor":31,"turns":5},{"damage":37,"enemies":"Automaton","floor":33,"turns":11},{"damage":1,"enemies":"3 Shapes","floor":35,"turns":6},{"damage":25,"enemies":"3 Darklings","floor":37,"turns":7},{"damage":44,"enemies":"Jaw Worm Horde","floor":38,"turns":6},{"damage":12,"enemies":"Sphere and 2 Shapes","floor":39,"turns":7},{"damage":0,"enemies":"Mind Bloom Boss Battle","floor":41,"turns":6},{"damage":0,"enemies":"Giant Head","floor":42,"turns":9},{"damage":0,"enemies":"Spire Growth","floor":47,"turns":4},{"damage":12,"enemies":"4 Shapes","floor":48,"turns":6},{"damage":26,"enemies":"Donu and Deca","floor":50,"turns":11},{"damage":63,"enemies":"Shield and Spear","floor":54,"turns":8},{"damage":53,"enemies":"The Heart","floor":55,"turns":2}],"seed_played":"-7557084434181500666","potions_obtained":[{"floor":2,"key":"FearPotion"},{"floor":4,"key":"SpeedPotion"},{"floor":13,"key":"Fire Potion"},{"floor":14,"key":"GamblersBrew"},{"floor":16,"key":"AttackPotion"},{"floor":24,"key":"Poison Potion"},{"floor":29,"key":"Explosive Potion"},{"floor":37,"key":"SpeedPotion"},{"floor":39,"key":"SkillPotion"},{"floor":48,"key":"Ancient Potion"}],"is_trial":false,"path_per_floor":["M","M","?","M","M","R","?","R","T","R","$","M","M","M","R","B",null,"M","?","M","?","?","R","M","?","T","M","?","M","$","M","R","B",null,"M","?","M","M","M","R","?","E","T","R","$","?","M","M","R","B",null,"R","$","E","B"],"character_chosen":"IRONCLAD","items_purchased":["Flame Barrier","Apotheosis","Thread and Needle"],"campfire_rested":7,"item_purchase_floors":[11,30,45],"current_hp_per_floor":[72,72,72,69,59,59,52,76,83,83,83,54,48,48,74,62,81,65,48,37,37,37,64,57,57,57,42,42,38,38,40,67,37,78,91,91,67,25,15,42,52,58,58,85,85,85,92,80,80,70,87,92,92,40,0],"gold":88,"neow_bonus":"BOSS_RELIC","is_prod":false,"is_daily":false,"chose_seed":false,"campfire_upgraded":2,"win_rate":0,"timestamp":1563338942,"path_taken":["M","?","?","M","M","R","?","R","T","R","?","?","M","M","R","BOSS","M","?","M","?","?","R","M","?","T","M","?","M","$","?","R","BOSS","M","?","?","M","M","R","?","E","T","R","$","?","M","M","R","BOSS","R","$","E","BOSS"],"build_version":"2019-07-05","purchased_purges":3,"victory":false,"max_hp_per_floor":[80,80,80,80,80,80,80,80,87,87,87,87,87,87,87,87,87,87,92,92,92,92,92,92,92,92,92,92,92,92,92,92,92,92,92,92,92,92,92,92,92,92,92,92,92,92,92,92,92,92,92,92,92,92,92],"card_choices":[{"not_picked":["Disarm","Seeing Red"],"picked":"Shrug It Off","floor":0},{"not_picked":["Clash","Fire Breathing"],"picked":"Body Slam","floor":0},{"not_picked":["Heavy Blade","Armaments","Combust"],"picked":"SKIP","floor":1},{"not_picked":["Dropkick","Armaments"],"picked":"Juggernaut","floor":2},{"not_picked":["Thunderclap","Flex"],"picked":"Entrench","floor":4},{"not_picked":["Havoc","Anger"],"picked":"Armaments","floor":5},{"not_picked":["Exhume","Searing Blow"],"picked":"Shrug It Off","floor":12},{"not_picked":["Cleave","Carnage"],"picked":"Flame Barrier","floor":13},{"not_picked":["Sever Soul","Flex","Pommel Strike"],"picked":"SKIP","floor":14},{"not_picked":["Fiend Fire","Immolate"],"picked":"Juggernaut","floor":16},{"not_picked":["Twin Strike","Iron Wave+1","Rage"],"picked":"SKIP","floor":18},{"not_picked":["Pummel","Fire Breathing"],"picked":"Shrug It Off+1","floor":20},{"not_picked":["Carnage","Bloodletting+1","Evolve"],"picked":"SKIP","floor":24},{"not_picked":["Sentinel","True Grit","Dropkick"],"picked":"SKIP","floor":27},{"not_picked":["Heavy Blade","Warcry"],"picked":"Ghostly Armor","floor":29},{"not_picked":["Thunderclap","Headbutt+1","Searing Blow"],"picked":"SKIP","floor":31},{"not_picked":["Offering","Exhume"],"picked":"Demon Form","floor":33},{"not_picked":["True Grit+1","Anger","Sword Boomerang+1"],"picked":"SKIP","floor":35},{"not_picked":["Cleave","Wild Strike+1","Fiend Fire"],"picked":"SKIP","floor":37},{"not_picked":["Reckless Charge+1","Sword Boomerang","Warcry"],"picked":"SKIP","floor":38},{"not_picked":["Sword Boomerang","Rampage","Havoc+1"],"picked":"SKIP","floor":39},{"not_picked":["Hemokinesis","Cleave+1","Fire Breathing+1"],"picked":"SKIP","floor":42},{"not_picked":["Anger+1","Armaments+1","Sentinel+1"],"picked":"SKIP","floor":47},{"not_picked":["Carnage+1","Burning Pact","Intimidate+1"],"picked":"SKIP","floor":48},{"not_picked":["Evolve","Shockwave"],"picked":"Ghostly Armor+1","floor":54}],"player_experience":2355729,"relics_obtained":[{"floor":9,"key":"Strawberry"},{"floor":26,"key":"Blood Vial"},{"floor":41,"key":"FossilizedHelix"},{"floor":42,"key":"MawBank"},{"floor":54,"key":"Magic Flower"}],"event_choices":[{"cards_removed":["Strike_R"],"damage_healed":0,"gold_gain":0,"player_choice":"Forget","damage_taken":0,"max_hp_gain":0,"max_hp_loss":0,"event_name":"Living Wall","floor":3,"gold_loss":0},{"cards_removed":["Strike_R"],"damage_healed":0,"gold_gain":0,"player_choice":"Card Removal","damage_taken":7,"max_hp_gain":0,"max_hp_loss":0,"event_name":"Golden Wing","floor":7,"gold_loss":0},{"damage_healed":0,"gold_gain":0,"player_choice":"Shed Blood","damage_taken":22,"max_hp_gain":5,"max_hp_loss":0,"event_name":"Forgotten Altar","floor":19,"gold_loss":0},{"damage_healed":0,"gold_gain":0,"cards_transformed":["Strike_R","Strike_R"],"player_choice":"Became Test Subject","damage_taken":0,"max_hp_gain":0,"max_hp_loss":0,"event_name":"Drug Dealer","floor":21,"gold_loss":0,"cards_obtained":["Reaper","Bludgeon"]},{"damage_healed":0,"gold_gain":0,"player_choice":"Opened","damage_taken":0,"relics_obtained":["Art of War"],"max_hp_gain":0,"max_hp_loss":0,"event_name":"The Mausoleum","floor":22,"gold_loss":0},{"damage_healed":0,"gold_gain":99,"player_choice":"Stole From Cult","damage_taken":0,"max_hp_gain":0,"max_hp_loss":0,"event_name":"Nest","floor":25,"gold_loss":0},{"damage_healed":0,"gold_gain":0,"cards_transformed":["Bash"],"player_choice":"Transformed","damage_taken":0,"max_hp_gain":0,"max_hp_loss":0,"event_name":"Transmorgrifier","floor":28,"gold_loss":0,"cards_obtained":["Double Tap"]},{"damage_healed":0,"gold_gain":0,"player_choice":"Forge","damage_taken":0,"max_hp_gain":0,"max_hp_loss":0,"event_name":"Accursed Blacksmith","floor":36,"gold_loss":0,"cards_upgraded":["Apotheosis"]},{"damage_healed":0,"gold_gain":0,"player_choice":"Fight","damage_taken":0,"max_hp_gain":0,"max_hp_loss":0,"event_name":"MindBloom","floor":41,"gold_loss":0},{"damage_healed":0,"gold_gain":0,"player_choice":"Memory 1","damage_taken":0,"max_hp_gain":0,"max_hp_loss":0,"event_name":"SensoryStone","floor":46,"gold_loss":0}],"is_beta":false,"boss_relics":[{"not_picked":["Tiny House","Astrolabe"],"picked":"Philosopher\u0027s Stone"},{"not_picked":["Lizard Tail","Velvet Choker"],"picked":"Fusion Hammer"}],"items_purged_floors":[11,30,45],"is_endless":false,"potions_floor_spawned":[2,4,13,14,16,24,29,37,39,48],"killed_by":"The Heart","ascension_level":10}