{"gold_per_floor":[117,129,142,217,217,217,234,244,270,280,296,326,339,351,351,351],"floor_reached":16,"playtime":1323,"items_purged":[],"score":133,"play_id":"b5356c1d-9fc6-465c-8032-a9e29a7eed6f","local_time":"20181110232019","is_ascension_mode":false,"campfire_choices":[{"data":"Survivor","floor":6,"key":"SMITH"},{"floor":15,"key":"REST"}],"neow_cost":"NONE","seed_source_timestamp":2763846953673446,"circlet_count":0,"master_deck":["Defend_G","Defend_G","Defend_G","Defend_G","Defend_G","Strike_G","Strike_G","Strike_G","Strike_G","Strike_G","Survivor+1","Neutralize+1","Backstab","Backstab"],"relics":["Ring of the Snake","Regal Pillow","Anchor"],"potions_floor_usage":[4,10,16,16],"damage_taken":[{"damage":0,"enemies":"Cultist","floor":1,"turns":5},{"damage":0,"enemies":"Small Slimes","floor":2,"turns":5},{"damage":0,"enemies":"Jaw Worm","floor":3,"turns":5},{"damage":0,"enemies":"Blue Slaver","floor":7,"turns":6},{"damage":6,"enemies":"Large Slime","floor":8,"turns":8},{"damage":24,"enemies":"Gremlin Gang","floor":10,"turns":9},{"damage":2,"enemies":"Looter","floor":11,"turns":3},{"damage":12,"enemies":"3 Sentries","floor":12,"turns":12},{"damage":3,"enemies":"Exordium Thugs","floor":13,"turns":7},{"damage":5,"enemies":"Lots of Slimes","floor":14,"turns":5},{"damage":65,"enemies":"The Guardian","floor":16,"turns":11}],"seed_played":"-2854368943610676721","potions_obtained":[{"floor":3,"key":"Fruit Juice"},{"floor":7,"key":"Poison Potion"},{"floor":10,"key":"Fruit Juice"},{"floor":13,"key":"EssenceOfSteel"}],"is_trial":false,"path_per_floor":["M","M","M","?","?","R","M","M","T","M","M","E","M","M","R","B"],"character_chosen":"THE_SILENT","items_purchased":[],"campfire_rested":1,"item_purchase_floors":[],"current_hp_per_floor":[77,77,77,71,71,71,71,65,65,46,44,32,29,24,65,0],"gold":351,"neow_bonus":"TEN_PERCENT_HP_BONUS","is_prod":false,"is_daily":false,"chose_seed":false,"campfire_upgraded":1,"win_rate":0.0,"timestamp":1541913619,"path_taken":["M","?","M","?","?","R","M","M","T","M","?","E","M","M","R","BOSS"],"build_version":"2018-11-08","purchased_purges":0,"victory":false,"max_hp_per_floor":[77,77,77,82,82,82,82,82,82,87,87,87,87,87,87,87],"card_choices":[{"not_picked":["Dagger Spray","All Out Attack","Deflect"],"picked":"SKIP","floor":1},{"not_picked":["Underhanded Strike","Flying Knee","Tactician"],"picked":"SKIP","floor":2},{"not_picked":["Blade Dance","Dagger Throw","Bane"],"picked":"SKIP","floor":3},{"not_picked":["Outmaneuver","Bane","Dagger Spray"],"picked":"SKIP","floor":7},{"not_picked":["Reflex","Venomology","Poisoned Stab"],"picked":"SKIP","floor":8},{"not_picked":["Underhanded Strike","Crippling Poison"],"picked":"Backstab","floor":10},{"not_picked":["Predator","Poisoned Stab"],"picked":"Backstab","floor":11},{"not_picked":["Masterful Stab","Poisoned Stab","Blade Dance"],"picked":"SKIP","floor":12},{"not_picked":["Underhanded Strike","Blade Dance","Outmaneuver"],"picked":"SKIP","floor":13},{"not_picked":["Quick Slash","Bouncing Flask","Dagger Spray"],"picked":"SKIP","floor":14}],"player_experience":96395,"relics_obtained":[{"floor":9,"key":"Regal Pillow"},{"floor":12,"key":"Anchor"}],"event_choices":[{"damage_healed":0,"gold_gain":75,"player_choice":"Gather Gold","damage_taken":11,"max_hp_gain":0,"max_hp_loss":0,"event_name":"World of Goop","floor":4,"gold_loss":0},{"damage_healed":0,"gold_gain":0,"player_choice":"Upgraded","damage_taken":0,"max_hp_gain":0,"max_hp_loss":0,"event_name":"Upgrade Shrine","floor":5,"gold_loss":0,"cards_upgraded":["Neutralize"]}],"is_beta":false,"boss_relics":[],"items_purged_floors":[],"is_endless":false,"potions_floor_spawned":[3,7,10,13],"killed_by":"The Guardian","ascension_level":0}