{"gold_per_floor":[209,28,28,45,60,60,78,89,135,153,173,173,186,198,198,294,294,309,309,309,327,346,445,461,27,50,64,82,98,98,111,111,212,212,231,231],"floor_reached":36,"playtime":2273,"items_purged":["Dualcast","Strike_B"],"score":494,"play_id":"2786c2b4-1d97-43dd-875b-8249edec1000","local_time":"20190303143527","is_ascension_mode":true,"campfire_choices":[{"data":"Zap","floor":6,"key":"SMITH"},{"data":"Defragment","floor":12,"key":"SMITH"},{"data":"FTL","floor":15,"key":"SMITH"},{"floor":30,"key":"REST"},{"floor":32,"key":"REST"}],"neow_cost":"NONE","seed_source_timestamp":455581802135,"circlet_count":0,"master_deck":["Strike_B","Strike_B","Strike_B","Defend_B+1","Defend_B+1","Defend_B","Defend_B","Zap+1","Defragment+1","FTL+1","Reinforced Body","Creative AI","Cold Snap","Self Repair","Cold Snap","Electrodynamics","Loop","Defragment","FTL","Cold Snap","Seek"],"relics":["Cracked Core","War Paint","Philosopher\u0027s Stone","FossilizedHelix","Art of War","Busted Crown"],"potions_floor_usage":[8,16,16,16,29,33,33,33,33],"damage_taken":[{"damage":7,"enemies":"Jaw Worm","floor":1,"turns":5},{"damage":0,"enemies":"Cultist","floor":4,"turns":4},{"damage":0,"enemies":"Small Slimes","floor":5,"turns":3},{"damage":0,"enemies":"Blue Slaver","floor":7,"turns":4},{"damage":0,"enemies":"Lots of Slimes","floor":8,"turns":1},{"damage":3,"enemies":"3 Louse","floor":10,"turns":4},{"damage":1,"enemies":"2 Fungi Beasts","floor":11,"turns":5},{"damage":0,"enemies":"Blue Slaver","floor":13,"turns":3},{"damage":9,"enemies":"Looter","floor":14,"turns":4},{"damage":2,"enemies":"Slime Boss","floor":16,"turns":9},{"damage":4,"enemies":"3 Byrds","floor":18,"turns":2},{"damage":24,"enemies":"Colosseum Slavers","floor":19,"turns":5},{"damage":3,"enemies":"Spheric Guardian","floor":21,"turns":4},{"damage":9,"enemies":"Cultist and Chosen","floor":22,"turns":8},{"damage":17,"enemies":"3 Cultists","floor":24,"turns":5},{"damage":17,"enemies":"Sentry and Sphere","floor":27,"turns":7},{"damage":0,"enemies":"Cultist and Chosen","floor":28,"turns":6},{"damage":7,"enemies":"Shelled Parasite and Fungi","floor":29,"turns":7},{"damage":24,"enemies":"Centurion and Healer","floor":31,"turns":5},{"damage":32,"enemies":"Collector","floor":33,"turns":9},{"damage":10,"enemies":"Orb Walker","floor":35,"turns":4},{"damage":75,"enemies":"2 Orb Walkers","floor":36,"turns":5}],"seed_played":"1508322616434572570","potions_obtained":[{"floor":5,"key":"Explosive Potion"},{"floor":8,"key":"Weak Potion"},{"floor":10,"key":"Energy Potion"},{"floor":11,"key":"Energy Potion"},{"floor":21,"key":"SkillPotion"},{"floor":24,"key":"Block Potion"},{"floor":27,"key":"EntropicBrew"}],"is_trial":false,"path_per_floor":["M","$","?","M","M","R","M","M","T","M","M","R","M","M","R","B",null,"M","?","?","M","M","?","M","$","T","M","M","M","R","M","R","B",null,"M","?"],"character_chosen":"DEFECT","items_purchased":["Defragment","FTL","FossilizedHelix","Defragment"],"campfire_rested":2,"item_purchase_floors":[2,2,25,25],"current_hp_per_floor":[61,61,75,75,75,75,75,75,75,72,71,71,71,69,69,74,75,75,51,37,34,32,32,22,22,22,12,19,19,43,26,50,25,66,63,0],"gold":231,"neow_bonus":"HUNDRED_GOLD","is_prod":false,"is_daily":false,"chose_seed":false,"campfire_upgraded":3,"win_rate":0,"timestamp":1551645327,"path_taken":["M","$","?","?","M","R","M","M","T","?","M","R","M","M","R","BOSS","M","?","?","M","M","?","M","?","T","M","M","M","R","?","R","BOSS","M","?"],"build_version":"2019-01-23","purchased_purges":2,"victory":false,"max_hp_per_floor":[75,75,75,75,75,75,75,75,75,75,75,75,75,75,75,75,75,75,75,80,80,80,80,80,80,80,80,80,80,80,80,80,80,80,80,80],"card_choices":[{"not_picked":["Turbo","Sweeping Beam","Skim"],"picked":"SKIP","floor":1},{"not_picked":["Heatsinks","Redo"],"picked":"Reinforced Body","floor":4},{"not_picked":["Ball Lightning","Rebound","Redo"],"picked":"SKIP","floor":5},{"not_picked":["Conserve Battery","Cold Snap"],"picked":"Creative AI","floor":7},{"not_picked":["Genetic Algorithm","Double Energy"],"picked":"Cold Snap","floor":8},{"not_picked":["Rebound","Hologram","Steam"],"picked":"SKIP","floor":10},{"not_picked":["Reboot","Melter","Coolheaded"],"picked":"SKIP","floor":11},{"not_picked":["Turbo","Cold Snap"],"picked":"Self Repair","floor":13},{"not_picked":["Blizzard","Coolheaded"],"picked":"Cold Snap","floor":14},{"not_picked":["Fission","Amplify"],"picked":"Electrodynamics","floor":16},{"not_picked":["Streamline","Redo"],"picked":"Loop","floor":18},{"not_picked":["Rebound","Hologram","Turbo"],"picked":"SKIP","floor":21},{"not_picked":["Go for the Eyes","Conserve Battery+1","Streamline"],"picked":"SKIP","floor":22},{"not_picked":["Barrage","Doom and Gloom+1","Stack"],"picked":"SKIP","floor":24},{"not_picked":["Stack","Blizzard+1"],"picked":"FTL","floor":27},{"not_picked":["Rip and Tear","Heatsinks","Steam"],"picked":"SKIP","floor":28},{"not_picked":["Double Energy","Conserve Battery","Scrape+1"],"picked":"SKIP","floor":29},{"not_picked":["Conserve Battery","Electrodynamics"],"picked":"Cold Snap","floor":31},{"not_picked":["Core Surge","Creative AI"],"picked":"Seek","floor":33},{"not_picked":["Hologram+1"],"picked":"SKIP","floor":35}],"player_experience":1580739,"relics_obtained":[{"floor":9,"key":"War Paint"},{"floor":26,"key":"Art of War"}],"event_choices":[{"damage_healed":14,"gold_gain":0,"player_choice":"Full Heal","damage_taken":0,"max_hp_gain":0,"max_hp_loss":0,"event_name":"Wheel of Change","floor":3,"gold_loss":0},{"damage_healed":0,"gold_gain":0,"player_choice":"Fight","damage_taken":0,"max_hp_gain":0,"max_hp_loss":0,"event_name":"Colosseum","floor":19,"gold_loss":0},{"damage_healed":0,"gold_gain":0,"player_choice":"Fled From Nobs","damage_taken":0,"max_hp_gain":0,"max_hp_loss":0,"event_name":"Colosseum","floor":19,"gold_loss":0},{"damage_healed":0,"gold_gain":0,"player_choice":"Shed Blood","damage_taken":19,"max_hp_gain":5,"max_hp_loss":0,"event_name":"Forgotten Altar","floor":20,"gold_loss":0},{"damage_healed":0,"gold_gain":99,"player_choice":"Stole From Cult","damage_taken":0,"max_hp_gain":0,"max_hp_loss":0,"event_name":"Nest","floor":23,"gold_loss":0},{"damage_healed":0,"gold_gain":0,"player_choice":"Fight","damage_taken":0,"max_hp_gain":0,"max_hp_loss":0,"event_name":"Mysterious Sphere","floor":36,"gold_loss":0}],"is_beta":false,"boss_relics":[{"not_picked":["Empty Cage","Astrolabe"],"picked":"Philosopher\u0027s Stone"},{"not_picked":["Calling Bell","Nuclear Battery"],"picked":"Busted Crown"}],"items_purged_floors":[2,25],"is_endless":false,"potions_floor_spawned":[5,8,10,11,19,21,24,27],"killed_by":"2 Orb Walkers","ascension_level":7}