{"gold_per_floor":[115,115,132,144,157,157,187,262,562,577,542,542,355,366,366,464,464,475,475],"floor_reached":19,"playtime":801,"items_purged":["Strike_B"],"score":270,"play_id":"8515f160-c2f6-450c-923c-ba99127955a8","local_time":"20190829180423","is_ascension_mode":true,"campfire_choices":[{"floor":6.0,"key":"REST"},{"floor":12.0,"key":"REST"},{"floor":15.0,"key":"REST"}],"neow_cost":"NONE","seed_source_timestamp":0,"circlet_count":0,"master_deck":["AscendersBane","Strike_B","Strike_B","Strike_B","Defend_B","Defend_B","Defend_B","Defend_B","Zap","Dualcast","Rainbow","Gash","Defragment","Darkness","FTL","Capacitor","BootSequence","FTL","Seek","Loop"],"special_seed":0,"relics":["Cracked Core","Mercury Hourglass","Old Coin","Runic Pyramid"],"potions_floor_usage":[],"damage_taken":[{"damage":0.0,"enemies":"Small Slimes","floor":1.0,"turns":4.0},{"damage":4.0,"enemies":"Cultist","floor":3.0,"turns":5.0},{"damage":17.0,"enemies":"Jaw Worm","floor":4.0,"turns":4.0},{"damage":10.0,"enemies":"Looter","floor":5.0,"turns":4.0},{"damage":46.0,"enemies":"Gremlin Nob","floor":7.0,"turns":5.0},{"damage":1.0,"enemies":"Blue Slaver","floor":10.0,"turns":3.0},{"damage":32.0,"enemies":"Gremlin Gang","floor":14.0,"turns":5.0},{"damage":18.0,"enemies":"Hexaghost","floor":16.0,"turns":9.0},{"damage":46,"enemies":"Spheric Guardian","floor":18,"turns":8},{"damage":17,"enemies":"Shell Parasite","floor":19,"turns":3}],"seed_played":"-8651937300993470634","potions_obtained":[{"floor":1.0,"key":"Poison Potion"},{"floor":2.0,"key":"Block Potion"},{"floor":14.0,"key":"LiquidBronze"}],"is_trial":false,"path_per_floor":["M","?","M","M","M","R","E","?","T","M","?","R","$","M","R","B",null,"M","M"],"character_chosen":"DEFECT","items_purchased":["Capacitor","BootSequence"],"campfire_rested":3,"item_purchase_floors":[13,13],"current_hp_per_floor":[68,68,64,47,37,59,13,2,2,1,19,41,41,9,31,13,60,14,0],"gold":475,"neow_bonus":"ONE_RANDOM_RARE_CARD","is_prod":false,"is_daily":false,"chose_seed":false,"campfire_upgraded":0,"win_rate":0,"timestamp":1567119863,"path_taken":["M","?","M","?","M","R","E","?","T","M","?","R","?","M","R","BOSS","M","?"],"build_version":"2019-07-17","purchased_purges":1,"victory":false,"max_hp_per_floor":[75,75,75,75,75,75,75,75,75,75,75,75,75,75,75,75,75,75,75],"card_choices":[{"not_picked":["Leap","Stack","Barrage"],"picked":"SKIP","floor":1.0},{"not_picked":["Compile Driver","Undo","Reprogram"],"picked":"SKIP","floor":3.0},{"not_picked":["Darkness","Stack"],"picked":"Gash","floor":4.0},{"not_picked":["Streamline","Conserve Battery"],"picked":"Defragment","floor":5.0},{"not_picked":["Steam","Recycle"],"picked":"Darkness","floor":7.0},{"not_picked":["Coolheaded","Loop"],"picked":"FTL","floor":10.0},{"not_picked":["Skim","Seek"],"picked":"FTL","floor":14.0},{"not_picked":["Thunder Strike","Meteor Strike"],"picked":"Seek","floor":16.0},{"not_picked":["Scrape","Coolheaded"],"picked":"Loop","floor":18}],"player_experience":2924673,"relics_obtained":[{"floor":7.0,"key":"Mercury Hourglass"},{"floor":9.0,"key":"Old Coin"}],"event_choices":[{"damage_healed":0.0,"max_hp_gain":0.0,"max_hp_loss":0.0,"gold_gain":0.0,"event_name":"Lab","player_choice":"Got Potions","floor":2.0,"gold_loss":0.0,"damage_taken":0.0},{"damage_healed":0.0,"max_hp_gain":0.0,"max_hp_loss":0.0,"gold_gain":75.0,"event_name":"World of Goop","player_choice":"Gather Gold","floor":8.0,"gold_loss":0.0,"damage_taken":11.0},{"damage_healed":18.0,"max_hp_gain":0.0,"max_hp_loss":0.0,"gold_gain":0.0,"event_name":"The Cleric","player_choice":"Healed","floor":11.0,"gold_loss":35.0,"damage_taken":0.0}],"is_beta":false,"boss_relics":[{"not_picked":["Runic Dome","FrozenCore"],"picked":"Runic Pyramid"}],"items_purged_floors":[13],"is_endless":false,"potions_floor_spawned":[1,5,14],"killed_by":"Shell Parasite","ascension_level":12}