{"path_per_floor":["M","?","M","M","?","T","$","M","T","?","M","R","?","M","R","B",null,"M","?","M","?","M"],"character_chosen":"IRONCLAD","items_purchased":[],"gold_per_floor":[118,118,131,143,218,218,143,157,157,157,175,175,175,185,185,283,283,303,303,315,315,334],"floor_reached":23,"campfire_rested":1,"playtime":1631,"current_hp_per_floor":[96,96,92,80,69,69,69,69,69,62,64,64,52,58,86,20,96,73,73,33,33,27],"items_purged":["Clumsy"],"gold":334,"play_id":"9a4ad4af-8774-43e1-b4e8-e77f5079f798","is_prod":false,"is_daily":false,"campfire_rituals":0,"campfire_upgraded":1,"is_hardmode":false,"path_taken":["M","?","M","?","?","?","?","?","T","?","M","R","?","M","R","BOSS","M","?","M","?","M","E"],"build_version":"2018-01-04-PROD1","purchased_purges":1,"victory":false,"master_deck":["Strike_R","Strike_R","Strike_R","Strike_R","Defend_R","Defend_R","Defend_R","Defend_R","Bash","Sever Soul","Cleave","Shrug It Off","Intimidate","Anger","Infernal Blade","Dual Wield","Searing Blow"],"max_hp_per_floor":[96,96,96,96,96,96,96,96,96,96,96,96,96,96,96,96,96,96,96,96,96,96],"relics":["Burning Blood","Red Skull","Thread and Needle","Juzu Bracelet","Black Star"],"campfire_meditates":0,"card_choices":[{"not_picked":["Body Slam","Uppercut"],"picked":"Sever Soul"},{"not_picked":["Hemokinesis","Fire Breathing"],"picked":"Cleave"},{"not_picked":["Blood for Blood","Flame Barrier"],"picked":"Shrug It Off"},{"not_picked":["Shrug It Off","Thunderclap"],"picked":"Intimidate"},{"not_picked":["Rage","Clothesline"],"picked":"Anger"},{"not_picked":["Iron Wave","Shrug It Off"],"picked":"Infernal Blade"},{"not_picked":["Twin Strike","Reckless Charge"],"picked":"Dual Wield"},{"not_picked":["Body Slam","Blood for Blood"],"picked":"Searing Blow"}],"player_experience":16563,"potions_floor_usage":[16,16,16,22,22],"damage_taken":[{"damage":5,"enemies":"Cultist","floor":1,"turns":4},{"damage":10,"enemies":"Jaw Worm","floor":3,"turns":4},{"damage":18,"enemies":"Blue Slaver","floor":4,"turns":5},{"damage":6,"enemies":"Exordium Wildlife","floor":8,"turns":3},{"damage":4,"enemies":"Lots of Slimes","floor":11,"turns":3},{"damage":0,"enemies":"3 Louse","floor":14,"turns":3},{"damage":72,"enemies":"The Guardian","floor":16,"turns":12},{"damage":29,"enemies":"Shell Parasite","floor":18,"turns":12},{"damage":46,"enemies":"Spheric Guardian","floor":20,"turns":9},{"damage":12,"enemies":"Snake Plant","floor":22,"turns":3},{"damage":32,"enemies":"Gremlin Leader","floor":23,"turns":5}],"event_choices":[{"event_name":"The Cleric","player_choice":"Leave","floor":2,"damage_taken":0},{"event_name":"World of Goop","player_choice":"Gather Gold","floor":5,"damage_taken":0},{"event_name":"Golden Wing","player_choice":"Card Removal","floor":10,"damage_taken":0},{"event_name":"Scrap Ooze","player_choice":"success","floor":13,"damage_taken":12},{"event_name":"Accursed Blacksmith","player_choice":"Forge","floor":19,"damage_taken":0},{"event_name":"The Lab","player_choice":"Got Potions","floor":21,"damage_taken":0}],"boss_relics":[{"not_picked":["Runic Cube","Philosopher\u0027s Stone"],"picked":"Black Star"}],"potions_floor_spawned":[1,11,14,18,20],"seed_played":"4817747980357985538","killed_by":"Gremlin Leader","is_trial":false}