{"gold_per_floor":[117,134,134,41,51,51,51,51,51,68,87,112,62,36,36,131,131,146,146,71,81,94,94,119,119,119,129,147,147,147,159,159,159],"floor_reached":33,"playtime":2572,"items_purged":["Strike_G"],"score":267,"play_id":"6b378579-eac8-42ba-a8be-94f8c5bb4b6c","local_time":"20190814230635","is_ascension_mode":false,"campfire_choices":[{"data":"Infinite Blades","floor":6,"key":"SMITH"},{"data":"Blade Dance","floor":8,"key":"SMITH"},{"floor":15,"key":"REST"},{"floor":23,"key":"REST"},{"floor":25,"key":"REST"},{"data":"Trip","floor":30,"key":"SMITH"},{"floor":32,"key":"REST"}],"neow_cost":"NONE","seed_source_timestamp":455606731440055,"circlet_count":0,"master_deck":["Strike_G","Strike_G","Strike_G","Defend_G","Defend_G","Defend_G","Survivor","Neutralize","Dagger Spray","Blur","Infinite Blades+1","Blade Dance+1","Heel Hook","Dagger Throw","Escape Plan","Outmaneuver","Phantasmal Killer","Blade Dance+1","Trip+1","Well Laid Plans","Clumsy","Well Laid Plans+1","Quick Slash+1"],"relics":["Ring of the Snake","Bag of Marbles","Happy Flower","Potion Belt","Cursed Key","Paper Crane","Mummified Hand"],"potions_floor_usage":[10,16,16,16,24,27],"damage_taken":[{"damage":0,"enemies":"2 Louse","floor":1,"turns":2},{"damage":0,"enemies":"Small Slimes","floor":2,"turns":2},{"damage":0,"enemies":"Cultist","floor":5,"turns":3},{"damage":1,"enemies":"2 Fungi Beasts","floor":10,"turns":3},{"damage":0,"enemies":"3 Louse","floor":11,"turns":1},{"damage":10,"enemies":"Gremlin Nob","floor":12,"turns":4},{"damage":51,"enemies":"The Guardian","floor":16,"turns":15},{"damage":0,"enemies":"Spheric Guardian","floor":18,"turns":3},{"damage":6,"enemies":"3 Byrds","floor":21,"turns":4},{"damage":6,"enemies":"Cultist and Chosen","floor":22,"turns":3},{"damage":37,"enemies":"Slavers","floor":24,"turns":4},{"damage":31,"enemies":"Sentry and Sphere","floor":27,"turns":6},{"damage":2,"enemies":"Snecko","floor":28,"turns":4},{"damage":4,"enemies":"3 Cultists","floor":31,"turns":4},{"damage":79,"enemies":"Collector","floor":33,"turns":8}],"seed_played":"2787600784654852525","potions_obtained":[{"floor":2,"key":"Swift Potion"},{"floor":5,"key":"Explosive Potion"},{"floor":11,"key":"Regen Potion"},{"floor":12,"key":"SteroidPotion"},{"floor":22,"key":"SteroidPotion"},{"floor":24,"key":"Weak Potion"}],"is_trial":false,"path_per_floor":["M","M","?","$","M","R","?","R","T","M","M","E","?","$","R","B",null,"M","?","$","M","M","R","E","R","T","M","M","?","R","M","R","B"],"character_chosen":"THE_SILENT","items_purchased":["Infinite Blades","Blade Dance","Outmaneuver"],"campfire_rested":4,"item_purchase_floors":[4,4,14],"current_hp_per_floor":[70,70,63,63,63,63,63,63,63,62,62,52,52,52,70,19,70,70,70,70,64,58,70,33,54,54,23,21,44,44,40,61,0],"gold":159,"neow_bonus":"RANDOM_COMMON_RELIC","is_prod":false,"is_daily":false,"chose_seed":false,"campfire_upgraded":3,"win_rate":0.0,"timestamp":1565838395,"path_taken":["M","M","?","$","M","R","?","R","T","M","?","E","?","$","R","BOSS","M","?","$","M","?","R","E","R","T","M","?","?","R","M","R","BOSS"],"build_version":"2019-07-17","purchased_purges":1,"victory":false,"max_hp_per_floor":[70,70,70,70,70,70,70,70,70,70,70,70,70,70,70,70,70,70,70,70,70,70,70,70,70,70,70,70,70,70,70,70,70],"card_choices":[{"not_picked":["Distraction","Bane"],"picked":"Dagger Spray","floor":1},{"not_picked":["Quick Slash","PiercingWail"],"picked":"Blur","floor":2},{"not_picked":["Deadly Poison","Dodge and Roll","Dash"],"picked":"SKIP","floor":5},{"not_picked":["PiercingWail","Poisoned Stab"],"picked":"Heel Hook","floor":10},{"not_picked":["Endless Agony","Slice"],"picked":"Dagger Throw","floor":11},{"not_picked":["Deflect","Unload"],"picked":"Escape Plan","floor":12},{"not_picked":["Adrenaline","Wraith Form v2"],"picked":"Phantasmal Killer","floor":16},{"not_picked":["Riddle With Holes+1","Quick Slash"],"picked":"Blade Dance+1","floor":18},{"not_picked":["Eviscerate","Heel Hook+1","Crippling Poison"],"picked":"SKIP","floor":21},{"not_picked":["Backflip","Eviscerate","Sucker Punch"],"picked":"SKIP","floor":22},{"not_picked":["Wraith Form v2","Bane"],"picked":"Well Laid Plans","floor":24},{"not_picked":["Sucker Punch","Skewer"],"picked":"Well Laid Plans+1","floor":27},{"not_picked":["Poisoned Stab","PiercingWail"],"picked":"Quick Slash+1","floor":28},{"not_picked":["Quick Slash+1","Bane","Flying Knee"],"picked":"SKIP","floor":31}],"player_experience":87000,"relics_obtained":[{"floor":9,"key":"Happy Flower"},{"floor":12,"key":"Potion Belt"},{"floor":24,"key":"Paper Crane"},{"floor":26,"key":"Mummified Hand"}],"event_choices":[{"cards_removed":["Defend_G"],"damage_healed":0,"gold_gain":0,"player_choice":"Card Removal","damage_taken":7,"max_hp_gain":0,"max_hp_loss":0,"event_name":"Golden Wing","floor":3,"gold_loss":0},{"cards_removed":["Strike_G"],"damage_healed":0,"gold_gain":0,"player_choice":"Offered Basic","damage_taken":0,"max_hp_gain":0,"max_hp_loss":0,"event_name":"Bonfire Elementals","floor":7,"gold_loss":0},{"cards_removed":["Defend_G"],"damage_healed":0,"gold_gain":0,"player_choice":"Card Removal","damage_taken":0,"max_hp_gain":0,"max_hp_loss":0,"event_name":"The Cleric","floor":13,"gold_loss":50},{"damage_healed":0,"gold_gain":0,"player_choice":"1 cards matched","damage_taken":0,"max_hp_gain":0,"max_hp_loss":0,"event_name":"Match and Keep!","floor":19,"gold_loss":0,"cards_obtained":["Trip"]},{"damage_healed":23,"gold_gain":0,"player_choice":"Heal","damage_taken":0,"max_hp_gain":0,"max_hp_loss":0,"event_name":"The Library","floor":29,"gold_loss":0}],"is_beta":false,"boss_relics":[{"not_picked":["Empty Cage","Astrolabe"],"picked":"Cursed Key"}],"items_purged_floors":[20],"is_endless":false,"potions_floor_spawned":[2,5,11,12,22,24],"killed_by":"Collector","ascension_level":0}