{"gold_per_floor":[360,374,392,410,410,410,434,389,443,393,12,26,44,57,57,155,155,166,91,106,56,56,56],"floor_reached":23,"playtime":1127,"items_purged":["Strike_G","Strike_G"],"score":256,"play_id":"a47ea09d-9372-4915-9ea0-8b8219427c32","local_time":"20190323183015","is_ascension_mode":true,"campfire_choices":[{"floor":6.0,"key":"REST"},{"floor":15,"key":"REST"}],"neow_cost":"TEN_PERCENT_HP_LOSS","seed_source_timestamp":0,"circlet_count":0,"master_deck":["Defend_G","Defend_G","Defend_G","Defend_G","Defend_G","Strike_G","Survivor","Neutralize","Metamorphosis","Burst","Caltrops","Deadly Poison","Corpse Explosion","Deadly Poison","Writhe"],"special_seed":0,"relics":["Ring of the Snake","Dream Catcher","Smiling Mask","PreservedInsect","Sozu","Bag of Preparation"],"potions_floor_usage":[16,16,16],"damage_taken":[{"damage":0.0,"enemies":"Cultist","floor":1.0,"turns":5.0},{"damage":1.0,"enemies":"Small Slimes","floor":2.0,"turns":4.0},{"damage":2.0,"enemies":"Jaw Worm","floor":3.0,"turns":6.0},{"damage":24.0,"enemies":"3 Louse","floor":4.0,"turns":6.0},{"damage":4.0,"enemies":"Looter","floor":8.0,"turns":5.0},{"damage":0.0,"enemies":"Exordium Wildlife","floor":12.0,"turns":4.0},{"damage":10.0,"enemies":"2 Fungi Beasts","floor":13.0,"turns":3.0},{"damage":29,"enemies":"Exordium Thugs","floor":14,"turns":6},{"damage":8,"enemies":"Hexaghost","floor":16,"turns":9},{"damage":1,"enemies":"Spheric Guardian","floor":18,"turns":3},{"damage":1,"enemies":"3 Byrds","floor":20,"turns":2},{"damage":61,"enemies":"Book of Stabbing","floor":23,"turns":6}],"seed_played":"7831194069147268235","potions_obtained":[{"floor":2.0,"key":"Poison Potion"},{"floor":3.0,"key":"SteroidPotion"},{"floor":13.0,"key":"Block Potion"}],"is_trial":false,"path_per_floor":["M","M","M","M","?","R","T","M","T","?","$","M","M","M","R","B",null,"M","?","M","$","?","E"],"character_chosen":"THE_SILENT","items_purchased":["Metamorphosis","PreservedInsect"],"campfire_rested":2,"item_purchase_floors":[11,11],"current_hp_per_floor":[63,62,60,36,41,61,61,57,57,57,57,57,47,18,38,30,59,58,58,57,57,57,0],"gold":56,"neow_bonus":"TWO_FIFTY_GOLD","is_prod":false,"is_daily":false,"chose_seed":false,"campfire_upgraded":0,"win_rate":0,"timestamp":1553383815,"path_taken":["M","?","M","?","?","R","?","M","T","?","?","?","M","M","R","BOSS","M","?","M","$","?","E"],"build_version":"2019-01-23","purchased_purges":2,"victory":false,"max_hp_per_floor":[63,63,63,63,68,68,68,68,68,68,68,68,68,68,68,68,68,68,68,68,68,68,68],"card_choices":[{"not_picked":["Underhanded Strike","Infinite Blades","Bane"],"picked":"SKIP","floor":1.0},{"not_picked":["Dodge and Roll","Bane","Flying Knee"],"picked":"SKIP","floor":2.0},{"not_picked":["Deflect","Masterful Stab","Accuracy"],"picked":"SKIP","floor":3.0},{"not_picked":["Blade Dance","Deflect","Skewer"],"picked":"SKIP","floor":4.0},{"not_picked":["Dodge and Roll","Dagger Spray","Choke"],"picked":"SKIP","floor":8.0},{"not_picked":["Dagger Spray","Eviscerate"],"picked":"Burst","floor":12.0},{"not_picked":["Outmaneuver","Quick Slash","Flechettes"],"picked":"SKIP","floor":13.0},{"not_picked":["Crippling Poison","Prepared"],"picked":"Caltrops","floor":14},{"not_picked":["Glass Knife","Dagger Spray"],"picked":"Deadly Poison","floor":15},{"not_picked":["Burst","A Thousand Cuts"],"picked":"Corpse Explosion","floor":16},{"not_picked":["Dodge and Roll","Eviscerate+1"],"picked":"Deadly Poison","floor":18},{"not_picked":["Underhanded Strike+1","Accuracy","Outmaneuver"],"picked":"SKIP","floor":20}],"player_experience":1719146,"relics_obtained":[{"floor":7.0,"key":"Dream Catcher"},{"floor":9.0,"key":"Smiling Mask"}],"event_choices":[{"damage_healed":0.0,"max_hp_gain":5.0,"max_hp_loss":0.0,"gold_gain":0.0,"event_name":"Big Fish","player_choice":"Donut","floor":5.0,"gold_loss":0.0,"damage_taken":0.0},{"cards_removed":["Strike_G"],"damage_healed":0.0,"max_hp_gain":0.0,"max_hp_loss":0.0,"gold_gain":0.0,"event_name":"The Cleric","player_choice":"Card Removal","floor":10.0,"gold_loss":50.0,"damage_taken":0.0},{"cards_removed":["Strike_G"],"damage_healed":0,"gold_gain":0,"player_choice":"Gave Gold","damage_taken":0,"max_hp_gain":0,"max_hp_loss":0,"event_name":"Beggar","floor":19,"gold_loss":75},{"damage_healed":0,"gold_gain":0,"player_choice":"Opened","damage_taken":0,"relics_obtained":["Bag of Preparation"],"max_hp_gain":0,"max_hp_loss":0,"event_name":"The Mausoleum","floor":22,"gold_loss":0,"cards_obtained":["Writhe"]}],"is_beta":false,"boss_relics":[{"not_picked":["Calling Bell","Orrery"],"picked":"Sozu"}],"items_purged_floors":[11,21],"is_endless":false,"potions_floor_spawned":[2,3,13,20],"killed_by":"Book of Stabbing","ascension_level":8}