{"gold_per_floor":[112,112,123,123,137,137,156,166,214,231,231,105,119,119,119,119],"floor_reached":16,"playtime":665,"items_purged":["Strike_R"],"score":146,"play_id":"70253a49-80f2-4d96-8ef7-41e71d6b90e6","local_time":"20190731200224","is_ascension_mode":true,"campfire_choices":[{"data":"Shrug It Off","floor":6,"key":"SMITH"},{"floor":11,"key":"REST"},{"data":"Body Slam","floor":15,"key":"SMITH"}],"neow_cost":"NONE","seed_source_timestamp":1712257803753102,"circlet_count":0,"master_deck":["AscendersBane","Strike_R","Strike_R","Strike_R","Strike_R","Defend_R","Defend_R","Defend_R","Defend_R","Bash","Carnage","Battle Trance","Disarm","Dramatic Entrance","Shrug It Off+1","Rampage","Whirlwind","Body Slam+1"],"relics":["Burning Blood","NeowsBlessing","Darkstone Periapt","Regal Pillow","Ornamental Fan"],"potions_floor_usage":[16,16],"damage_taken":[{"damage":0,"enemies":"Jaw Worm","floor":1,"turns":1},{"damage":0,"enemies":"2 Louse","floor":3,"turns":1},{"damage":0,"enemies":"Cultist","floor":5,"turns":1},{"damage":29,"enemies":"Gremlin Gang","floor":7,"turns":8},{"damage":19,"enemies":"Exordium Thugs","floor":8,"turns":9},{"damage":12,"enemies":"Exordium Wildlife","floor":10,"turns":2},{"damage":0,"enemies":"2 Fungi Beasts","floor":13,"turns":3},{"damage":82,"enemies":"Hexaghost","floor":16,"turns":14}],"seed_played":"-6910182630027127083","potions_obtained":[{"floor":5,"key":"Weak Potion"},{"floor":8,"key":"Ancient Potion"},{"floor":13,"key":"EssenceOfSteel"}],"is_trial":false,"path_per_floor":["M","?","M","?","M","R","M","M","T","M","R","$","M","T","R","B"],"character_chosen":"IRONCLAD","items_purchased":["Body Slam"],"campfire_rested":1,"item_purchase_floors":[12],"current_hp_per_floor":[78,75,80,80,80,80,57,44,44,38,77,77,80,80,80,0],"gold":119,"neow_bonus":"THREE_ENEMY_KILL","is_prod":false,"is_daily":false,"chose_seed":false,"campfire_upgraded":2,"win_rate":0,"timestamp":1564621344,"path_taken":["M","?","M","?","?","R","M","?","T","M","R","?","M","?","R","BOSS"],"build_version":"2019-07-17","purchased_purges":1,"victory":false,"max_hp_per_floor":[80,80,80,80,80,80,80,80,80,80,80,80,80,80,80,80],"card_choices":[{"not_picked":["Flex","Anger"],"picked":"Carnage","floor":1},{"not_picked":["Armaments","Warcry"],"picked":"Battle Trance","floor":3},{"not_picked":["Twin Strike","Entrench"],"picked":"Shrug It Off","floor":5},{"not_picked":["Wild Strike","Twin Strike"],"picked":"Rampage","floor":7},{"not_picked":["Shrug It Off","Perfected Strike"],"picked":"Whirlwind","floor":8},{"not_picked":["Clash","Twin Strike","Searing Blow"],"picked":"SKIP","floor":10},{"not_picked":["Spot Weakness","Thunderclap","Fiend Fire"],"picked":"SKIP","floor":13}],"player_experience":2603059,"relics_obtained":[{"floor":9,"key":"Regal Pillow"},{"floor":14,"key":"Ornamental Fan"}],"event_choices":[{"damage_healed":0,"gold_gain":0,"player_choice":"Success","damage_taken":3,"relics_obtained":["Darkstone Periapt"],"max_hp_gain":0,"max_hp_loss":0,"event_name":"Scrap Ooze","floor":2,"gold_loss":0},{"damage_healed":0,"gold_gain":0,"player_choice":"2 cards matched","damage_taken":0,"max_hp_gain":0,"max_hp_loss":0,"event_name":"Match and Keep!","floor":4,"gold_loss":0,"cards_obtained":["Disarm","Dramatic Entrance"]}],"is_beta":false,"boss_relics":[],"items_purged_floors":[12],"is_endless":false,"potions_floor_spawned":[5,8,13],"killed_by":"Hexaghost","ascension_level":11}