{"gold_per_floor":[110,110,123,48,103,103,128,148,224,224,256,269,269,288,288,390,390,373,373,399,263,276,276,303,178,256,256,267,278,296,396,396,501,501,519,519,369,388,388,414,414,414],"floor_reached":43,"playtime":3905,"items_purged":["Pain","Defend_G","Strike_G","Defend_G"],"score":807,"play_id":"f59dce37-8ea6-463a-998d-d49902888319","local_time":"20181118171520","is_ascension_mode":true,"campfire_choices":[{"data":"Footwork","floor":6,"key":"SMITH"},{"data":"Dash","floor":10,"key":"SMITH"},{"data":"Neutralize","floor":15,"key":"SMITH"},{"floor":23,"key":"REST"},{"floor":27,"key":"REST"},{"floor":32,"key":"REST"}],"neow_cost":"NONE","seed_source_timestamp":343296171388548,"circlet_count":0,"master_deck":["Defend_G","Defend_G","Defend_G","Strike_G","Strike_G","Strike_G","Strike_G","Survivor","Neutralize+1","Footwork+1","Dash+1","Blur+1","Burst+1","Footwork","Blur+1","Dash","Cloak And Dagger+1","Corpse Explosion+1","After Image"],"relics":["Ring of the Serpent","NeowsBlessing","WarpedTongs","Tiny Chest","Anchor","Toxic Egg 2","Bottled Lightning","MutagenicStrength","Bag of Preparation","Ice Cream","Ninja Scroll","Girya","Mercury Hourglass","Sozu","Bottled Tornado","Lantern"],"potions_floor_usage":[16,16,31,33,42],"damage_taken":[{"damage":0,"enemies":"Small Slimes","floor":1,"turns":1},{"damage":0,"enemies":"Cultist","floor":3,"turns":1},{"damage":0,"enemies":"3 Sentries","floor":7,"turns":1},{"damage":0,"enemies":"2 Louse","floor":8,"turns":4},{"damage":4,"enemies":"Lagavulin","floor":11,"turns":10},{"damage":0,"enemies":"Looter","floor":12,"turns":3},{"damage":1,"enemies":"Exordium Wildlife","floor":14,"turns":6},{"damage":4,"enemies":"The Guardian","floor":16,"turns":21},{"damage":14,"enemies":"2 Thieves","floor":18,"turns":4},{"damage":32,"enemies":"3 Byrds","floor":22,"turns":11},{"damage":6,"enemies":"Book of Stabbing","floor":24,"turns":11},{"damage":0,"enemies":"Shelled Parasite and Fungi","floor":28,"turns":13},{"damage":25,"enemies":"3 Cultists","floor":29,"turns":10},{"damage":0,"enemies":"Centurion and Healer","floor":30,"turns":21},{"damage":0,"enemies":"Colosseum Slavers","floor":31,"turns":7},{"damage":25,"enemies":"Colosseum Nobs","floor":31,"turns":8},{"damage":0,"enemies":"Automaton","floor":33,"turns":24},{"damage":0,"enemies":"3 Darklings","floor":35,"turns":4},{"damage":0,"enemies":"Orb Walker","floor":38,"turns":4},{"damage":0,"enemies":"Nemesis","floor":40,"turns":11},{"damage":27,"enemies":"Donu and Deca","floor":42,"turns":9}],"seed_played":"-6391646627007990006","potions_obtained":[{"floor":3,"key":"Dexterity Potion"},{"floor":8,"key":"LiquidBronze"},{"floor":12,"key":"Poison Potion"},{"floor":14,"key":"PowerPotion"},{"floor":29,"key":"GhostInAJar"},{"floor":31,"key":"Dexterity Potion"},{"floor":33,"key":"Fire Potion"}],"is_trial":false,"path_per_floor":["M","?","M","$","T","R","E","M","T","R","E","M","?","M","R","B",null,"M","?","T","$","M","R","E","$","T","R","M","M","M","?","R","B",null,"M","?","$","M","T","E","?","B",null],"character_chosen":"THE_SILENT","items_purchased":["Footwork"],"campfire_rested":3,"item_purchase_floors":[21],"current_hp_per_floor":[70,70,70,70,70,70,70,70,70,70,66,66,71,70,70,66,75,61,61,61,61,29,51,45,45,45,67,67,42,42,17,39,39,75,75,75,75,75,75,75,75,48],"gold":414,"neow_bonus":"THREE_ENEMY_KILL","is_prod":false,"is_daily":false,"chose_seed":false,"campfire_upgraded":3,"win_rate":0,"timestamp":1542582920,"path_taken":["M","?","M","$","?","R","E","M","T","R","E","?","?","M","R","BOSS","M","?","?","$","M","R","E","?","T","R","?","M","M","?","R","BOSS","M","?","$","M","?","E","?","BOSS"],"build_version":"2018-11-15","purchased_purges":4,"victory":true,"max_hp_per_floor":[70,70,70,70,70,70,70,70,70,70,70,70,75,75,75,75,75,75,75,75,75,75,75,75,75,75,75,75,75,75,75,75,75,75,75,75,75,75,75,75,75,75],"card_choices":[{"not_picked":["Deadly Poison","Prepared"],"picked":"Footwork","floor":1},{"not_picked":["Underhanded Strike","Endless Agony","Prepared"],"picked":"SKIP","floor":3},{"not_picked":["Deadly Poison","Acrobatics"],"picked":"Dash","floor":7},{"not_picked":["Blade Dance","Outmaneuver","Underhanded Strike"],"picked":"SKIP","floor":8},{"not_picked":["Dagger Spray","Underhanded Strike","Choke"],"picked":"SKIP","floor":11},{"not_picked":["Dagger Spray","Underhanded Strike","Choke"],"picked":"SKIP","floor":11},{"not_picked":["Grand Finale","Bane","PiercingWail+1"],"picked":"SKIP","floor":12},{"not_picked":["Cloak And Dagger+1","Backflip+1"],"picked":"Blur+1","floor":14},{"not_picked":["Venomology+1","Phantasmal Killer+1"],"picked":"Burst+1","floor":16},{"not_picked":["Dagger Throw","Sucker Punch+1","Deadly Poison+1"],"picked":"SKIP","floor":18},{"not_picked":["Prepared+1","Finisher+1","Blade Dance+1"],"picked":"SKIP","floor":22},{"not_picked":["Riddle With Holes","Sucker Punch+1"],"picked":"Blur+1","floor":24},{"not_picked":["Blade Dance+1","Cloak And Dagger+1"],"picked":"Dash","floor":28},{"not_picked":["Masterful Stab","Catalyst+1","Choke"],"picked":"SKIP","floor":29},{"not_picked":["Heel Hook+1","Slice"],"picked":"Cloak And Dagger+1","floor":30},{"not_picked":["Die Die Die","Glass Knife"],"picked":"Corpse Explosion+1","floor":33},{"not_picked":["Deflect+1","Backflip+1","Outmaneuver+1"],"picked":"SKIP","floor":35},{"not_picked":["PiercingWail+1","Prepared+1","Deadly Poison+1"],"picked":"SKIP","floor":38},{"not_picked":["Choke+1","Backflip+1"],"picked":"After Image","floor":40}],"player_experience":361909,"relics_obtained":[{"floor":5,"key":"Tiny Chest"},{"floor":7,"key":"Anchor"},{"floor":9,"key":"Toxic Egg 2"},{"floor":11,"key":"Bottled Lightning"},{"floor":20,"key":"Bag of Preparation"},{"floor":24,"key":"Ice Cream"},{"floor":26,"key":"Ninja Scroll"},{"floor":31,"key":"Girya"},{"floor":31,"key":"Mercury Hourglass"},{"floor":39,"key":"Bottled Tornado"},{"floor":40,"key":"Lantern"}],"event_choices":[{"damage_healed":0,"gold_gain":0,"player_choice":"Rummage","damage_taken":0,"relics_obtained":["WarpedTongs"],"max_hp_gain":0,"max_hp_loss":0,"event_name":"Accursed Blacksmith","floor":2,"gold_loss":0,"cards_obtained":["Pain"]},{"damage_healed":0,"gold_gain":0,"player_choice":"Donut","damage_taken":0,"max_hp_gain":5,"max_hp_loss":0,"event_name":"Big Fish","floor":13,"gold_loss":0},{"damage_healed":0,"gold_gain":0,"player_choice":"Inject Mutagens","damage_taken":0,"relics_obtained":["MutagenicStrength"],"max_hp_gain":0,"max_hp_loss":0,"event_name":"Drug Dealer","floor":19,"gold_loss":0},{"damage_healed":0,"gold_gain":0,"player_choice":"Fight","damage_taken":0,"max_hp_gain":0,"max_hp_loss":0,"event_name":"Colosseum","floor":31,"gold_loss":0},{"damage_healed":0,"gold_gain":0,"player_choice":"Fought Nobs","damage_taken":0,"max_hp_gain":0,"max_hp_loss":0,"event_name":"Colosseum","floor":31,"gold_loss":0},{"damage_healed":0,"gold_gain":0,"player_choice":"Memory 1","damage_taken":0,"max_hp_gain":0,"max_hp_loss":0,"event_name":"SensoryStone","floor":36,"gold_loss":0},{"damage_healed":0,"gold_gain":0,"player_choice":"Took Portal","damage_taken":0,"max_hp_gain":0,"max_hp_loss":0,"event_name":"SecretPortal","floor":41,"gold_loss":0}],"is_beta":false,"boss_relics":[{"not_picked":["Tiny House","Empty Cage"],"picked":"Ring of the Serpent"},{"not_picked":["Snecko Eye","Astrolabe"],"picked":"Sozu"}],"items_purged_floors":[4,21,25,37],"is_endless":false,"potions_floor_spawned":[3,8,12,14,29,31,33,35],"ascension_level":2}