{"gold_per_floor":[110,185,134,134,134,161,161,173,198,239,277,4,16,35,35,134,134,144,160,0,0,0],"floor_reached":22,"playtime":828,"items_purged":[],"score":236,"play_id":"231d7d5f-73f5-401d-8379-0fb6d7c472fd","local_time":"20190826204512","is_ascension_mode":true,"campfire_choices":[{"floor":7,"key":"REST"},{"floor":15,"key":"REST"}],"neow_cost":"NONE","seed_source_timestamp":380670351729083,"circlet_count":0,"master_deck":["Strike_R","Strike_R","Strike_R","Strike_R","Defend_R","Defend_R+1","Defend_R+1","Defend_R","Bash","Twin Strike","Iron Wave","Shrug It Off","Inflame","Spot Weakness","Cleave","Headbutt","Limit Break","Shrug It Off"],"relics":["Burning Blood","War Paint","MawBank","PreservedInsect","Ancient Tea Set","Shuriken","Runic Cube"],"potions_floor_usage":[10,16,17,18],"damage_taken":[{"damage":6,"enemies":"2 Louse","floor":1,"turns":4},{"damage":36,"enemies":"Gremlin Nob","floor":6,"turns":5},{"damage":0,"enemies":"Jaw Worm","floor":8,"turns":4},{"damage":19,"enemies":"Lagavulin","floor":10,"turns":6},{"damage":1,"enemies":"Cultist","floor":13,"turns":3},{"damage":22,"enemies":"Gremlin Gang","floor":14,"turns":4},{"damage":4,"enemies":"Slime Boss","floor":16,"turns":8},{"damage":33,"enemies":"2 Thieves","floor":18,"turns":4},{"damage":26,"enemies":"Spheric Guardian","floor":19,"turns":6},{"damage":30,"enemies":"Snake Plant","floor":22,"turns":2}],"seed_played":"-4112237941987697342","potions_obtained":[{"floor":6,"key":"Fire Potion"},{"floor":10,"key":"SkillPotion"},{"floor":14,"key":"Energy Potion"},{"floor":16,"key":"Fruit Juice"}],"is_trial":false,"path_per_floor":["M","?","$","?","?","E","R","M","T","E","T","$","M","M","R","B",null,"M","M","?","?","M"],"character_chosen":"IRONCLAD","items_purchased":["Iron Wave","Shuriken","Spot Weakness"],"campfire_rested":2,"item_purchase_floors":[3,12,12],"current_hp_per_floor":[80,69,69,69,74,44,69,75,75,62,62,62,67,51,76,78,90,63,43,43,25,0],"gold":0,"neow_bonus":"REMOVE_CARD","is_prod":false,"is_daily":false,"chose_seed":false,"campfire_upgraded":0,"win_rate":0,"timestamp":1566866712,"path_taken":["M","?","$","?","?","E","R","M","T","E","?","?","?","?","R","BOSS","M","?","?","?","M"],"build_version":"2019-07-17","purchased_purges":0,"victory":false,"max_hp_per_floor":[80,80,80,80,85,85,85,85,85,85,85,85,85,85,85,85,90,90,90,90,95,95],"card_choices":[{"not_picked":["Headbutt","Heavy Blade"],"picked":"Twin Strike","floor":1},{"not_picked":["Dropkick","Seeing Red"],"picked":"Shrug It Off","floor":6},{"not_picked":["Flex","Thunderclap"],"picked":"Inflame","floor":8},{"not_picked":["Flex","Carnage","Warcry"],"picked":"SKIP","floor":10},{"not_picked":["Flex","Carnage","Warcry"],"picked":"SKIP","floor":10},{"not_picked":["Infernal Blade","Bloodletting"],"picked":"Cleave","floor":13},{"not_picked":["Barricade","Iron Wave"],"picked":"Headbutt","floor":14},{"not_picked":["Fiend Fire","Demon Form"],"picked":"Limit Break","floor":16},{"not_picked":["True Grit","Clash+1"],"picked":"Shrug It Off","floor":18},{"not_picked":["True Grit+1","Havoc","Perfected Strike"],"picked":"SKIP","floor":19}],"player_experience":169678,"relics_obtained":[{"floor":6,"key":"War Paint"},{"floor":9,"key":"MawBank"},{"floor":10,"key":"PreservedInsect"},{"floor":11,"key":"Ancient Tea Set"}],"event_choices":[{"damage_healed":0,"gold_gain":75,"player_choice":"Gather Gold","damage_taken":11,"max_hp_gain":0,"max_hp_loss":0,"event_name":"World of Goop","floor":2,"gold_loss":0},{"damage_healed":0,"gold_gain":0,"player_choice":"Ignored","damage_taken":0,"max_hp_gain":0,"max_hp_loss":0,"event_name":"Golden Wing","floor":4,"gold_loss":0},{"damage_healed":0,"gold_gain":0,"player_choice":"Donut","damage_taken":0,"max_hp_gain":5,"max_hp_loss":0,"event_name":"Big Fish","floor":5,"gold_loss":0},{"damage_healed":0,"gold_gain":0,"player_choice":"Paid Fearfully","damage_taken":0,"max_hp_gain":0,"max_hp_loss":0,"event_name":"Masked Bandits","floor":20,"gold_loss":160},{"damage_healed":0,"gold_gain":0,"player_choice":"Shed Blood","damage_taken":23,"max_hp_gain":5,"max_hp_loss":0,"event_name":"Forgotten Altar","floor":21,"gold_loss":0}],"is_beta":false,"boss_relics":[{"not_picked":["Ectoplasm","Runic Dome"],"picked":"Runic Cube"}],"items_purged_floors":[],"is_endless":false,"potions_floor_spawned":[6,10,14,16],"killed_by":"Snake Plant","ascension_level":2}