{"gold_per_floor":[216,71,246,321,337,350,350,361,361,361,361,379,390,401,401,501,501,521,350,369,381,381],"floor_reached":22,"playtime":1556,"items_purged":["Strike_G","Doubt"],"score":234,"play_id":"a3a836ac-50de-44fd-8cd0-cff2cc83d4af","local_time":"20190217202515","is_ascension_mode":true,"campfire_choices":[{"floor":7,"key":"REST"},{"data":"Caltrops","floor":10,"key":"SMITH"},{"floor":15,"key":"REST"}],"neow_cost":"NONE","seed_source_timestamp":424169927782597,"circlet_count":0,"master_deck":["Defend_G","Defend_G","Defend_G","Defend_G","Defend_G","Strike_G","Strike_G","Strike_G","Strike_G","Survivor","Neutralize","Cloak And Dagger","Well Laid Plans","Accuracy","Caltrops+1","Deadly Poison","After Image","Deadly Poison","After Image"],"relics":["Ring of the Snake","Tough Bandages","Bag of Marbles","WristBlade"],"potions_floor_usage":[13,13,16,16],"damage_taken":[{"damage":7,"enemies":"Jaw Worm","floor":1,"turns":8},{"damage":0,"enemies":"2 Louse","floor":5,"turns":3},{"damage":4,"enemies":"Cultist","floor":6,"turns":6},{"damage":15,"enemies":"Exordium Thugs","floor":8,"turns":8},{"damage":6,"enemies":"Red Slaver","floor":12,"turns":5},{"damage":30,"enemies":"Gremlin Gang","floor":13,"turns":4},{"damage":5,"enemies":"Lots of Slimes","floor":14,"turns":4},{"damage":12,"enemies":"Hexaghost","floor":16,"turns":11},{"damage":0,"enemies":"3 Byrds","floor":18,"turns":4},{"damage":13,"enemies":"Chosen","floor":20,"turns":6},{"damage":39,"enemies":"Centurion and Healer","floor":21,"turns":9},{"damage":11,"enemies":"Chosen and Byrds","floor":22,"turns":6}],"seed_played":"-5559450832610067211","potions_obtained":[{"floor":1,"key":"LiquidBronze"},{"floor":8,"key":"FearPotion"},{"floor":12,"key":"Explosive Potion"},{"floor":14,"key":"FearPotion"}],"is_trial":false,"path_per_floor":["M","$","?","?","M","M","R","M","T","R","T","M","M","M","R","B",null,"M","$","M","M","M"],"character_chosen":"THE_SILENT","items_purchased":["Well Laid Plans","After Image"],"campfire_rested":2,"item_purchase_floors":[2,19],"current_hp_per_floor":[56,56,56,49,49,45,66,51,51,51,51,45,15,10,31,19,57,57,57,44,5,0],"gold":381,"neow_bonus":"HUNDRED_GOLD","is_prod":false,"is_daily":false,"chose_seed":false,"campfire_upgraded":1,"win_rate":0,"timestamp":1550456715,"path_taken":["M","$","?","?","M","?","R","M","T","R","?","M","?","M","R","BOSS","M","$","?","?","M"],"build_version":"2019-01-23","purchased_purges":2,"victory":false,"max_hp_per_floor":[70,70,70,70,70,70,70,70,70,70,70,70,70,70,70,70,70,70,70,70,70,70],"card_choices":[{"not_picked":["Heel Hook","Quick Slash"],"picked":"Cloak And Dagger","floor":1},{"not_picked":["Slice","Masterful Stab"],"picked":"Accuracy","floor":5},{"not_picked":["Tactician","Flying Knee","Acrobatics"],"picked":"SKIP","floor":6},{"not_picked":["Escape Plan","Prepared"],"picked":"Caltrops","floor":8},{"not_picked":["Choke","Underhanded Strike","Flying Knee"],"picked":"SKIP","floor":12},{"not_picked":["Quick Slash","Storm of Steel"],"picked":"Deadly Poison","floor":13},{"not_picked":["Quick Slash","Sucker Punch","Slice"],"picked":"SKIP","floor":14},{"not_picked":["Phantasmal Killer","Unload"],"picked":"After Image","floor":16},{"not_picked":["Acrobatics","Deflect"],"picked":"Deadly Poison","floor":18},{"not_picked":["Acrobatics","Bane","Riddle With Holes"],"picked":"SKIP","floor":20},{"not_picked":["Eviscerate+1","Choke+1","PiercingWail"],"picked":"SKIP","floor":21}],"player_experience":1440133,"relics_obtained":[{"floor":9,"key":"Tough Bandages"},{"floor":11,"key":"Bag of Marbles"}],"event_choices":[{"damage_healed":0,"gold_gain":175,"player_choice":"AGREE","damage_taken":0,"max_hp_gain":0,"max_hp_loss":0,"event_name":"Liars Game","floor":3,"gold_loss":0,"cards_obtained":["Doubt"]},{"damage_healed":0,"gold_gain":75,"player_choice":"Touch","damage_taken":7,"max_hp_gain":0,"max_hp_loss":0,"event_name":"FaceTrader","floor":4,"gold_loss":0}],"is_beta":false,"boss_relics":[{"not_picked":["Tiny House","Lizard Tail"],"picked":"WristBlade"}],"items_purged_floors":[2,19],"is_endless":false,"potions_floor_spawned":[1,8,12,14],"killed_by":"Chosen and Byrds","ascension_level":6}