{"gold_per_floor":[116,116,130,80,5,5,21,21,21,37,52,52,52,127,127,127],"floor_reached":16,"playtime":423,"items_purged":["Strike_R"],"score":140,"play_id":"834517a7-1ba8-4446-96d6-49bd8f63bdc6","local_time":"20190803203036","is_ascension_mode":true,"campfire_choices":[{"data":"Body Slam","floor":6,"key":"SMITH"},{"data":"Defend_R","floor":8,"key":"SMITH"},{"floor":15,"key":"REST"}],"neow_cost":"NONE","seed_source_timestamp":71999564026400,"circlet_count":0,"master_deck":["AscendersBane","Strike_R","Strike_R","Strike_R","Strike_R","Defend_R","Defend_R","Defend_R","Defend_R+1","Body Slam+1"],"relics":["Burning Blood","NeowsBlessing","Boot","Bottled Flame","Letter Opener"],"potions_floor_usage":[16,16],"damage_taken":[{"damage":0,"enemies":"Small Slimes","floor":1,"turns":1},{"damage":0,"enemies":"Cultist","floor":3,"turns":1},{"damage":0,"enemies":"2 Louse","floor":7,"turns":1},{"damage":16,"enemies":"Blue Slaver","floor":10,"turns":4},{"damage":23,"enemies":"Large Slime","floor":11,"turns":9},{"damage":67,"enemies":"Hexaghost","floor":16,"turns":12}],"seed_played":"-1440680505121856773","potions_obtained":[{"floor":3,"key":"Swift Potion"},{"floor":7,"key":"FearPotion"},{"floor":10,"key":"Ancient Potion"}],"is_trial":false,"path_per_floor":["M","?","M","?","$","R","M","R","T","M","M","?","T","?","R","B"],"character_chosen":"IRONCLAD","items_purchased":[],"campfire_rested":1,"item_purchase_floors":[],"current_hp_per_floor":[78,78,80,80,80,80,80,80,80,70,53,53,53,42,66,0],"gold":127,"neow_bonus":"THREE_ENEMY_KILL","is_prod":false,"is_daily":false,"chose_seed":false,"campfire_upgraded":2,"win_rate":0,"timestamp":1564882236,"path_taken":["M","?","?","?","$","R","M","R","T","M","M","?","?","?","R","BOSS"],"build_version":"2019-07-17","purchased_purges":1,"victory":false,"max_hp_per_floor":[80,80,80,80,80,80,80,80,80,80,80,80,80,80,80,80],"card_choices":[{"not_picked":["Armaments","Corruption"],"picked":"Body Slam","floor":1},{"not_picked":["Heavy Blade","Clash","Evolve"],"picked":"SKIP","floor":3},{"not_picked":["Entrench","Wild Strike","Infernal Blade"],"picked":"SKIP","floor":7},{"not_picked":["Heavy Blade","Offering","Rage"],"picked":"SKIP","floor":10},{"not_picked":["Perfected Strike","Twin Strike","Fire Breathing"],"picked":"SKIP","floor":11}],"player_experience":2652328,"relics_obtained":[{"floor":2,"key":"Boot"},{"floor":9,"key":"Bottled Flame"},{"floor":13,"key":"Letter Opener"}],"event_choices":[{"damage_healed":0,"gold_gain":0,"player_choice":"Relic","damage_taken":0,"max_hp_gain":0,"max_hp_loss":0,"event_name":"Wheel of Change","floor":2,"gold_loss":0},{"cards_removed":["Bash"],"damage_healed":0,"gold_gain":0,"player_choice":"Card Removal","damage_taken":0,"max_hp_gain":0,"max_hp_loss":0,"event_name":"The Cleric","floor":4,"gold_loss":50},{"damage_healed":0,"gold_gain":0,"player_choice":"Ignored","damage_taken":0,"max_hp_gain":0,"max_hp_loss":0,"event_name":"Liars Game","floor":12,"gold_loss":0},{"damage_healed":0,"gold_gain":75,"player_choice":"Gather Gold","damage_taken":11,"max_hp_gain":0,"max_hp_loss":0,"event_name":"World of Goop","floor":14,"gold_loss":0}],"is_beta":false,"boss_relics":[],"items_purged_floors":[5],"is_endless":false,"potions_floor_spawned":[3,7,10,11],"killed_by":"Hexaghost","ascension_level":11}