{"gold_per_floor":[118,118,138,138,153,153,123,144,144,144,169,169,192,45,45,45],"floor_reached":16,"playtime":9416,"items_purged":[],"score":138,"play_id":"33981fb7-8b82-44b1-8e75-0eff2617b2a0","local_time":"20190727112315","is_ascension_mode":true,"campfire_choices":[{"floor":6,"key":"REST"},{"floor":10,"key":"REST"},{"floor":15,"key":"REST"}],"neow_cost":"NONE","seed_source_timestamp":1326631655972865,"circlet_count":0,"master_deck":["AscendersBane","Strike_B","Strike_B","Strike_B","Defend_B","Defend_B","Defend_B","Defend_B","Zap","BootSequence","Loop"],"relics":["Cracked Core","NeowsBlessing","Golden Idol","Meat on the Bone","Anchor"],"potions_floor_usage":[16,16,16],"damage_taken":[{"damage":0,"enemies":"Small Slimes","floor":1,"turns":1},{"damage":0,"enemies":"2 Louse","floor":3,"turns":2},{"damage":0,"enemies":"Cultist","floor":5,"turns":1},{"damage":6,"enemies":"Looter","floor":7,"turns":4},{"damage":12,"enemies":"Large Slime","floor":8,"turns":8},{"damage":10,"enemies":"Gremlin Gang","floor":11,"turns":7},{"damage":11,"enemies":"Red Slaver","floor":13,"turns":5},{"damage":73,"enemies":"Hexaghost","floor":16,"turns":14}],"seed_played":"-4108641346590934278","potions_obtained":[{"floor":1,"key":"SkillPotion"},{"floor":3,"key":"SpeedPotion"},{"floor":11,"key":"SpeedPotion"}],"is_trial":false,"path_per_floor":["M","?","M","?","M","R","M","M","T","R","M","?","M","$","R","B"],"character_chosen":"DEFECT","items_purchased":["Anchor"],"campfire_rested":3,"item_purchase_floors":[14],"current_hp_per_floor":[68,50,50,43,43,65,59,47,47,69,59,59,48,48,70,0],"gold":45,"neow_bonus":"THREE_ENEMY_KILL","is_prod":false,"is_daily":false,"chose_seed":false,"campfire_upgraded":0,"win_rate":0,"timestamp":1564244595,"path_taken":["M","?","M","?","M","R","M","M","T","R","M","?","M","$","R","BOSS"],"build_version":"2019-07-17","purchased_purges":0,"victory":false,"max_hp_per_floor":[75,75,75,75,75,75,75,75,75,75,75,75,75,75,75,75],"card_choices":[{"not_picked":["Rebound","Stack","Turbo"],"picked":"SKIP","floor":1},{"not_picked":["Turbo","Reprogram","Sweeping Beam"],"picked":"SKIP","floor":3},{"not_picked":["Compile Driver","Go for the Eyes"],"picked":"BootSequence","floor":5},{"not_picked":["Turbo","Gash","Ball Lightning"],"picked":"SKIP","floor":7},{"not_picked":["Leap","Compile Driver","Skim"],"picked":"SKIP","floor":8},{"not_picked":["Cold Snap","Capacitor"],"picked":"Loop","floor":11},{"not_picked":["Aggregate","Skim","Hello World"],"picked":"SKIP","floor":13}],"player_experience":2513202,"relics_obtained":[{"floor":9,"key":"Meat on the Bone"}],"event_choices":[{"damage_healed":0,"gold_gain":0,"player_choice":"Take Damage","damage_taken":18,"relics_obtained":["Golden Idol"],"max_hp_gain":0,"max_hp_loss":0,"event_name":"Golden Idol","floor":2,"gold_loss":0},{"cards_removed":["Dualcast"],"damage_healed":0,"gold_gain":0,"player_choice":"Card Removal","damage_taken":7,"max_hp_gain":0,"max_hp_loss":0,"event_name":"Golden Wing","floor":4,"gold_loss":0},{"cards_removed":["Strike_B"],"damage_healed":0,"gold_gain":0,"player_choice":"Purged","damage_taken":0,"max_hp_gain":0,"max_hp_loss":0,"event_name":"Purifier","floor":12,"gold_loss":0}],"is_beta":false,"boss_relics":[],"items_purged_floors":[],"is_endless":false,"potions_floor_spawned":[1,3,11],"killed_by":"Hexaghost","ascension_level":10}