{"path_per_floor":["M","?","?","M","M","R","M","E","T","R","M","R","M","?","R","B",null,"M","?","M","?","M","R","E","?","T","R","$","R","$","$","R","B",null,"M","M"],"character_chosen":"IRONCLAD","items_purchased":["Mind Blast","Pummel"],"gold_per_floor":[118,118,118,128,146,146,160,191,191,191,207,207,225,225,225,322,322,262,262,274,274,287,287,319,519,568,568,493,493,352,352,352,454,454,467,484],"floor_reached":37,"campfire_rested":5,"playtime":3194,"current_hp_per_floor":[80,80,80,80,80,80,63,23,23,47,53,53,54,47,71,53,80,80,65,45,45,40,65,7,7,7,47,47,47,47,47,85,32,85,39,24],"items_purged":["Regret"],"gold":484,"play_id":"7c5dab3b-6194-4731-9ceb-1b2f874fec60","is_prod":false,"is_daily":false,"campfire_rituals":0,"campfire_upgraded":3,"is_hardmode":false,"path_taken":["M","?","?","M","M","R","M","E","T","R","?","R","M","?","R","BOSS","M","?","?","?","M","R","E","?","T","R","$","R","?","$","R","BOSS","M","M","M"],"build_version":"2018-01-04-PROD1","purchased_purges":1,"victory":false,"master_deck":["Strike_R","Strike_R","Strike_R","Strike_R","Strike_R","Defend_R","Defend_R","Defend_R","Defend_R","Bash","Flame Barrier","Armaments","Infernal Blade","Clash","Anger","Twin Strike","Intimidate","Barricade","Clash","Reaper","Flex","Intimidate","Mind Blast","Pummel","Double Tap","Injury","Parasite","Injury","Shrug It Off"],"max_hp_per_floor":[80,80,80,80,80,80,80,80,80,80,80,80,80,80,80,80,80,80,85,85,85,85,85,85,85,85,85,85,85,85,85,85,85,85,85,85],"relics":["Burning Blood","NeowsBlessing","Paper Frog","Gremlin Horn","Orichalcum","Happy Flower","Mark of Pain","Kunai","Regal Pillow","Calling Bell","Vajra","War Paint","Blood Vial"],"campfire_meditates":0,"card_choices":[{"not_picked":["Headbutt","Fire Breathing"],"picked":"Flame Barrier"},{"not_picked":["Second Wind","Reckless Charge"],"picked":"Armaments"},{"not_picked":["Headbutt","Second Wind"],"picked":"Infernal Blade"},{"not_picked":["Wild Strike","Thunderclap"],"picked":"Clash"},{"not_picked":["Rage","Battle Trance"],"picked":"Anger"},{"not_picked":["Flame Barrier","Clash"],"picked":"Twin Strike"},{"not_picked":["Flame Barrier","True Grit"],"picked":"Intimidate"},{"not_picked":["Immolate","Brutality"],"picked":"Barricade"},{"not_picked":["Warcry","Wild Strike"],"picked":"Clash"},{"not_picked":["Combust","Iron Wave"],"picked":"Reaper"},{"not_picked":["True Grit","Thunderclap"],"picked":"Flex"},{"not_picked":["Wild Strike","Thunderclap"],"picked":"Intimidate"},{"not_picked":["Berserk","Fiend Fire"],"picked":"Double Tap"},{"not_picked":["Pummel","Iron Wave"],"picked":"Shrug It Off"}],"player_experience":28897,"potions_floor_usage":[8,16,22,24,33,37],"damage_taken":[{"damage":0,"enemies":"Jaw Worm","floor":1,"turns":1},{"damage":0,"enemies":"Blue Slaver","floor":4,"turns":1},{"damage":0,"enemies":"2 Louse","floor":5,"turns":1},{"damage":23,"enemies":"Exordium Wildlife","floor":7,"turns":9},{"damage":46,"enemies":"3 Sentries","floor":8,"turns":8},{"damage":0,"enemies":"Looter","floor":11,"turns":2},{"damage":5,"enemies":"Red Slaver","floor":13,"turns":3},{"damage":24,"enemies":"The Guardian","floor":16,"turns":12},{"damage":5,"enemies":"2 Thieves","floor":18,"turns":4},{"damage":26,"enemies":"3 Byrds","floor":20,"turns":5},{"damage":18,"enemies":"Snecko","floor":22,"turns":6},{"damage":72,"enemies":"Slavers","floor":24,"turns":7},{"damage":69,"enemies":"Automaton","floor":33,"turns":14},{"damage":55,"enemies":"3 Darklings","floor":35,"turns":11},{"damage":23,"enemies":"3 Shapes","floor":36,"turns":5},{"damage":54,"enemies":"Maw","floor":37,"turns":9}],"event_choices":[{"event_name":"The Cleric","player_choice":"Leave","floor":2,"damage_taken":0},{"event_name":"Big Fish","player_choice":"Box","floor":3,"damage_taken":0},{"event_name":"Scrap Ooze","player_choice":"success","floor":14,"damage_taken":7},{"event_name":"Forgotten Altar","player_choice":"Shed Blood","floor":19,"damage_taken":0},{"event_name":"Vampires","player_choice":"Ignored","floor":21,"damage_taken":0},{"event_name":"The Joust","player_choice":"Bet on Owner","floor":25,"damage_taken":0}],"boss_relics":[{"not_picked":["Tiny House","Snecko Eye"],"picked":"Mark of Pain"},{"not_picked":["Cursed Key","Sozu"],"picked":"Calling Bell"}],"potions_floor_spawned":[1,5,7,13,20,33],"seed_played":"6348938985623214857","killed_by":"Maw","is_trial":false}