{"gold_per_floor":[116,191,191,191,204,231,231,244,267,217,73,103,103,116,116,214,264,278,298,310,310,328,328,342,355,355,355],"floor_reached":27,"playtime":2205,"items_purged":[],"score":225,"play_id":"c09cf1d7-efca-4f7b-8791-98ee7ab1d194","local_time":"20190829132822","is_ascension_mode":false,"campfire_choices":[{"data":"Cleave","floor":7,"key":"SMITH"},{"floor":15,"key":"REST"},{"floor":23,"key":"REST"}],"neow_cost":"NONE","seed_source_timestamp":9955512758800,"circlet_count":0,"master_deck":["Strike_R","Strike_R","Strike_R","Defend_R","Defend_R","Defend_R","Bash","Cleave+1","Iron Wave+1","Flame Barrier","Headbutt","Entrench","Headbutt","Demon Form","Seeing Red","Cleave","Headbutt+1","Juggernaut"],"relics":["Burning Blood","Ancient Tea Set","Blood Vial","Vajra","Shuriken","Tiny House","Pantograph"],"potions_floor_usage":[16,25,25],"damage_taken":[{"damage":7,"enemies":"Cultist","floor":1,"turns":5},{"damage":11,"enemies":"Jaw Worm","floor":5,"turns":3},{"damage":31,"enemies":"3 Sentries","floor":6,"turns":10},{"damage":0,"enemies":"Small Slimes","floor":8,"turns":2},{"damage":31,"enemies":"Lagavulin","floor":12,"turns":7},{"damage":1,"enemies":"Exordium Thugs","floor":14,"turns":4},{"damage":54,"enemies":"The Guardian","floor":16,"turns":14},{"damage":0,"enemies":"3 Byrds","floor":18,"turns":4},{"damage":19,"enemies":"Shell Parasite","floor":19,"turns":9},{"damage":10,"enemies":"Snecko","floor":20,"turns":5},{"damage":42,"enemies":"Centurion and Healer","floor":22,"turns":10},{"damage":25,"enemies":"Shelled Parasite and Fungi","floor":24,"turns":8},{"damage":19,"enemies":"Cultist and Chosen","floor":25,"turns":6},{"damage":21,"enemies":"Snake Plant","floor":27,"turns":3}],"seed_played":"7264553159589610360","potions_obtained":[{"floor":1,"key":"Regen Potion"},{"floor":5,"key":"Strength Potion"},{"floor":14,"key":"SpeedPotion"},{"floor":17,"key":"Strength Potion"},{"floor":20,"key":"FearPotion"}],"is_trial":false,"path_per_floor":["M","?","?","?","M","E","R","M","T","?","$","E","?","M","R","B",null,"M","M","M","?","M","R","M","M","T","M"],"character_chosen":"IRONCLAD","items_purchased":["Vajra"],"campfire_rested":2,"item_purchase_floors":[11],"current_hp_per_floor":[79,68,68,68,63,38,38,44,44,44,44,21,21,28,52,21,85,85,72,70,54,20,47,30,19,19,0],"gold":355,"neow_bonus":"THREE_CARDS","is_prod":false,"is_daily":false,"chose_seed":false,"campfire_upgraded":1,"win_rate":0.0,"timestamp":1567078102,"path_taken":["M","?","?","?","?","E","R","M","T","?","$","E","?","M","R","BOSS","M","M","?","?","M","R","M","M","T","M"],"build_version":"2019-07-17","purchased_purges":0,"victory":false,"max_hp_per_floor":[80,80,80,80,80,80,80,80,80,80,80,80,80,80,80,80,85,85,85,85,90,90,90,90,90,90,90],"card_choices":[{"not_picked":["Intimidate","Battle Trance"],"picked":"Cleave","floor":0},{"not_picked":["Reckless Charge","Clash"],"picked":"Iron Wave","floor":1},{"not_picked":["Perfected Strike","Pommel Strike"],"picked":"Flame Barrier","floor":5},{"not_picked":["Spot Weakness","Iron Wave","Rupture"],"picked":"SKIP","floor":6},{"not_picked":["Perfected Strike","Flame Barrier","Body Slam"],"picked":"SKIP","floor":8},{"not_picked":["Shrug It Off","Clash"],"picked":"Headbutt","floor":12},{"not_picked":["Twin Strike","Corruption"],"picked":"Headbutt","floor":14},{"not_picked":["Impervious","Double Tap"],"picked":"Demon Form","floor":16},{"not_picked":["Rage","Flame Barrier"],"picked":"Seeing Red","floor":17},{"not_picked":["Shrug It Off+1","Ghostly Armor"],"picked":"Cleave","floor":18},{"not_picked":["True Grit","Dropkick","Second Wind"],"picked":"SKIP","floor":19},{"not_picked":["Power Through","Headbutt","Sever Soul"],"picked":"SKIP","floor":20},{"not_picked":["True Grit+1","Anger"],"picked":"Headbutt+1","floor":22},{"not_picked":["Clash","Ghostly Armor+1","Perfected Strike"],"picked":"SKIP","floor":24},{"not_picked":["Hemokinesis","Heavy Blade"],"picked":"Juggernaut","floor":25}],"player_experience":18275,"relics_obtained":[{"floor":6,"key":"Ancient Tea Set"},{"floor":9,"key":"Blood Vial"},{"floor":12,"key":"Shuriken"},{"floor":26,"key":"Pantograph"}],"event_choices":[{"damage_healed":0,"gold_gain":75,"player_choice":"Gather Gold","damage_taken":11,"max_hp_gain":0,"max_hp_loss":0,"event_name":"World of Goop","floor":2,"gold_loss":0},{"damage_healed":0,"gold_gain":0,"player_choice":"Ignored","damage_taken":0,"max_hp_gain":0,"max_hp_loss":0,"event_name":"Liars Game","floor":3,"gold_loss":0},{"cards_removed":["Defend_R"],"damage_healed":0,"gold_gain":0,"player_choice":"Purged","damage_taken":0,"max_hp_gain":0,"max_hp_loss":0,"event_name":"Purifier","floor":4,"gold_loss":0},{"cards_removed":["Strike_R"],"damage_healed":0,"gold_gain":0,"player_choice":"Card Removal","damage_taken":0,"max_hp_gain":0,"max_hp_loss":0,"event_name":"The Cleric","floor":10,"gold_loss":50},{"damage_healed":0,"gold_gain":0,"cards_transformed":["Strike_R"],"player_choice":"Transformed","damage_taken":0,"max_hp_gain":0,"max_hp_loss":0,"event_name":"Transmorgrifier","floor":13,"gold_loss":0,"cards_obtained":["Entrench"]},{"damage_healed":0,"gold_gain":0,"player_choice":"Shed Blood","damage_taken":21,"max_hp_gain":5,"max_hp_loss":0,"event_name":"Forgotten Altar","floor":21,"gold_loss":0}],"is_beta":false,"boss_relics":[{"not_picked":["Mark of Pain","Empty Cage"],"picked":"Tiny House"}],"items_purged_floors":[],"is_endless":false,"potions_floor_spawned":[1,5,14,20,22],"killed_by":"Snake Plant","ascension_level":0}