{"gold_per_floor":[112,112,112,37,54,54,65,80,80,0,0,0,11,22,22,22],"floor_reached":16,"playtime":805,"items_purged":["Strike_B"],"score":124,"play_id":"d6c61dca-20d7-46b9-9d21-11e7f6d83bb0","local_time":"20190305212319","is_ascension_mode":true,"campfire_choices":[{"floor":6,"key":"REST"},{"floor":11,"key":"REST"},{"floor":15,"key":"REST"}],"neow_cost":"PERCENT_DAMAGE","seed_source_timestamp":199198279741382,"circlet_count":0,"master_deck":["Strike_B","Strike_B","Defend_B+1","Defend_B","Defend_B","Defend_B","Zap","Jack Of All Trades+1","Forethought","Reinforced Body","Loop","Defragment"],"relics":["Cracked Core","Sundial"],"potions_floor_usage":[16,16,16],"damage_taken":[{"damage":4,"enemies":"Small Slimes","floor":1,"turns":5},{"damage":9,"enemies":"Jaw Worm","floor":5,"turns":5},{"damage":4,"enemies":"2 Louse","floor":7,"turns":4},{"damage":6,"enemies":"Exordium Wildlife","floor":8,"turns":5},{"damage":31,"enemies":"Gremlin Gang","floor":13,"turns":7},{"damage":12,"enemies":"3 Louse","floor":14,"turns":4},{"damage":30,"enemies":"Slime Boss","floor":16,"turns":3}],"seed_played":"-3475502622269219064","potions_obtained":[{"floor":1,"key":"GamblersBrew"},{"floor":7,"key":"Ancient Potion"},{"floor":8,"key":"PowerPotion"},{"floor":14,"key":"LiquidBronze"}],"is_trial":false,"path_per_floor":["M","?","?","$","M","R","M","M","T","$","R","?","M","M","R","B"],"character_chosen":"DEFECT","items_purchased":["Defragment"],"campfire_rested":3,"item_purchase_floors":[10],"current_hp_per_floor":[46,39,39,39,30,52,48,42,42,42,64,49,18,6,28,0],"gold":22,"neow_bonus":"RANDOM_COLORLESS_2","is_prod":false,"is_daily":false,"chose_seed":false,"campfire_upgraded":0,"win_rate":0,"timestamp":1551842599,"path_taken":["M","?","?","$","M","R","M","M","T","?","R","?","?","M","R","BOSS"],"build_version":"2019-01-23","purchased_purges":1,"victory":false,"max_hp_per_floor":[75,75,75,75,75,75,75,75,75,75,75,75,75,75,75,75],"card_choices":[{"not_picked":["Aggregate","Ball Lightning","Barrage"],"picked":"SKIP","floor":1},{"not_picked":["Hello World","Undo","Static Discharge"],"picked":"SKIP","floor":5},{"not_picked":["Conserve Battery","Lockon"],"picked":"Reinforced Body","floor":7},{"not_picked":["White Noise","Conserve Battery"],"picked":"Loop","floor":8},{"not_picked":["Hello World","Hologram","Leap"],"picked":"SKIP","floor":13},{"not_picked":["Stack","Doom and Gloom","Chaos"],"picked":"SKIP","floor":14}],"player_experience":1589873,"relics_obtained":[{"floor":9,"key":"Sundial"}],"event_choices":[{"cards_removed":["Dualcast"],"damage_healed":0,"gold_gain":0,"player_choice":"Card Removal","damage_taken":7,"max_hp_gain":0,"max_hp_loss":0,"event_name":"Golden Wing","floor":2,"gold_loss":0},{"cards_removed":["Strike_B"],"damage_healed":0,"gold_gain":0,"player_choice":"Forget","damage_taken":0,"max_hp_gain":0,"max_hp_loss":0,"event_name":"Living Wall","floor":3,"gold_loss":0},{"damage_healed":0,"gold_gain":0,"player_choice":"Entered Light","damage_taken":15,"max_hp_gain":0,"max_hp_loss":0,"event_name":"Shining Light","floor":12,"gold_loss":0,"cards_upgraded":["Jack Of All Trades","Defend_B"]}],"is_beta":false,"boss_relics":[],"items_purged_floors":[4],"is_endless":false,"potions_floor_spawned":[1,7,8,14],"killed_by":"Slime Boss","ascension_level":7}