{"path_per_floor":["M","M","?","?","M","E","R","M","T","M","$","?","$","M","R","B",null,"M","?","?","$","M"],"character_chosen":"IRONCLAD","items_purchased":["Kunai","Heavy Blade","Panache"],"gold_per_floor":[119,134,234,234,247,282,282,299,369,389,129,129,79,92,92,189,219,233,233,233,11,22],"floor_reached":23,"campfire_rested":0,"playtime":2058,"current_hp_per_floor":[83,85,85,85,90,66,66,76,76,83,83,83,83,64,64,50,107,68,68,68,68,66],"items_purged":["Strike_R"],"gold":22,"play_id":"fe34072a-6529-4644-816b-19e60adcaca8","is_prod":false,"is_daily":false,"campfire_rituals":0,"campfire_upgraded":2,"is_hardmode":false,"path_taken":["M","M","?","?","M","E","R","M","T","?","$","?","$","M","R","BOSS","M","?","?","?","?","E"],"build_version":"2018-01-04-PROD1","purchased_purges":2,"victory":false,"master_deck":["Strike_R","Strike_R","Strike_R","Defend_R","Defend_R","Defend_R","Defend_R","Bash","Feed","Iron Wave","Headbutt","Anger","Intimidate","Body Slam","Disarm","Seeing Red","Demon Form","Whirlwind","Shrug It Off","Heavy Blade","Panache","Iron Wave"],"max_hp_per_floor":[83,86,86,86,90,90,90,94,94,98,98,98,98,102,102,102,107,111,111,111,111,111],"relics":["Burning Blood","Centennial Puzzle","Smiling Mask","Kunai","Tiny House"],"campfire_meditates":0,"card_choices":[{"not_picked":["Sword Boomerang","Thunderclap"],"picked":"Iron Wave"},{"not_picked":["Wild Strike","Warcry"],"picked":"Headbutt"},{"not_picked":["Blood for Blood","Burning Pact"],"picked":"Anger"},{"not_picked":["Combust","Anger"],"picked":"Intimidate"},{"not_picked":["Sever Soul","Second Wind"],"picked":"Body Slam"},{"not_picked":["Burning Pact","Rupture"],"picked":"Disarm"},{"not_picked":["Disarm","Anger"],"picked":"Seeing Red"},{"not_picked":["Juggernaut","Offering"],"picked":"Demon Form"},{"not_picked":["Headbutt","Thunderclap"],"picked":"Whirlwind"},{"not_picked":["Headbutt","Hemokinesis"],"picked":"Shrug It Off"},{"not_picked":["Intimidate","Bloodletting"],"picked":"Iron Wave"}],"player_experience":46797,"potions_floor_usage":[6,16,18,18,23],"damage_taken":[{"damage":5,"enemies":"Jaw Worm","floor":1,"turns":4},{"damage":7,"enemies":"Cultist","floor":2,"turns":5},{"damage":5,"enemies":"2 Louse","floor":5,"turns":3},{"damage":45,"enemies":"Lagavulin","floor":6,"turns":8},{"damage":0,"enemies":"Gremlin Gang","floor":8,"turns":5},{"damage":3,"enemies":"Lots of Slimes","floor":10,"turns":4},{"damage":29,"enemies":"Large Slime","floor":14,"turns":6},{"damage":20,"enemies":"Hexaghost","floor":16,"turns":14},{"damage":49,"enemies":"Spheric Guardian","floor":18,"turns":8},{"damage":8,"enemies":"Chosen","floor":22,"turns":5},{"damage":66,"enemies":"Book of Stabbing","floor":23,"turns":8}],"event_choices":[{"event_name":"Golden Shrine","player_choice":"Pray","floor":3,"damage_taken":0},{"event_name":"Living Wall","player_choice":"Grow","floor":4,"damage_taken":0},{"event_name":"Liars Game","player_choice":"disagreed","floor":12,"damage_taken":0},{"event_name":"Bonfire Elementals","player_choice":"ATTACK","floor":19,"damage_taken":0},{"event_name":"Vampires","player_choice":"Ignored","floor":20,"damage_taken":0}],"boss_relics":[{"not_picked":["Runic Dome","Philosopher\u0027s Stone"],"picked":"Tiny House"}],"potions_floor_spawned":[2,5,8,10,16,22],"seed_played":"-8429792744517154996","killed_by":"Book of Stabbing","is_trial":false}