{"gold_per_floor":[112,37,37,37,52,52,65,98,123,123,134,134,98,113,113,233,233,254,164,183,196,210,243,243,287,287,20,43,43,43,43,43,169,169,184,200,200,200,225,225,259,259,259,278,278,299,299,345,345,345,345,345,16,51,51],"floor_reached":55,"playtime":3610,"items_purged":["Strike_G","Strike_G"],"score":1278,"play_id":"4a7b39a7-9ba0-412e-882d-9375ec2d0385","local_time":"20190717210326","is_ascension_mode":true,"campfire_choices":[{"floor":6,"key":"REST"},{"floor":15,"key":"REST"},{"floor":24,"key":"REST"},{"floor":30,"key":"REST"},{"floor":32,"key":"RECALL"},{"floor":40,"key":"REST"},{"floor":45,"key":"REST"},{"floor":47,"key":"REST"},{"floor":49,"key":"REST"},{"floor":52,"key":"REST"}],"neow_cost":"NONE","seed_source_timestamp":503335413288312,"circlet_count":0,"master_deck":["AscendersBane","Defend_G+1","Defend_G+1","Defend_G+1","Defend_G+1","Defend_G+1","Survivor+1","Neutralize","Bullet Time","After Image","Bouncing Flask","Burst","Choke","Apotheosis","Footwork+1","Corpse Explosion","Blur+1","Dramatic Entrance+1","The Bomb"],"relics":["Snecko Eye","Anchor","Snake Skull","Golden Idol","Sozu","Ninja Scroll","Lantern","War Paint","MutagenicStrength","Fusion Hammer","Strawberry","Mercury Hourglass","Juzu Bracelet","Bronze Scales","Happy Flower"],"potions_floor_usage":[8,16,16,33],"damage_taken":[{"damage":0,"enemies":"Cultist","floor":1,"turns":5},{"damage":0,"enemies":"2 Louse","floor":5,"turns":6},{"damage":0,"enemies":"Small Slimes","floor":7,"turns":3},{"damage":51,"enemies":"Lagavulin","floor":8,"turns":17},{"damage":0,"enemies":"Gremlin Gang","floor":11,"turns":9},{"damage":0,"enemies":"Looter","floor":14,"turns":3},{"damage":0,"enemies":"Hexaghost","floor":16,"turns":8},{"damage":0,"enemies":"Chosen","floor":18,"turns":4},{"damage":0,"enemies":"2 Thieves","floor":20,"turns":5},{"damage":15,"enemies":"Cultist and Chosen","floor":21,"turns":7},{"damage":4,"enemies":"Snake Plant","floor":22,"turns":8},{"damage":0,"enemies":"Book of Stabbing","floor":23,"turns":6},{"damage":13,"enemies":"Gremlin Leader","floor":25,"turns":7},{"damage":0,"enemies":"Centurion and Healer","floor":28,"turns":5},{"damage":0,"enemies":"Champ","floor":33,"turns":7},{"damage":0,"enemies":"Orb Walker","floor":35,"turns":3},{"damage":0,"enemies":"3 Darklings","floor":36,"turns":2},{"damage":44,"enemies":"Jaw Worm Horde","floor":39,"turns":3},{"damage":5,"enemies":"Giant Head","floor":41,"turns":8},{"damage":6,"enemies":"Spire Growth","floor":44,"turns":4},{"damage":0,"enemies":"3 Darklings","floor":46,"turns":2},{"damage":5,"enemies":"Awakened One","floor":50,"turns":11},{"damage":55,"enemies":"Shield and Spear","floor":54,"turns":6},{"damage":51,"enemies":"The Heart","floor":55,"turns":2}],"seed_played":"6428313564697227950","potions_obtained":[{"floor":7,"key":"Energy Potion"},{"floor":8,"key":"FearPotion"},{"floor":11,"key":"FearPotion"},{"floor":14,"key":"Dexterity Potion"}],"is_trial":false,"path_per_floor":["M","$","?","?","M","R","M","E","T","?","M","?","$","M","R","B",null,"M","?","M","M","M","E","R","E","T","$","M","?","R","?","R","B",null,"M","M","?","?","M","R","E","T","T","M","R","M","R","T","R","B",null,"R","$","E","B"],"character_chosen":"THE_SILENT","items_purchased":["Bouncing Flask","Apotheosis","The Bomb","Bronze Scales"],"campfire_rested":9,"item_purchase_floors":[13,27,53,53],"current_hp_per_floor":[63,63,49,49,49,70,70,19,19,19,19,2,2,2,23,23,58,58,58,58,43,39,39,60,47,47,47,47,47,68,68,68,68,70,70,70,70,70,26,47,49,49,49,43,66,66,77,77,77,72,76,77,77,22,0],"gold":51,"neow_bonus":"BOSS_RELIC","is_prod":false,"is_daily":false,"chose_seed":false,"campfire_upgraded":0,"win_rate":0,"timestamp":1563415406,"path_taken":["M","?","?","?","M","R","?","E","T","?","?","?","?","M","R","BOSS","M","?","?","M","?","E","R","E","T","$","M","?","R","?","R","BOSS","M","?","?","?","?","R","E","?","T","M","R","M","R","?","R","BOSS","R","$","E","BOSS"],"build_version":"2019-07-17","purchased_purges":2,"victory":false,"max_hp_per_floor":[70,70,70,70,70,70,70,70,70,70,70,70,70,70,70,70,70,70,70,70,70,70,70,70,70,70,70,70,70,70,70,70,70,70,70,70,70,70,70,70,77,77,77,77,77,77,77,77,77,77,77,77,77,77,77],"card_choices":[{"not_picked":["Flying Knee","Poisoned Stab","Distraction"],"picked":"SKIP","floor":1},{"not_picked":["Dagger Throw","Bane","Dodge and Roll"],"picked":"SKIP","floor":5},{"not_picked":["Deflect","Outmaneuver","Acrobatics"],"picked":"SKIP","floor":7},{"not_picked":["Setup","Distraction"],"picked":"After Image","floor":8},{"not_picked":["Outmaneuver","Riddle With Holes","Setup"],"picked":"SKIP","floor":11},{"not_picked":["Predator","Prepared","Dodge and Roll"],"picked":"SKIP","floor":14},{"not_picked":["Grand Finale","Glass Knife"],"picked":"Burst","floor":16},{"not_picked":["Quick Slash","Well Laid Plans","Sucker Punch"],"picked":"SKIP","floor":18},{"not_picked":["Outmaneuver+1","Bane","Prepared"],"picked":"SKIP","floor":20},{"not_picked":["Riddle With Holes","Dodge and Roll+1","Wraith Form v2"],"picked":"SKIP","floor":21},{"not_picked":["Dagger Throw","Poisoned Stab"],"picked":"Choke","floor":22},{"not_picked":["Deflect","Flying Knee","Blade Dance+1"],"picked":"SKIP","floor":23},{"not_picked":["Backstab+1","Dodge and Roll","Escape Plan"],"picked":"SKIP","floor":25},{"not_picked":["Crippling Poison+1","Quick Slash"],"picked":"Footwork+1","floor":28},{"not_picked":["Bullet Time","Phantasmal Killer"],"picked":"Corpse Explosion","floor":33},{"not_picked":["Quick Slash+1","Underhanded Strike"],"picked":"Blur+1","floor":35},{"not_picked":["PiercingWail","Flying Knee","Bane"],"picked":"SKIP","floor":36},{"not_picked":["Good Instincts","Deep Breath"],"picked":"Dramatic Entrance","floor":37},{"not_picked":["Underhanded Strike+1","PiercingWail+1","Cloak And Dagger+1"],"picked":"SKIP","floor":39},{"not_picked":["Blade Dance","Outmaneuver+1","Distraction+1"],"picked":"SKIP","floor":41},{"not_picked":["Underhanded Strike","PiercingWail+1","Prepared+1"],"picked":"SKIP","floor":44},{"not_picked":["Outmaneuver+1","Dagger Spray+1","Deadly Poison+1"],"picked":"SKIP","floor":46},{"not_picked":["Choke+1","Poisoned Stab+1","Flechettes"],"picked":"SKIP","floor":54}],"player_experience":2384065,"relics_obtained":[{"floor":8,"key":"Anchor"},{"floor":9,"key":"Snake Skull"},{"floor":23,"key":"Ninja Scroll"},{"floor":25,"key":"Lantern"},{"floor":26,"key":"War Paint"},{"floor":41,"key":"Strawberry"},{"floor":43,"key":"Mercury Hourglass"},{"floor":48,"key":"Juzu Bracelet"},{"floor":54,"key":"Happy Flower"}],"event_choices":[{"damage_healed":0,"gold_gain":0,"player_choice":"Entered Light","damage_taken":14,"max_hp_gain":0,"max_hp_loss":0,"event_name":"Shining Light","floor":3,"gold_loss":0,"cards_upgraded":["Survivor","Defend_G"]},{"damage_healed":0,"gold_gain":0,"cards_transformed":["Strike_G"],"player_choice":"Transformed","damage_taken":0,"max_hp_gain":0,"max_hp_loss":0,"event_name":"Transmorgrifier","floor":4,"gold_loss":0,"cards_obtained":["Bullet Time"]},{"cards_removed":["Strike_G"],"damage_healed":0,"gold_gain":0,"player_choice":"Purged","damage_taken":0,"max_hp_gain":0,"max_hp_loss":0,"event_name":"Purifier","floor":10,"gold_loss":0},{"damage_healed":0,"gold_gain":0,"player_choice":"Take Damage","damage_taken":17,"relics_obtained":["Golden Idol"],"max_hp_gain":0,"max_hp_loss":0,"event_name":"Golden Idol","floor":12,"gold_loss":0},{"cards_removed":["Strike_G"],"damage_healed":0,"gold_gain":0,"player_choice":"Upgrade and Remove","damage_taken":0,"max_hp_gain":0,"max_hp_loss":0,"event_name":"Designer","floor":19,"gold_loss":90,"cards_upgraded":["Defend_G"]},{"damage_healed":0,"gold_gain":0,"player_choice":"Inject Mutagens","damage_taken":0,"relics_obtained":["MutagenicStrength"],"max_hp_gain":0,"max_hp_loss":0,"event_name":"Drug Dealer","floor":29,"gold_loss":0},{"damage_healed":0,"gold_gain":0,"player_choice":"Upgraded","damage_taken":0,"max_hp_gain":0,"max_hp_loss":0,"event_name":"Upgrade Shrine","floor":31,"gold_loss":0,"cards_upgraded":["Defend_G"]},{"damage_healed":0,"gold_gain":0,"player_choice":"Memory 1","damage_taken":0,"max_hp_gain":0,"max_hp_loss":0,"event_name":"SensoryStone","floor":37,"gold_loss":0},{"damage_healed":0,"gold_gain":0,"player_choice":"Forge","damage_taken":0,"max_hp_gain":0,"max_hp_loss":0,"event_name":"Accursed Blacksmith","floor":38,"gold_loss":0,"cards_upgraded":["Dramatic Entrance"]}],"is_beta":false,"boss_relics":[{"not_picked":["Astrolabe","Pandora\u0027s Box"],"picked":"Sozu"},{"not_picked":["White Beast Statue","Philosopher\u0027s Stone"],"picked":"Fusion Hammer"}],"items_purged_floors":[2,27],"is_endless":false,"potions_floor_spawned":[7,8,11,14,18,20,22,25,33,39,44],"killed_by":"The Heart","ascension_level":10}