{"gold_per_floor":[115,135,150,7,21,21,38,54,77,77,152,152,152,171,171,171],"floor_reached":16,"playtime":605,"items_purged":["Dualcast"],"score":150,"play_id":"47a43f8c-2060-4fc2-91a7-8f7b5a0db421","local_time":"20190819220530","is_ascension_mode":true,"campfire_choices":[{"floor":6,"key":"REST"},{"floor":10,"key":"REST"},{"floor":15,"key":"REST"}],"neow_cost":"NONE","seed_source_timestamp":0,"circlet_count":0,"master_deck":["AscendersBane","Strike_B","Strike_B","Strike_B","Strike_B","Defend_B","Defend_B","Defend_B","Defend_B","Zap","Hyperbeam","FTL","Reinforced Body","Defragment","Gash","BootSequence","Glacier"],"special_seed":0,"relics":["Cracked Core","Dream Catcher","Golden Idol"],"potions_floor_usage":[14,14],"damage_taken":[{"damage":4.0,"enemies":"Jaw Worm","floor":1.0,"turns":4.0},{"damage":4.0,"enemies":"2 Louse","floor":2.0,"turns":2.0},{"damage":0.0,"enemies":"Cultist","floor":3.0,"turns":3.0},{"damage":42,"enemies":"Lots of Slimes","floor":5,"turns":5},{"damage":17,"enemies":"Exordium Thugs","floor":7,"turns":4},{"damage":11,"enemies":"Looter","floor":8,"turns":3},{"damage":0,"enemies":"Lots of Slimes","floor":14,"turns":4},{"damage":29,"enemies":"The Guardian","floor":16,"turns":10}],"seed_played":"-3727268136101585686","potions_obtained":[{"floor":2.0,"key":"Fire Potion"},{"floor":3.0,"key":"PowerPotion"}],"is_trial":false,"path_per_floor":["M","M","M","$","M","R","M","M","T","R","?","?","?","M","R","B"],"character_chosen":"DEFECT","items_purchased":["Defragment"],"campfire_rested":3,"item_purchase_floors":[4],"current_hp_per_floor":[64,60,60,60,18,40,23,12,12,34,23,5,5,5,27,0],"gold":171,"neow_bonus":"ONE_RANDOM_RARE_CARD","is_prod":false,"is_daily":false,"chose_seed":false,"campfire_upgraded":0,"win_rate":0,"timestamp":1566270330,"path_taken":["M","M","M","$","M","R","M","M","T","R","?","?","?","M","R","BOSS"],"build_version":"2019-07-17","purchased_purges":1,"victory":false,"max_hp_per_floor":[75,75,75,75,75,75,75,75,75,75,75,75,75,75,75,75],"card_choices":[{"not_picked":["Redo","Sweeping Beam","Melter"],"picked":"SKIP","floor":1.0},{"not_picked":["Sweeping Beam","Cold Snap"],"picked":"FTL","floor":2.0},{"not_picked":["Rip and Tear","Leap"],"picked":"Reinforced Body","floor":3.0},{"not_picked":["Consume","Turbo"],"picked":"Gash","floor":5},{"not_picked":["Beam Cell","Redo","Sweeping Beam"],"picked":"SKIP","floor":7},{"not_picked":["Auto Shields","Rebound","Doom and Gloom"],"picked":"SKIP","floor":8},{"not_picked":["Seek","Melter"],"picked":"BootSequence","floor":10},{"not_picked":["BootSequence","Rebound"],"picked":"Glacier","floor":14}],"player_experience":2881486,"relics_obtained":[{"floor":9,"key":"Dream Catcher"}],"event_choices":[{"damage_healed":0,"gold_gain":75,"player_choice":"Gather Gold","damage_taken":11,"max_hp_gain":0,"max_hp_loss":0,"event_name":"World of Goop","floor":11,"gold_loss":0},{"damage_healed":0,"gold_gain":0,"player_choice":"Take Damage","damage_taken":18,"relics_obtained":["Golden Idol"],"max_hp_gain":0,"max_hp_loss":0,"event_name":"Golden Idol","floor":12,"gold_loss":0},{"damage_healed":0,"gold_gain":0,"player_choice":"Ignored","damage_taken":0,"max_hp_gain":0,"max_hp_loss":0,"event_name":"Liars Game","floor":13,"gold_loss":0}],"is_beta":false,"boss_relics":[],"items_purged_floors":[4],"is_endless":false,"potions_floor_spawned":[2,3,5,7],"killed_by":"The Guardian","ascension_level":12}