{"gold_per_floor":[212,137,154,229,239,239,270,270,270,270,301,327,353,348,360,372],"floor_reached":16,"playtime":609,"items_purged":["Dualcast"],"score":112,"play_id":"76faffee-2e60-4e4f-b496-5f1614beb5b6","local_time":"20181113174109","is_ascension_mode":false,"campfire_choices":[{"floor":6,"key":"REST"},{"floor":8,"key":"REST"},{"floor":15,"key":"REST"}],"neow_cost":"NONE","seed_source_timestamp":3003414497724505,"circlet_count":0,"master_deck":["Strike_B","Strike_B","Strike_B","Strike_B","Defend_B","Defend_B","Defend_B","Defend_B","Zap","Cold Snap"],"relics":["Cracked Core","Letter Opener","The Courier","MawBank"],"potions_floor_usage":[16,16,16],"damage_taken":[{"damage":1,"enemies":"Cultist","floor":1,"turns":4},{"damage":10,"enemies":"Small Slimes","floor":3,"turns":4},{"damage":5,"enemies":"2 Louse","floor":5,"turns":4},{"damage":18,"enemies":"Gremlin Nob","floor":7,"turns":4},{"damage":39,"enemies":"Lagavulin","floor":11,"turns":7},{"damage":14,"enemies":"Large Slime","floor":12,"turns":6},{"damage":0,"enemies":"Looter","floor":13,"turns":4},{"damage":20,"enemies":"Exordium Thugs","floor":14,"turns":5},{"damage":24,"enemies":"Hexaghost","floor":16,"turns":9}],"seed_played":"-9105046132388257889","potions_obtained":[{"floor":5,"key":"Fire Potion"},{"floor":11,"key":"FearPotion"},{"floor":13,"key":"Ancient Potion"}],"is_trial":false,"path_per_floor":["M","$","M","?","M","R","E","R","T","?","E","M","M","M","R","B"],"character_chosen":"DEFECT","items_purchased":[],"campfire_rested":3,"item_purchase_floors":[],"current_hp_per_floor":[74,74,64,53,48,70,52,74,74,74,35,21,21,1,23,0],"gold":372,"neow_bonus":"HUNDRED_GOLD","is_prod":false,"is_daily":false,"chose_seed":false,"campfire_upgraded":0,"win_rate":0.0,"timestamp":1542152469,"path_taken":["M","$","M","?","M","R","E","R","T","?","E","M","M","?","R","BOSS"],"build_version":"2018-11-08","purchased_purges":1,"victory":false,"max_hp_per_floor":[75,75,75,75,75,75,75,75,75,75,75,75,75,75,75,75],"card_choices":[{"not_picked":["Beam Cell","Hologram","Barrage"],"picked":"SKIP","floor":1},{"not_picked":["Steam","BootSequence","Redo"],"picked":"SKIP","floor":3},{"not_picked":["Streamline","Rebound","Leap"],"picked":"SKIP","floor":5},{"not_picked":["Blizzard","Rebound","Tempest"],"picked":"SKIP","floor":7},{"not_picked":["Gash","Recycle","Compile Driver"],"picked":"SKIP","floor":11},{"not_picked":["Barrage","Hologram","Undo"],"picked":"SKIP","floor":12},{"not_picked":["Hello World","Creative AI"],"picked":"Cold Snap","floor":13},{"not_picked":["Darkness","Chaos","Stack"],"picked":"SKIP","floor":14}],"player_experience":175607,"relics_obtained":[{"floor":7,"key":"Letter Opener"},{"floor":9,"key":"The Courier"},{"floor":11,"key":"MawBank"}],"event_choices":[{"damage_healed":0,"gold_gain":75,"player_choice":"Gather Gold","damage_taken":11,"max_hp_gain":0,"max_hp_loss":0,"event_name":"World of Goop","floor":4,"gold_loss":0},{"damage_healed":0,"gold_gain":0,"player_choice":"Ignored","damage_taken":0,"max_hp_gain":0,"max_hp_loss":0,"event_name":"Transmorgrifier","floor":10,"gold_loss":0}],"is_beta":false,"boss_relics":[],"items_purged_floors":[2],"is_endless":false,"potions_floor_spawned":[5,11,13],"killed_by":"Hexaghost","ascension_level":0}