{"gold_per_floor":[210,228,228,247,265,265,265,265,265,152,152,164,181,181,181,276,326,251,251,251,271,271],"floor_reached":22,"playtime":1009,"items_purged":["Dualcast"],"score":235,"play_id":"7322f997-85fe-4bac-8001-0f8c04d8a2f2","local_time":"20190306221135","is_ascension_mode":true,"campfire_choices":[{"floor":6,"key":"REST"},{"floor":8,"key":"REST"},{"data":"1","floor":11,"key":"LIFT"},{"floor":15,"key":"REST"}],"neow_cost":"NONE","seed_source_timestamp":288288455050797,"circlet_count":0,"master_deck":["Strike_B","Strike_B+1","Strike_B+1","Defend_B","Defend_B+1","Defend_B","Defend_B","Zap","Streamline","Capacitor","Conserve Battery","Buffer","White Noise"],"relics":["Cracked Core","Girya","Tiny House"],"potions_floor_usage":[16,16,16,16,16],"damage_taken":[{"damage":8,"enemies":"Jaw Worm","floor":1,"turns":4},{"damage":10,"enemies":"2 Louse","floor":2,"turns":3},{"damage":0,"enemies":"Cultist","floor":4,"turns":3},{"damage":14,"enemies":"Blue Slaver","floor":5,"turns":5},{"damage":12,"enemies":"Large Slime","floor":12,"turns":5},{"damage":1,"enemies":"2 Fungi Beasts","floor":13,"turns":6},{"damage":51,"enemies":"Hexaghost","floor":16,"turns":10},{"damage":25,"enemies":"2 Thieves","floor":18,"turns":5},{"damage":12,"enemies":"Shell Parasite","floor":21,"turns":8},{"damage":29,"enemies":"Snecko","floor":22,"turns":7}],"seed_played":"8873727660772820489","potions_obtained":[{"floor":1,"key":"EntropicBrew"},{"floor":4,"key":"Ancient Potion"},{"floor":17,"key":"FairyPotion"},{"floor":21,"key":"FearPotion"}],"is_trial":false,"path_per_floor":["M","M","?","M","M","R","?","R","T","$","R","M","M","?","R","B",null,"M","?","?","M","M"],"character_chosen":"DEFECT","items_purchased":["Capacitor"],"campfire_rested":3,"item_purchase_floors":[10],"current_hp_per_floor":[60,50,35,35,21,43,43,65,65,65,65,53,52,52,74,23,67,42,27,27,15,0],"gold":271,"neow_bonus":"HUNDRED_GOLD","is_prod":false,"is_daily":false,"chose_seed":false,"campfire_upgraded":0,"win_rate":0,"timestamp":1551931895,"path_taken":["M","M","?","M","M","R","?","R","T","$","R","?","M","?","R","BOSS","M","?","?","M","M"],"build_version":"2019-01-23","purchased_purges":1,"victory":false,"max_hp_per_floor":[75,75,75,75,75,75,75,75,75,75,75,75,75,75,75,75,80,80,85,85,85,85],"card_choices":[{"not_picked":["Hello World","Melter"],"picked":"Streamline","floor":1},{"not_picked":["Skim","Rebound","Go for the Eyes"],"picked":"SKIP","floor":2},{"not_picked":["Coolheaded","Barrage","Aggregate"],"picked":"SKIP","floor":4},{"not_picked":["Amplify","Go for the Eyes","Leap"],"picked":"SKIP","floor":5},{"not_picked":["Hologram","Redo","Go for the Eyes"],"picked":"SKIP","floor":12},{"not_picked":["Go for the Eyes","Rip and Tear"],"picked":"Conserve Battery","floor":13},{"not_picked":["Core Surge","Fission"],"picked":"Buffer","floor":16},{"not_picked":["Auto Shields","Streamline"],"picked":"White Noise","floor":17},{"not_picked":["Storm","Leap+1","Steam Power"],"picked":"SKIP","floor":18},{"not_picked":["Go for the Eyes","Force Field","Turbo"],"picked":"SKIP","floor":21}],"player_experience":1593492,"relics_obtained":[{"floor":9,"key":"Girya"}],"event_choices":[{"damage_healed":0,"gold_gain":0,"player_choice":"Entered Light","damage_taken":15,"max_hp_gain":0,"max_hp_loss":0,"event_name":"Shining Light","floor":3,"gold_loss":0,"cards_upgraded":["Strike_B","Strike_B"]},{"damage_healed":0,"gold_gain":0,"player_choice":"Bought 0 Potions","damage_taken":0,"max_hp_gain":0,"max_hp_loss":0,"event_name":"The Woman in Blue","floor":7,"gold_loss":0},{"damage_healed":0,"gold_gain":0,"player_choice":"Ignored","damage_taken":0,"max_hp_gain":0,"max_hp_loss":0,"event_name":"Liars Game","floor":14,"gold_loss":0},{"damage_healed":0,"gold_gain":0,"player_choice":"Shed Blood","damage_taken":20,"max_hp_gain":5,"max_hp_loss":0,"event_name":"Forgotten Altar","floor":19,"gold_loss":0},{"cards_removed":["Strike_B"],"damage_healed":0,"gold_gain":0,"player_choice":"Purged","damage_taken":0,"max_hp_gain":0,"max_hp_loss":0,"event_name":"Purifier","floor":20,"gold_loss":0}],"is_beta":false,"boss_relics":[{"not_picked":["Snecko Eye","Runic Dome"],"picked":"Tiny House"}],"items_purged_floors":[10],"is_endless":false,"potions_floor_spawned":[1,4,21],"killed_by":"Snecko","ascension_level":7}