{"gold_per_floor":[117,67,67,28,47,47,58,75,75,75,75,75,0,15,15,110,110,124,124,144,158,13,13,32,32,32,43,43,43,58,68,68,173,173,192,192,202,77,39,39],"floor_reached":40,"playtime":19299,"items_purged":["Strike_B","Strike_B+1","Defend_B"],"score":529,"play_id":"cd61e4ad-09c1-48d9-814e-ee3da01c67f3","local_time":"20190413212152","is_ascension_mode":true,"campfire_choices":[{"data":"Zap","floor":6,"key":"SMITH"},{"floor":15,"key":"REST"},{"floor":23,"key":"REST"},{"data":"Electrodynamics","floor":28,"key":"SMITH"},{"data":"Loop","floor":32,"key":"SMITH"}],"neow_cost":"NONE","seed_source_timestamp":304956124269432,"circlet_count":0,"master_deck":["Defend_B+1","Defend_B","Defend_B","Zap+1","Loop+1","Glacier+1","Electrodynamics+1","Conserve Battery","Chill","Cold Snap+1","Thunder Strike","Glacier","FTL+1","Self Repair"],"relics":["Cracked Core","Anchor","Mercury Hourglass","Philosopher\u0027s Stone","Nloth\u0027s Gift","Letter Opener","Lizard Tail","Art of War"],"potions_floor_usage":[16,16,16,33,33,33],"damage_taken":[{"damage":0,"enemies":"2 Louse","floor":1,"turns":3},{"damage":4,"enemies":"Small Slimes","floor":5,"turns":5},{"damage":0,"enemies":"Jaw Worm","floor":7,"turns":4},{"damage":15,"enemies":"Gremlin Gang","floor":8,"turns":6},{"damage":1,"enemies":"2 Fungi Beasts","floor":14,"turns":4},{"damage":6,"enemies":"Slime Boss","floor":16,"turns":12},{"damage":0,"enemies":"Shell Parasite","floor":18,"turns":13},{"damage":9,"enemies":"2 Thieves","floor":20,"turns":3},{"damage":34,"enemies":"Centurion and Healer","floor":21,"turns":8},{"damage":2,"enemies":"Snake Plant","floor":24,"turns":6},{"damage":8,"enemies":"Sentry and Sphere","floor":27,"turns":7},{"damage":6,"enemies":"Shelled Parasite and Fungi","floor":30,"turns":9},{"damage":0,"enemies":"Chosen and Byrds","floor":31,"turns":4},{"damage":35,"enemies":"Collector","floor":33,"turns":14},{"damage":12,"enemies":"Orb Walker","floor":35,"turns":4},{"damage":6,"enemies":"3 Shapes","floor":37,"turns":2},{"damage":113,"enemies":"Nemesis","floor":40,"turns":10}],"seed_played":"-4186142489472159294","potions_obtained":[{"floor":1,"key":"Energy Potion"},{"floor":8,"key":"FocusPotion"},{"floor":14,"key":"Strength Potion"},{"floor":21,"key":"Energy Potion"},{"floor":24,"key":"Swift Potion"},{"floor":27,"key":"LiquidBronze"},{"floor":37,"key":"EntropicBrew"}],"is_trial":false,"path_per_floor":["M","?","?","$","M","R","M","M","T","?","?","?","$","M","R","B",null,"M","?","M","M","$","R","M","?","T","M","R","?","M","M","R","B",null,"M","?","M","$","$","E"],"character_chosen":"DEFECT","items_purchased":["Self Repair","Conserve Battery","Self Repair"],"campfire_rested":2,"item_purchase_floors":[4,22,39],"current_hp_per_floor":[68,68,68,68,71,71,75,60,60,45,33,26,26,32,54,55,70,75,75,66,39,39,61,66,66,66,65,65,65,66,73,73,45,68,63,63,57,57,57,0],"gold":39,"neow_bonus":"RANDOM_COMMON_RELIC","is_prod":false,"is_daily":false,"chose_seed":false,"campfire_upgraded":3,"win_rate":0,"timestamp":1555208512,"path_taken":["M","?","?","$","M","R","M","M","T","?","?","?","$","M","R","BOSS","M","?","M","?","$","R","M","?","T","M","R","?","M","?","R","BOSS","M","?","?","?","$","E"],"build_version":"2019-01-23","purchased_purges":3,"victory":false,"max_hp_per_floor":[75,75,75,75,75,75,75,75,75,75,75,75,75,75,75,75,75,75,75,75,75,75,75,75,75,75,75,75,75,75,75,75,75,75,75,75,75,75,75,75],"card_choices":[{"not_picked":["Skim","Heatsinks","Redo"],"picked":"SKIP","floor":1},{"not_picked":["Sweeping Beam","Undo","Steam"],"picked":"SKIP","floor":5},{"not_picked":["Hologram","Leap","Lockon"],"picked":"SKIP","floor":7},{"not_picked":["Redo","Chill"],"picked":"Loop","floor":8},{"not_picked":["Leap+1","Steam+1"],"picked":"Glacier+1","floor":14},{"not_picked":["Creative AI","Amplify+1"],"picked":"Electrodynamics","floor":16},{"not_picked":["Leap+1","Go for the Eyes","Ball Lightning"],"picked":"SKIP","floor":18},{"not_picked":["Turbo","Amplify","Rip and Tear"],"picked":"SKIP","floor":20},{"not_picked":["Rebound","Hologram","Beam Cell+1"],"picked":"SKIP","floor":21},{"not_picked":["Rip and Tear","Rebound+1"],"picked":"Chill","floor":24},{"not_picked":["Redo","Hologram"],"picked":"Cold Snap+1","floor":27},{"not_picked":["Steam Power","Stack","Steam"],"picked":"SKIP","floor":30},{"not_picked":["Lockon","Melter+1","Recycle+1"],"picked":"SKIP","floor":31},{"not_picked":["Fission","Hyperbeam"],"picked":"Thunder Strike","floor":33},{"not_picked":["Gash","Rebound"],"picked":"Glacier","floor":35},{"not_picked":["Gash","Beam Cell"],"picked":"FTL+1","floor":37}],"player_experience":1820765,"relics_obtained":[{"floor":9,"key":"Mercury Hourglass"},{"floor":26,"key":"Letter Opener"}],"event_choices":[{"cards_removed":["Dualcast"],"damage_healed":0,"gold_gain":0,"player_choice":"Card Removal","damage_taken":0,"max_hp_gain":0,"max_hp_loss":0,"event_name":"The Cleric","floor":2,"gold_loss":50},{"cards_removed":["Strike_B"],"damage_healed":0,"gold_gain":0,"player_choice":"Forget","damage_taken":0,"max_hp_gain":0,"max_hp_loss":0,"event_name":"Living Wall","floor":3,"gold_loss":0},{"damage_healed":0,"gold_gain":0,"player_choice":"Entered Light","damage_taken":15,"max_hp_gain":0,"max_hp_loss":0,"event_name":"Shining Light","floor":10,"gold_loss":0,"cards_upgraded":["Strike_B","Defend_B"]},{"damage_healed":0,"gold_gain":0,"player_choice":"Success","damage_taken":12,"relics_obtained":["Toxic Egg 2"],"max_hp_gain":0,"max_hp_loss":0,"event_name":"Scrap Ooze","floor":11,"gold_loss":0},{"cards_removed":["Strike_B"],"damage_healed":0,"gold_gain":0,"player_choice":"Card Removal","damage_taken":7,"max_hp_gain":0,"max_hp_loss":0,"event_name":"Golden Wing","floor":12,"gold_loss":0},{"damage_healed":0,"gold_gain":0,"player_choice":"Traded Relic","damage_taken":0,"relics_obtained":["Nloth\u0027s Gift"],"max_hp_gain":0,"max_hp_loss":0,"event_name":"N\u0027loth","floor":19,"relics_lost":["Toxic Egg 2"],"gold_loss":0},{"damage_healed":0,"gold_gain":0,"player_choice":"Ignored","damage_taken":0,"max_hp_gain":0,"max_hp_loss":0,"event_name":"Beggar","floor":25,"gold_loss":0},{"damage_healed":0,"gold_gain":0,"player_choice":"Ignored","damage_taken":0,"max_hp_gain":0,"max_hp_loss":0,"event_name":"Vampires","floor":29,"gold_loss":0},{"cards_removed":["Self Repair"],"damage_healed":0,"gold_gain":0,"player_choice":"Gave Card","damage_taken":0,"relics_obtained":["Art of War"],"max_hp_gain":0,"max_hp_loss":0,"event_name":"WeMeetAgain","floor":36,"gold_loss":0}],"is_beta":false,"boss_relics":[{"not_picked":["Tiny House","Astrolabe"],"picked":"Philosopher\u0027s Stone"},{"not_picked":["Black Star","Snecko Eye"],"picked":"Lizard Tail"}],"items_purged_floors":[13,22,38],"is_endless":false,"potions_floor_spawned":[1,8,14,21,24,27,37],"killed_by":"Nemesis","ascension_level":8}