{"gold_per_floor":[118,130,130,147,147,147,166,179,202,15,31,31,31,51,51,154,154,135,135,152,152,172,172,172,183,261,261,281,301,301,325,337,349],"floor_reached":33,"playtime":19916,"items_purged":[],"score":349,"play_id":"4abdd855-6912-4727-a155-867d09c313b4","local_time":"20190712214858","is_ascension_mode":true,"campfire_choices":[{"floor":6,"key":"REST"},{"floor":15,"key":"REST"},{"floor":23,"key":"REST"},{"floor":32,"key":"REST"}],"neow_cost":"NONE","seed_source_timestamp":0,"circlet_count":0,"master_deck":["Strike_G","Strike_G","Strike_G","Strike_G","Strike_G","Defend_G","Defend_G","Defend_G","Defend_G","Defend_G","Survivor","Neutralize","Backflip","Backstab","Infinite Blades","The Bomb","After Image","Footwork","Pain"],"special_seed":0,"relics":["Ring of the Snake","Anchor","Boot","Cursed Key","Enchiridion","Tiny Chest","MawBank"],"potions_floor_usage":[16,16,33,33,33],"damage_taken":[{"damage":9,"enemies":"Small Slimes","floor":1,"turns":6},{"damage":0,"enemies":"2 Louse","floor":2,"turns":3},{"damage":1,"enemies":"Jaw Worm","floor":4,"turns":5},{"damage":1,"enemies":"Looter","floor":7,"turns":3},{"damage":0,"enemies":"Blue Slaver","floor":8,"turns":5},{"damage":0,"enemies":"Large Slime","floor":11,"turns":4},{"damage":5,"enemies":"Gremlin Gang","floor":14,"turns":5},{"damage":30,"enemies":"Hexaghost","floor":16,"turns":10},{"damage":9,"enemies":"2 Thieves","floor":18,"turns":4},{"damage":1,"enemies":"Shell Parasite","floor":20,"turns":6},{"damage":0,"enemies":"3 Cultists","floor":22,"turns":4},{"damage":2,"enemies":"Centurion and Healer","floor":25,"turns":6},{"damage":9,"enemies":"Snecko","floor":28,"turns":6},{"damage":13,"enemies":"Snake Plant","floor":29,"turns":4},{"damage":16,"enemies":"Colosseum Slavers","floor":30,"turns":9},{"damage":61,"enemies":"Champ","floor":33,"turns":13}],"seed_played":"-3478129994801771222","potions_obtained":[{"floor":2,"key":"SkillPotion"},{"floor":4,"key":"SpeedPotion"},{"floor":16,"key":"SteroidPotion"},{"floor":18,"key":"Ancient Potion"},{"floor":22,"key":"SteroidPotion"},{"floor":25,"key":"GamblersBrew"}],"is_trial":false,"path_per_floor":["M","M","?","M","?","R","M","M","T","$","M","?","$","M","R","B",null,"M","?","M","?","M","R","?","M","T","?","M","M","?","T","R","B"],"character_chosen":"THE_SILENT","items_purchased":["The Bomb"],"campfire_rested":4,"item_purchase_floors":[10],"current_hp_per_floor":[54,54,42,41,34,55,54,54,54,54,54,54,54,49,70,40,63,54,38,37,37,37,58,58,56,56,56,47,34,18,18,39,0],"gold":349,"neow_bonus":"ONE_RANDOM_RARE_CARD","is_prod":false,"is_daily":false,"chose_seed":false,"campfire_upgraded":0,"win_rate":0,"timestamp":1562986138,"path_taken":["M","M","?","M","?","R","M","M","T","$","M","?","$","M","R","BOSS","M","?","M","?","M","R","?","M","T","?","?","?","?","?","R","BOSS"],"build_version":"2019-07-05","purchased_purges":0,"victory":false,"max_hp_per_floor":[70,70,70,70,70,70,70,70,70,70,70,70,70,70,70,70,70,70,70,70,70,70,70,70,70,70,70,70,70,70,70,70,70],"card_choices":[{"not_picked":["Prepared","Endless Agony"],"picked":"Backflip","floor":1},{"not_picked":["Acrobatics","Blade Dance"],"picked":"Backstab","floor":2},{"not_picked":["Underhanded Strike","Reflex","Masterful Stab"],"picked":"SKIP","floor":4},{"not_picked":["Dagger Throw","Outmaneuver"],"picked":"Infinite Blades","floor":7},{"not_picked":["Skewer","PiercingWail","Terror"],"picked":"SKIP","floor":8},{"not_picked":["All Out Attack","Dagger Throw","Predator"],"picked":"SKIP","floor":11},{"not_picked":["Sucker Punch","Blade Dance","Tactician"],"picked":"SKIP","floor":14},{"not_picked":["Phantasmal Killer","Burst"],"picked":"After Image","floor":16},{"not_picked":["Sucker Punch","Infinite Blades+1","Prepared"],"picked":"SKIP","floor":18},{"not_picked":["Dagger Spray","Dodge and Roll+1","Blade Dance"],"picked":"SKIP","floor":20},{"not_picked":["Poisoned Stab","Dodge and Roll","Malaise"],"picked":"SKIP","floor":22},{"not_picked":["Outmaneuver","Endless Agony","Dodge and Roll"],"picked":"SKIP","floor":25},{"not_picked":["Slice","Crippling Poison","Bane"],"picked":"SKIP","floor":28},{"not_picked":["Dagger Throw","Deflect"],"picked":"Footwork","floor":29}],"player_experience":2247324,"relics_obtained":[{"floor":9,"key":"Boot"},{"floor":19,"key":"Enchiridion"},{"floor":26,"key":"Tiny Chest"},{"floor":31,"key":"MawBank"}],"event_choices":[{"damage_healed":0,"gold_gain":0,"player_choice":"Success","damage_taken":12,"relics_obtained":["Anchor"],"max_hp_gain":0,"max_hp_loss":0,"event_name":"Scrap Ooze","floor":3,"gold_loss":0},{"cards_removed":["Envenom"],"damage_healed":0,"gold_gain":0,"player_choice":"Card Removal","damage_taken":7,"max_hp_gain":0,"max_hp_loss":0,"event_name":"Golden Wing","floor":5,"gold_loss":0},{"damage_healed":0,"gold_gain":0,"player_choice":"Ignored","damage_taken":0,"max_hp_gain":0,"max_hp_loss":0,"event_name":"Liars Game","floor":12,"gold_loss":0},{"damage_healed":0,"gold_gain":0,"player_choice":"Obtained Book","damage_taken":16,"max_hp_gain":0,"max_hp_loss":0,"event_name":"Cursed Tome","floor":19,"gold_loss":0},{"damage_healed":0,"gold_gain":0,"player_choice":"Ignored","damage_taken":0,"max_hp_gain":0,"max_hp_loss":0,"event_name":"Ghosts","floor":21,"gold_loss":0},{"damage_healed":0,"gold_gain":0,"player_choice":"Ignored","damage_taken":0,"max_hp_gain":0,"max_hp_loss":0,"event_name":"The Mausoleum","floor":24,"gold_loss":0},{"cards_removed":["Writhe"],"damage_healed":0,"gold_gain":0,"player_choice":"Purged","damage_taken":0,"max_hp_gain":0,"max_hp_loss":0,"event_name":"Purifier","floor":27,"gold_loss":0},{"damage_healed":0,"gold_gain":0,"player_choice":"Fight","damage_taken":0,"max_hp_gain":0,"max_hp_loss":0,"event_name":"Colosseum","floor":30,"gold_loss":0},{"damage_healed":0,"gold_gain":0,"player_choice":"Fled From Nobs","damage_taken":0,"max_hp_gain":0,"max_hp_loss":0,"event_name":"Colosseum","floor":30,"gold_loss":0}],"is_beta":false,"boss_relics":[{"not_picked":["Fusion Hammer","Velvet Choker"],"picked":"Cursed Key"}],"items_purged_floors":[],"is_endless":false,"potions_floor_spawned":[2,4,16,18,22,25],"killed_by":"Champ","ascension_level":9}