{"gold_per_floor":[210,210,210,4,4,4,19,19,19,33,43,43,60,80,80,179,179,193,210,224,57,71,71,71,71,71,71,140,140,140,151,151,151],"floor_reached":33,"playtime":1691,"items_purged":["Dualcast"],"score":320,"play_id":"11e49e94-8f29-4987-bd5d-85b3c9831877","local_time":"20190307204243","is_ascension_mode":true,"campfire_choices":[{"floor":6,"key":"REST"},{"floor":8,"key":"REST"},{"floor":15,"key":"REST"},{"floor":23,"key":"REST"},{"floor":30,"key":"REST"},{"data":"Apotheosis","floor":32,"key":"SMITH"}],"neow_cost":"NONE","seed_source_timestamp":368684939138458,"circlet_count":0,"master_deck":["Strike_B","Strike_B","Strike_B","Strike_B+1","Defend_B","Defend_B","Defend_B","Defend_B+1","Zap","Glacier","Cold Snap","Cold Snap","Streamline","Machine Learning","Apotheosis+1"],"relics":["Cracked Core","Calipers","Dodecahedron","Busted Crown","Ancient Tea Set","Bottled Lightning","WingedGreaves"],"potions_floor_usage":[16,16,33],"damage_taken":[{"damage":10,"enemies":"Small Slimes","floor":1,"turns":3},{"damage":0,"enemies":"Jaw Worm","floor":7,"turns":5},{"damage":3,"enemies":"2 Louse","floor":10,"turns":3},{"damage":2,"enemies":"Exordium Wildlife","floor":11,"turns":6},{"damage":2,"enemies":"Exordium Thugs","floor":13,"turns":5},{"damage":11,"enemies":"2 Fungi Beasts","floor":14,"turns":3},{"damage":33,"enemies":"Hexaghost","floor":16,"turns":13},{"damage":10,"enemies":"3 Byrds","floor":18,"turns":5},{"damage":3,"enemies":"Chosen","floor":19,"turns":4},{"damage":48,"enemies":"Centurion and Healer","floor":20,"turns":25},{"damage":1,"enemies":"Sentry and Sphere","floor":22,"turns":8},{"damage":0,"enemies":"Snake Plant","floor":31,"turns":4},{"damage":84,"enemies":"Collector","floor":33,"turns":17}],"seed_played":"1994000368127397339","potions_obtained":[{"floor":1,"key":"Strength Potion"},{"floor":11,"key":"Explosive Potion"},{"floor":18,"key":"Strength Potion"},{"floor":22,"key":"Energy Potion"},{"floor":31,"key":"SteroidPotion"}],"is_trial":false,"path_per_floor":["M","?","?","$","?","R","M","R","T","M","M","?","M","M","R","B",null,"M","M","M","$","M","R","?","?","T","?","T","T","R","M","R","B"],"character_chosen":"DEFECT","items_purchased":["Glacier","Cold Snap","Apotheosis"],"campfire_rested":5,"item_purchase_floors":[4,4,21],"current_hp_per_floor":[58,25,25,25,10,32,32,54,54,51,49,54,52,41,65,32,68,58,55,7,7,6,30,30,56,56,56,56,56,80,80,80,0],"gold":151,"neow_bonus":"HUNDRED_GOLD","is_prod":false,"is_daily":false,"chose_seed":false,"campfire_upgraded":1,"win_rate":0,"timestamp":1552012963,"path_taken":["M","?","?","$","?","R","M","R","T","M","M","?","M","?","R","BOSS","M","M","M","$","M","R","?","?","T","?","?","?","R","M","R","BOSS"],"build_version":"2019-01-23","purchased_purges":1,"victory":false,"max_hp_per_floor":[75,75,75,75,75,75,75,75,75,75,75,80,80,80,80,80,80,80,80,80,80,80,80,80,80,80,80,80,80,80,80,80,80],"card_choices":[{"not_picked":["Force Field","Steam","Static Discharge"],"picked":"SKIP","floor":1},{"not_picked":["Hologram","Force Field","Coolheaded"],"picked":"SKIP","floor":7},{"not_picked":["Go for the Eyes","Streamline"],"picked":"Cold Snap","floor":10},{"not_picked":["Chaos","Melter","Storm"],"picked":"SKIP","floor":11},{"not_picked":["Auto Shields","Redo"],"picked":"Streamline","floor":13},{"not_picked":["Redo","Hologram","Leap"],"picked":"SKIP","floor":14},{"not_picked":["All For One","Creative AI"],"picked":"Machine Learning","floor":16},{"not_picked":["Steam Power"],"picked":"SKIP","floor":18},{"not_picked":["Ball Lightning"],"picked":"SKIP","floor":19},{"not_picked":["Ball Lightning"],"picked":"SKIP","floor":20},{"not_picked":["Ball Lightning"],"picked":"SKIP","floor":22},{"not_picked":["Beam Cell"],"picked":"SKIP","floor":31}],"player_experience":1594501,"relics_obtained":[{"floor":9,"key":"Dodecahedron"},{"floor":26,"key":"Ancient Tea Set"},{"floor":28,"key":"Bottled Lightning"},{"floor":29,"key":"WingedGreaves"}],"event_choices":[{"damage_healed":0,"gold_gain":0,"player_choice":"Success","damage_taken":33,"relics_obtained":["Calipers"],"max_hp_gain":0,"max_hp_loss":0,"event_name":"Scrap Ooze","floor":2,"gold_loss":0},{"damage_healed":0,"gold_gain":0,"player_choice":"Ignored","damage_taken":0,"max_hp_gain":0,"max_hp_loss":0,"event_name":"Liars Game","floor":3,"gold_loss":0},{"damage_healed":0,"gold_gain":0,"player_choice":"Entered Light","damage_taken":15,"max_hp_gain":0,"max_hp_loss":0,"event_name":"Shining Light","floor":5,"gold_loss":0,"cards_upgraded":["Strike_B","Defend_B"]},{"damage_healed":0,"gold_gain":0,"player_choice":"Donut","damage_taken":0,"max_hp_gain":5,"max_hp_loss":0,"event_name":"Big Fish","floor":12,"gold_loss":0},{"damage_healed":0,"gold_gain":0,"player_choice":"Ignored","damage_taken":0,"max_hp_gain":0,"max_hp_loss":0,"event_name":"Vampires","floor":24,"gold_loss":0},{"damage_healed":26,"gold_gain":0,"player_choice":"Heal","damage_taken":0,"max_hp_gain":0,"max_hp_loss":0,"event_name":"The Library","floor":25,"gold_loss":0},{"damage_healed":0,"gold_gain":0,"player_choice":"Ignored","damage_taken":0,"max_hp_gain":0,"max_hp_loss":0,"event_name":"Ghosts","floor":27,"gold_loss":0}],"is_beta":false,"boss_relics":[{"not_picked":["Eternal Feather","FrozenCore"],"picked":"Busted Crown"}],"items_purged_floors":[4],"is_endless":false,"potions_floor_spawned":[1,11,18,22,31],"killed_by":"Collector","ascension_level":7}