{"gold_per_floor":[111,211,221,235,255,283,283,318,318,337,356,356,356,369,369,369],"floor_reached":16,"playtime":1215,"items_purged":[],"score":120,"play_id":"84cb7670-54b7-4924-bbbb-5ee95e9e6c7e","local_time":"20181110144100","is_ascension_mode":true,"campfire_choices":[{"floor":7,"key":"REST"},{"floor":12,"key":"REST"},{"floor":15,"key":"REST"}],"neow_cost":"NONE","seed_source_timestamp":2732796497773918,"circlet_count":0,"master_deck":["Strike_R","Strike_R","Strike_R","Strike_R","Strike_R","Defend_R","Defend_R","Defend_R","Defend_R","Bash","Battle Trance","Battle Trance"],"relics":["Sozu","Letter Opener","Vajra","Shuriken","Golden Idol"],"potions_floor_usage":[],"damage_taken":[{"damage":0,"enemies":"Small Slimes","floor":1,"turns":3},{"damage":0,"enemies":"Cultist","floor":3,"turns":3},{"damage":0,"enemies":"2 Louse","floor":4,"turns":2},{"damage":9,"enemies":"Large Slime","floor":5,"turns":7},{"damage":44,"enemies":"Lagavulin","floor":6,"turns":8},{"damage":14,"enemies":"Gremlin Nob","floor":8,"turns":3},{"damage":11,"enemies":"Exordium Thugs","floor":10,"turns":6},{"damage":0,"enemies":"Looter","floor":11,"turns":3},{"damage":13,"enemies":"3 Louse","floor":14,"turns":4},{"damage":45,"enemies":"The Guardian","floor":16,"turns":9}],"seed_played":"-3116428539786996540","potions_obtained":[],"is_trial":false,"path_per_floor":["M","?","M","M","M","E","R","E","T","M","M","R","?","M","R","B"],"character_chosen":"IRONCLAD","items_purchased":[],"campfire_rested":3,"item_purchase_floors":[],"current_hp_per_floor":[80,80,80,80,71,27,51,37,37,26,26,50,30,17,41,0],"gold":369,"neow_bonus":"BOSS_RELIC","is_prod":false,"is_daily":false,"chose_seed":false,"campfire_upgraded":0,"win_rate":0,"timestamp":1541882460,"path_taken":["M","?","M","M","M","E","R","E","T","?","M","R","?","M","R","BOSS"],"build_version":"2018-11-08","purchased_purges":0,"victory":false,"max_hp_per_floor":[80,80,80,80,80,80,80,80,80,80,80,80,80,80,80,80],"card_choices":[{"not_picked":["Burning Pact","Perfected Strike","Clash"],"picked":"SKIP","floor":1},{"not_picked":["Corruption","Twin Strike","Sword Boomerang"],"picked":"SKIP","floor":3},{"not_picked":["Anger","Burning Pact","Twin Strike"],"picked":"SKIP","floor":4},{"not_picked":["Burning Pact","Bloodletting","Intimidate"],"picked":"SKIP","floor":5},{"not_picked":["Sword Boomerang","Juggernaut"],"picked":"Battle Trance","floor":6},{"not_picked":["True Grit","Pummel","Havoc"],"picked":"SKIP","floor":8},{"not_picked":["Headbutt","Sentinel"],"picked":"Battle Trance","floor":10},{"not_picked":["Sword Boomerang","Twin Strike","Cleave"],"picked":"SKIP","floor":11},{"not_picked":["Anger","Flex","Infernal Blade"],"picked":"SKIP","floor":14}],"player_experience":65780,"relics_obtained":[{"floor":6,"key":"Letter Opener"},{"floor":8,"key":"Vajra"},{"floor":9,"key":"Shuriken"}],"event_choices":[{"damage_healed":0,"gold_gain":100,"player_choice":"Pray","damage_taken":0,"max_hp_gain":0,"max_hp_loss":0,"event_name":"Golden Shrine","floor":2,"gold_loss":0},{"damage_healed":0,"gold_gain":0,"player_choice":"Take Damage","damage_taken":20,"relics_obtained":["Golden Idol"],"max_hp_gain":0,"max_hp_loss":0,"event_name":"Golden Idol","floor":13,"gold_loss":0}],"is_beta":false,"boss_relics":[],"items_purged_floors":[],"is_endless":false,"potions_floor_spawned":[1,6,11,14],"killed_by":"The Guardian","ascension_level":1}