{"gold_per_floor":[109,28,47,47,47,47,47,60,60,72,86,86,86,11,11,11],"floor_reached":16,"playtime":373,"items_purged":["Strike_R"],"score":135,"play_id":"f9675bfa-470f-42df-a146-5532cd5cd9a1","local_time":"20190716180956","is_ascension_mode":true,"campfire_choices":[{"floor":6,"key":"RECALL"},{"floor":12,"key":"REST"},{"data":"Metallicize","floor":15,"key":"SMITH"}],"neow_cost":"NONE","seed_source_timestamp":409770277322802,"circlet_count":0,"master_deck":["AscendersBane","Strike_R","Strike_R","Strike_R","Strike_R","Defend_R","Defend_R","Defend_R","Defend_R","Bash","Body Slam+1","Metallicize+1"],"relics":["Burning Blood","NeowsBlessing","Dodecahedron","Letter Opener","PreservedInsect"],"potions_floor_usage":[16],"damage_taken":[{"damage":0,"enemies":"2 Louse","floor":1,"turns":1},{"damage":0,"enemies":"Cultist","floor":3,"turns":1},{"damage":0,"enemies":"Small Slimes","floor":8,"turns":1},{"damage":11,"enemies":"Looter","floor":10,"turns":5},{"damage":39,"enemies":"Lots of Slimes","floor":11,"turns":6},{"damage":59,"enemies":"Hexaghost","floor":16,"turns":13}],"seed_played":"5474847417244746612","potions_obtained":[{"floor":10,"key":"Weak Potion"},{"floor":11,"key":"Weak Potion"}],"is_trial":false,"path_per_floor":["M","?","M","$","?","R","?","M","T","M","M","R","?","$","R","B"],"character_chosen":"IRONCLAD","items_purchased":[],"campfire_rested":1,"item_purchase_floors":[],"current_hp_per_floor":[78,78,80,80,80,80,80,80,80,75,42,66,59,59,59,0],"gold":11,"neow_bonus":"THREE_ENEMY_KILL","is_prod":false,"is_daily":false,"chose_seed":false,"campfire_upgraded":1,"win_rate":0,"timestamp":1563318596,"path_taken":["M","?","?","$","?","R","?","M","T","?","M","R","?","?","R","BOSS"],"build_version":"2019-07-05","purchased_purges":1,"victory":false,"max_hp_per_floor":[80,80,80,80,80,80,80,80,80,80,80,80,80,80,80,80],"card_choices":[{"not_picked":["True Grit","Iron Wave"],"picked":"Body Slam","floor":1},{"not_picked":["Perfected Strike","Carnage","Spot Weakness"],"picked":"SKIP","floor":3},{"not_picked":["Hemokinesis","Clothesline","Iron Wave"],"picked":"SKIP","floor":8},{"not_picked":["Flex","Heavy Blade","Armaments"],"picked":"SKIP","floor":10},{"not_picked":["Immolate","Flame Barrier"],"picked":"Metallicize","floor":11}],"player_experience":2355356,"relics_obtained":[{"floor":9,"key":"Letter Opener"}],"event_choices":[{"damage_healed":0,"gold_gain":0,"player_choice":"Paid Gold","damage_taken":0,"relics_obtained":["Dodecahedron"],"max_hp_gain":0,"max_hp_loss":0,"event_name":"WeMeetAgain","floor":2,"gold_loss":81},{"damage_healed":0,"gold_gain":0,"player_choice":"Leave","damage_taken":0,"max_hp_gain":0,"max_hp_loss":0,"event_name":"The Cleric","floor":5,"gold_loss":0},{"damage_healed":0,"gold_gain":0,"player_choice":"Upgraded","damage_taken":0,"max_hp_gain":0,"max_hp_loss":0,"event_name":"Upgrade Shrine","floor":7,"gold_loss":0,"cards_upgraded":["Body Slam"]},{"damage_healed":0,"gold_gain":0,"player_choice":"Success","damage_taken":7,"relics_obtained":["PreservedInsect"],"max_hp_gain":0,"max_hp_loss":0,"event_name":"Scrap Ooze","floor":13,"gold_loss":0}],"is_beta":false,"boss_relics":[],"items_purged_floors":[14],"is_endless":false,"potions_floor_spawned":[10,11],"killed_by":"Hexaghost","ascension_level":10}