{"gold_per_floor":[115,126,139,153,78,78,78,89,114,133,151,151,151,151,151,151],"floor_reached":16,"playtime":669,"items_purged":["Strike_G"],"score":136,"play_id":"1b03d95b-824c-4692-b17a-4538b8793f2e","local_time":"20190711230852","is_ascension_mode":true,"campfire_choices":[{"data":"Noxious Fumes","floor":6,"key":"SMITH"},{"floor":13,"key":"REST"},{"floor":15,"key":"REST"}],"neow_cost":"NONE","seed_source_timestamp":1368832423469237,"circlet_count":0,"master_deck":["Strike_G","Strike_G","Strike_G","Defend_G","Defend_G","Defend_G","Defend_G","Defend_G","Survivor","Neutralize","Noxious Fumes+1","Deadly Poison","Escape Plan","Backstab","Adrenaline"],"relics":["Ring of the Snake","NeowsBlessing","Juzu Bracelet","Golden Idol"],"potions_floor_usage":[11,16,16],"damage_taken":[{"damage":0,"enemies":"Cultist","floor":1,"turns":1},{"damage":0,"enemies":"Small Slimes","floor":2,"turns":1},{"damage":0,"enemies":"Jaw Worm","floor":3,"turns":1},{"damage":3,"enemies":"Blue Slaver","floor":4,"turns":5},{"damage":27,"enemies":"Lots of Slimes","floor":8,"turns":6},{"damage":0,"enemies":"Red Slaver","floor":10,"turns":4},{"damage":7,"enemies":"Looter","floor":11,"turns":4},{"damage":51,"enemies":"Slime Boss","floor":16,"turns":10}],"seed_played":"-1381711536006606901","potions_obtained":[{"floor":1,"key":"GamblersBrew"},{"floor":4,"key":"Energy Potion"},{"floor":8,"key":"Fruit Juice"}],"is_trial":false,"path_per_floor":["M","M","M","M","$","R","$","M","T","M","M","?","R","?","R","B"],"character_chosen":"THE_SILENT","items_purchased":[],"campfire_rested":2,"item_purchase_floors":[],"current_hp_per_floor":[63,63,63,60,60,60,60,33,33,33,31,24,46,28,50,0],"gold":151,"neow_bonus":"THREE_ENEMY_KILL","is_prod":false,"is_daily":false,"chose_seed":false,"campfire_upgraded":1,"win_rate":0,"timestamp":1562904532,"path_taken":["M","M","M","M","$","R","?","M","T","M","M","?","R","?","R","BOSS"],"build_version":"2019-07-05","purchased_purges":1,"victory":false,"max_hp_per_floor":[70,70,70,70,70,70,70,70,70,70,75,75,75,75,75,75],"card_choices":[{"not_picked":["Calculated Gamble","Expertise","Outmaneuver"],"picked":"SKIP","floor":1},{"not_picked":["Sucker Punch","Endless Agony","PiercingWail"],"picked":"SKIP","floor":2},{"not_picked":["Blade Dance","Predator"],"picked":"Noxious Fumes","floor":3},{"not_picked":["PiercingWail","Sucker Punch"],"picked":"Deadly Poison","floor":4},{"not_picked":["Blade Dance","Acrobatics"],"picked":"Escape Plan","floor":8},{"not_picked":["Predator","Sucker Punch"],"picked":"Backstab","floor":10},{"not_picked":["Concentrate","Eviscerate"],"picked":"Adrenaline","floor":11}],"player_experience":2239313,"relics_obtained":[{"floor":9,"key":"Juzu Bracelet"}],"event_choices":[{"cards_removed":["Strike_G"],"damage_healed":0,"gold_gain":0,"player_choice":"Card Removal","damage_taken":7,"max_hp_gain":0,"max_hp_loss":0,"event_name":"Golden Wing","floor":12,"gold_loss":0},{"damage_healed":0,"gold_gain":0,"player_choice":"Take Damage","damage_taken":18,"relics_obtained":["Golden Idol"],"max_hp_gain":0,"max_hp_loss":0,"event_name":"Golden Idol","floor":14,"gold_loss":0}],"is_beta":false,"boss_relics":[],"items_purged_floors":[5],"is_endless":false,"potions_floor_spawned":[1,4,8],"killed_by":"Slime Boss","ascension_level":9}