{"gold_per_floor":[112,73,73,73,87,119,135,135,182,192,192,227,152,117,117,221,221,236,236,236,186,201,201,212,212],"floor_reached":25,"playtime":1480,"items_purged":["Strike_G"],"score":269,"play_id":"6a6b34b8-19c2-49d0-b8b6-35190aede41d","local_time":"20181202120005","is_ascension_mode":true,"campfire_choices":[{"floor":8,"key":"RECALL"},{"data":"Footwork","floor":11,"key":"SMITH"},{"floor":15,"key":"REST"},{"floor":23,"key":"REST"}],"neow_cost":"NONE","seed_source_timestamp":672941233829839,"circlet_count":0,"master_deck":["Defend_G","Defend_G","Defend_G","Defend_G","Strike_G","Strike_G","Strike_G","Strike_G","Survivor","Neutralize","Cloak And Dagger","Footwork+1","Backstab","Corpse Explosion","Cloak And Dagger"],"relics":["Ring of the Snake","NeowsBlessing","Bag of Preparation","Bottled Tornado","Runic Dome"],"potions_floor_usage":[16,16],"damage_taken":[{"damage":0,"enemies":"2 Louse","floor":1,"turns":1},{"damage":0,"enemies":"Cultist","floor":5,"turns":1},{"damage":0,"enemies":"Lagavulin","floor":6,"turns":1},{"damage":0,"enemies":"Small Slimes","floor":7,"turns":4},{"damage":1,"enemies":"2 Fungi Beasts","floor":10,"turns":4},{"damage":39,"enemies":"3 Sentries","floor":12,"turns":19},{"damage":34,"enemies":"The Guardian","floor":16,"turns":31},{"damage":11,"enemies":"Shell Parasite","floor":18,"turns":8},{"damage":20,"enemies":"Spheric Guardian","floor":22,"turns":6},{"damage":45,"enemies":"Cultist and Chosen","floor":24,"turns":7},{"damage":33,"enemies":"Chosen and Byrds","floor":25,"turns":6}],"seed_played":"-5679140967557765860","potions_obtained":[{"floor":5,"key":"SpeedPotion"},{"floor":10,"key":"Regen Potion"},{"floor":16,"key":"SpeedPotion"}],"is_trial":false,"path_per_floor":["M","$","?","$","M","E","M","R","T","M","R","E","$","?","R","B",null,"M","?","?","?","M","R","M","M"],"character_chosen":"THE_SILENT","items_purchased":["Footwork"],"campfire_rested":2,"item_purchase_floors":[2],"current_hp_per_floor":[70,70,70,70,70,70,70,70,70,69,69,30,30,47,68,49,70,59,46,71,71,51,73,28,0],"gold":212,"neow_bonus":"THREE_ENEMY_KILL","is_prod":false,"is_daily":false,"chose_seed":false,"campfire_upgraded":1,"win_rate":0,"timestamp":1543773605,"path_taken":["M","$","?","?","M","E","M","R","T","M","R","E","$","?","R","BOSS","M","?","?","?","?","R","M","M"],"build_version":"2018-11-15","purchased_purges":1,"victory":false,"max_hp_per_floor":[70,70,70,70,70,70,70,70,70,70,70,70,70,70,70,70,70,70,75,75,75,75,75,75,75],"card_choices":[{"not_picked":["Blade Dance","Heel Hook"],"picked":"Cloak And Dagger","floor":1},{"not_picked":["Acrobatics","Eviscerate","Flechettes"],"picked":"SKIP","floor":5},{"not_picked":["Flying Knee","Underhanded Strike","Expertise"],"picked":"SKIP","floor":6},{"not_picked":["Poisoned Stab","Night Terror","Backflip"],"picked":"SKIP","floor":7},{"not_picked":["Slice","Backflip","Outmaneuver"],"picked":"SKIP","floor":10},{"not_picked":["Prepared","Dagger Throw"],"picked":"Backstab","floor":12},{"not_picked":["Glass Knife","Doppelganger"],"picked":"Corpse Explosion","floor":16},{"not_picked":["Bane","Slice+1","Outmaneuver"],"picked":"SKIP","floor":18},{"not_picked":["Riddle With Holes","Reflex"],"picked":"Cloak And Dagger","floor":22},{"not_picked":["Acrobatics+1","Terror","Crippling Poison"],"picked":"SKIP","floor":24}],"player_experience":617793,"relics_obtained":[{"floor":6,"key":"Bag of Preparation"},{"floor":12,"key":"Bottled Tornado"}],"event_choices":[{"cards_removed":["Defend_G"],"damage_healed":0,"gold_gain":0,"player_choice":"Purged","damage_taken":0,"max_hp_gain":0,"max_hp_loss":0,"event_name":"Purifier","floor":3,"gold_loss":0},{"damage_healed":17,"gold_gain":0,"player_choice":"Healed","damage_taken":0,"max_hp_gain":0,"max_hp_loss":0,"event_name":"The Cleric","floor":14,"gold_loss":35},{"damage_healed":0,"gold_gain":0,"player_choice":"Shed Blood","damage_taken":18,"max_hp_gain":5,"max_hp_loss":0,"event_name":"Forgotten Altar","floor":19,"gold_loss":0},{"damage_healed":25,"gold_gain":0,"player_choice":"Heal","damage_taken":0,"max_hp_gain":0,"max_hp_loss":0,"event_name":"The Library","floor":20,"gold_loss":0},{"damage_healed":0,"gold_gain":0,"player_choice":"Bet on Owner","damage_taken":0,"max_hp_gain":0,"max_hp_loss":0,"event_name":"The Joust","floor":21,"gold_loss":50}],"is_beta":false,"boss_relics":[{"not_picked":["Eternal Feather","Astrolabe"],"picked":"Runic Dome"}],"items_purged_floors":[13],"is_endless":false,"potions_floor_spawned":[5,10,16],"killed_by":"Chosen and Byrds","ascension_level":3}