{"gold_per_floor":[119,194,194,207,221,250,266,297,347,164,176,189,189,203,203,305,305,323,176,189,189,189,189],"floor_reached":23,"playtime":1225,"items_purged":["Defend_R"],"score":203,"play_id":"ddd09baf-6338-4258-b540-3a02e8ed8f05","local_time":"20190816231453","is_ascension_mode":false,"campfire_choices":[{"data":"Barricade","floor":13,"key":"SMITH"},{"floor":15,"key":"REST"}],"neow_cost":"NONE","seed_source_timestamp":127319356634967,"circlet_count":0,"master_deck":["Strike_R","Strike_R","Strike_R","Strike_R","Strike_R","Defend_R","Defend_R","Defend_R","Bash","Iron Wave","Cleave","Shrug It Off","Barricade+1","Anger","Inflame","Headbutt","Anger","Metallicize","Shrug It Off","Demon Form","Spot Weakness","Body Slam","Metallicize"],"relics":["Burning Blood","Dream Catcher","Bag of Preparation","Darkstone Periapt","Ancient Tea Set","Juzu Bracelet","Philosopher\u0027s Stone"],"potions_floor_usage":[8,11,16,20],"damage_taken":[{"damage":7,"enemies":"Small Slimes","floor":1,"turns":3},{"damage":0,"enemies":"2 Louse","floor":4,"turns":4},{"damage":3,"enemies":"Jaw Worm","floor":5,"turns":5},{"damage":26,"enemies":"Gremlin Nob","floor":6,"turns":5},{"damage":2,"enemies":"2 Fungi Beasts","floor":7,"turns":3},{"damage":38,"enemies":"3 Sentries","floor":8,"turns":14},{"damage":0,"enemies":"Large Slime","floor":11,"turns":4},{"damage":1,"enemies":"Exordium Thugs","floor":12,"turns":4},{"damage":0,"enemies":"Exordium Wildlife","floor":14,"turns":4},{"damage":35,"enemies":"Hexaghost","floor":16,"turns":12},{"damage":32,"enemies":"2 Thieves","floor":18,"turns":5},{"damage":16,"enemies":"Shell Parasite","floor":20,"turns":5},{"damage":67,"enemies":"Gremlin Leader","floor":23,"turns":4}],"seed_played":"2248641161678394162","potions_obtained":[{"floor":6,"key":"SpeedPotion"},{"floor":8,"key":"AttackPotion"},{"floor":11,"key":"FearPotion"},{"floor":14,"key":"FearPotion"},{"floor":16,"key":"Regen Potion"},{"floor":18,"key":"GamblersBrew"}],"is_trial":false,"path_per_floor":["M","?","?","M","M","E","M","E","T","$","M","M","R","M","R","B",null,"M","$","M","?","?","E"],"character_chosen":"IRONCLAD","items_purchased":["Inflame","Juzu Bracelet","Spot Weakness"],"campfire_rested":1,"item_purchase_floors":[10,10,19],"current_hp_per_floor":[79,68,73,79,82,62,66,34,34,34,40,45,45,51,76,47,85,59,59,63,63,63,0],"gold":189,"neow_bonus":"RANDOM_COMMON_RELIC","is_prod":false,"is_daily":false,"chose_seed":false,"campfire_upgraded":1,"win_rate":0,"timestamp":1566011693,"path_taken":["M","?","?","M","M","E","M","E","T","$","M","M","R","M","R","BOSS","M","$","M","?","?","E"],"build_version":"2019-07-17","purchased_purges":1,"victory":false,"max_hp_per_floor":[80,80,85,85,85,85,85,85,85,85,85,85,85,85,85,85,85,85,85,85,85,85,85],"card_choices":[{"not_picked":["Twin Strike","Clash","Flame Barrier"],"picked":"SKIP","floor":1},{"not_picked":["Sword Boomerang","Juggernaut"],"picked":"Iron Wave","floor":4},{"not_picked":["Infernal Blade","Pommel Strike"],"picked":"Cleave","floor":5},{"not_picked":["Disarm","Pommel Strike"],"picked":"Shrug It Off","floor":6},{"not_picked":["Armaments","Carnage"],"picked":"Barricade","floor":7},{"not_picked":["True Grit","Whirlwind"],"picked":"Anger","floor":8},{"not_picked":["Twin Strike","True Grit"],"picked":"Headbutt","floor":11},{"not_picked":["Hemokinesis","Whirlwind"],"picked":"Anger","floor":12},{"not_picked":["Battle Trance","Iron Wave"],"picked":"Metallicize","floor":14},{"not_picked":["Battle Trance","Thunderclap"],"picked":"Shrug It Off","floor":15},{"not_picked":["Double Tap","Bludgeon"],"picked":"Demon Form","floor":16},{"not_picked":["Uppercut","Warcry","Wild Strike+1"],"picked":"SKIP","floor":18},{"not_picked":["Havoc","Anger"],"picked":"Body Slam","floor":20}],"player_experience":107836,"relics_obtained":[{"floor":6,"key":"Bag of Preparation"},{"floor":8,"key":"Darkstone Periapt"},{"floor":9,"key":"Ancient Tea Set"}],"event_choices":[{"damage_healed":0,"gold_gain":75,"player_choice":"Gather Gold","damage_taken":11,"max_hp_gain":0,"max_hp_loss":0,"event_name":"World of Goop","floor":2,"gold_loss":0},{"damage_healed":0,"gold_gain":0,"player_choice":"Donut","damage_taken":0,"max_hp_gain":5,"max_hp_loss":0,"event_name":"Big Fish","floor":3,"gold_loss":0},{"damage_healed":0,"gold_gain":0,"player_choice":"Read","damage_taken":0,"max_hp_gain":0,"max_hp_loss":0,"event_name":"The Library","floor":21,"gold_loss":0,"cards_obtained":["Metallicize"]},{"damage_healed":0,"gold_gain":0,"player_choice":"Ignored","damage_taken":0,"max_hp_gain":0,"max_hp_loss":0,"event_name":"Ghosts","floor":22,"gold_loss":0}],"is_beta":false,"boss_relics":[{"not_picked":["Eternal Feather","Astrolabe"],"picked":"Philosopher\u0027s Stone"}],"items_purged_floors":[19],"is_endless":false,"potions_floor_spawned":[6,8,11,14,16,18],"killed_by":"Gremlin Leader","ascension_level":0}