{"gold_per_floor":[19,29,304,315,63,63,33,33,59,82,96,109,123,138,138,138],"floor_reached":16,"playtime":1130,"items_purged":["Regret"],"score":150,"play_id":"36400afd-c18f-4c0d-9600-4f0c779fe7d5","local_time":"20190825222833","is_ascension_mode":true,"campfire_choices":[{"floor":6,"key":"REST"},{"data":"Zap","floor":8,"key":"SMITH"},{"floor":15,"key":"REST"}],"neow_cost":"NO_GOLD","seed_source_timestamp":1024506349167300,"circlet_count":0,"master_deck":["AscendersBane","Strike_B","Strike_B","Strike_B","Strike_B","Defend_B","Defend_B","Defend_B","Defend_B","Zap+1","Dualcast","Reinforced Body","Glacier","Buffer","Gash"],"relics":["Cracked Core","Anchor","Odd Mushroom"],"potions_floor_usage":[5,16,16],"damage_taken":[{"damage":9,"enemies":"Small Slimes","floor":1,"turns":4},{"damage":0,"enemies":"Cultist","floor":2,"turns":4},{"damage":12,"enemies":"Jaw Worm","floor":4,"turns":5},{"damage":0,"enemies":"Looter","floor":7,"turns":4},{"damage":29,"enemies":"The Mushroom Lair","floor":10,"turns":7},{"damage":3,"enemies":"3 Louse","floor":11,"turns":5},{"damage":2,"enemies":"Large Slime","floor":12,"turns":8},{"damage":8,"enemies":"2 Fungi Beasts","floor":13,"turns":4},{"damage":27,"enemies":"Exordium Thugs","floor":14,"turns":6},{"damage":40,"enemies":"Slime Boss","floor":16,"turns":12}],"seed_played":"-8151452272358792383","potions_obtained":[{"floor":1,"key":"Energy Potion"},{"floor":4,"key":"LiquidBronze"},{"floor":11,"key":"AttackPotion"},{"floor":13,"key":"Weak Potion"}],"is_trial":false,"path_per_floor":["M","M","?","M","$","R","M","R","T","?","M","M","M","M","R","B"],"character_chosen":"DEFECT","items_purchased":["Fruit Juice","Buffer"],"campfire_rested":2,"item_purchase_floors":[5,5],"current_hp_per_floor":[59,59,59,47,52,76,76,76,76,47,44,42,34,7,31,0],"gold":138,"neow_bonus":"THREE_RARE_CARDS","is_prod":false,"is_daily":false,"chose_seed":false,"campfire_upgraded":1,"win_rate":0,"timestamp":1566790113,"path_taken":["M","M","?","M","$","R","?","R","T","?","M","M","M","M","R","BOSS"],"build_version":"2019-07-17","purchased_purges":1,"victory":false,"max_hp_per_floor":[75,75,75,75,80,80,80,80,80,80,80,80,80,80,80,80],"card_choices":[{"not_picked":["Steam Power","Fusion"],"picked":"Reinforced Body","floor":1},{"not_picked":["Streamline","Go for the Eyes"],"picked":"Glacier","floor":2},{"not_picked":["Aggregate","Consume","Coolheaded"],"picked":"SKIP","floor":4},{"not_picked":["Go for the Eyes","Redo"],"picked":"Gash","floor":7},{"not_picked":["Fusion","Compile Driver","Skim"],"picked":"SKIP","floor":11},{"not_picked":["Leap","Go for the Eyes","Rebound"],"picked":"SKIP","floor":12},{"not_picked":["Biased Cognition","Leap","Sunder"],"picked":"SKIP","floor":13},{"not_picked":["Steam","Beam Cell","Chaos"],"picked":"SKIP","floor":14}],"player_experience":2914582,"relics_obtained":[{"floor":9,"key":"Anchor"},{"floor":10,"key":"Odd Mushroom"}],"event_choices":[{"damage_healed":0,"gold_gain":275,"player_choice":"Desecrate","damage_taken":0,"max_hp_gain":0,"max_hp_loss":0,"event_name":"Golden Shrine","floor":3,"gold_loss":0,"cards_obtained":["Regret"]},{"damage_healed":0,"gold_gain":0,"player_choice":"Fought Mushrooms","damage_taken":0,"max_hp_gain":0,"max_hp_loss":0,"event_name":"Mushrooms","floor":10,"gold_loss":0}],"is_beta":false,"boss_relics":[],"items_purged_floors":[5],"is_endless":false,"potions_floor_spawned":[1,4,11,13],"killed_by":"Slime Boss","ascension_level":12}