{"gold_per_floor":[115,115,115,115,127,153,165,194,229,10,85,85,85,100,100,203,203,221,13,31,31,31,31,46,46,46,46,73,73,84,9,9,112,112,130,230,247,247,25,57,57],"floor_reached":41,"playtime":2170,"items_purged":["Writhe"],"score":685,"play_id":"2ca1551b-d048-4c70-9374-aeae273bdb1d","local_time":"20190728211848","is_ascension_mode":true,"campfire_choices":[{"data":"Zap","floor":7,"key":"SMITH"},{"data":"Defragment","floor":12,"key":"SMITH"},{"floor":15,"key":"REST"},{"floor":23,"key":"REST"},{"data":"Footwork","floor":25,"key":"SMITH"},{"data":"Capacitor","floor":27,"key":"SMITH"},{"data":"Electrodynamics","floor":32,"key":"SMITH"}],"neow_cost":"NONE","seed_source_timestamp":1456128957077575,"circlet_count":0,"master_deck":["AscendersBane","Strike_B","Strike_B","Strike_B","Defend_B","Defend_B","Defend_B","Defend_B","Zap+1","Undo","Capacitor+1","Conserve Battery","Reinforced Body","Defragment+1","Core Surge","Electrodynamics+1","Cold Snap","Cold Snap+1","Footwork+1","Blur+1","Corpse Explosion+1","Defragment","BootSequence+1","Entrench+1"],"relics":["Cracked Core","NeowsBlessing","MawBank","Juzu Bracelet","WarpedTongs","Cursed Key","PrismaticShard","Singing Bowl","Red Mask","Toxic Egg 2","Philosopher\u0027s Stone","Calipers","Ancient Tea Set"],"potions_floor_usage":[16,16,16,33],"damage_taken":[{"damage":0,"enemies":"Small Slimes","floor":1,"turns":1},{"damage":0,"enemies":"Cultist","floor":5,"turns":1},{"damage":0,"enemies":"Lagavulin","floor":6,"turns":1},{"damage":0,"enemies":"Jaw Worm","floor":8,"turns":5},{"damage":6,"enemies":"2 Fungi Beasts","floor":14,"turns":6},{"damage":37,"enemies":"Slime Boss","floor":16,"turns":12},{"damage":7,"enemies":"Chosen","floor":18,"turns":4},{"damage":10,"enemies":"Spheric Guardian","floor":20,"turns":6},{"damage":10,"enemies":"Centurion and Healer","floor":24,"turns":5},{"damage":3,"enemies":"Masked Bandits","floor":28,"turns":4},{"damage":8,"enemies":"Sentry and Sphere","floor":30,"turns":6},{"damage":12,"enemies":"Champ","floor":33,"turns":20},{"damage":7,"enemies":"Orb Walker","floor":35,"turns":4},{"damage":0,"enemies":"Mind Bloom Boss Battle","floor":36,"turns":7},{"damage":23,"enemies":"3 Shapes","floor":37,"turns":4},{"damage":10,"enemies":"Nemesis","floor":40,"turns":15},{"damage":42,"enemies":"Writhing Mass","floor":41,"turns":5}],"seed_played":"5899930682801736984","potions_obtained":[{"floor":1,"key":"Poison Potion"},{"floor":6,"key":"SkillPotion"},{"floor":14,"key":"Fire Potion"},{"floor":18,"key":"SmokeBomb"},{"floor":28,"key":"PowerPotion"},{"floor":33,"key":"AttackPotion"},{"floor":40,"key":"Strength Potion"}],"is_trial":false,"path_per_floor":["M","?","?","?","M","E","R","M","T","$","?","R","?","M","R","B",null,"M","$","M","$","?","R","M","R","T","R","?","?","M","?","R","B",null,"M","?","M","?","$","E","M"],"character_chosen":"DEFECT","items_purchased":["Juzu Bracelet","Defragment","PrismaticShard","Defragment","BootSequence+1"],"campfire_rested":2,"item_purchase_floors":[10,10,19,39,39],"current_hp_per_floor":[68,68,73,73,73,73,73,73,73,73,62,62,62,56,80,43,71,64,64,54,54,54,78,68,68,68,68,67,67,59,59,59,47,73,68,70,49,51,51,41,0],"gold":57,"neow_bonus":"THREE_ENEMY_KILL","is_prod":false,"is_daily":false,"chose_seed":false,"campfire_upgraded":5,"win_rate":0,"timestamp":1564366728,"path_taken":["M","?","?","?","?","E","R","M","T","$","?","R","?","M","R","BOSS","M","?","M","$","?","R","M","R","T","R","?","?","M","?","R","BOSS","M","?","M","?","?","E","M"],"build_version":"2019-07-17","purchased_purges":1,"victory":false,"max_hp_per_floor":[75,75,80,80,80,80,80,80,80,80,80,80,80,80,80,80,80,80,80,80,80,80,80,80,80,80,80,82,82,82,82,82,82,82,84,86,88,90,90,90,90],"card_choices":[{"not_picked":["Go for the Eyes","Self Repair"],"picked":"Undo","floor":1},{"not_picked":["Fusion","Storm"],"picked":"Conserve Battery","floor":5},{"not_picked":["Conserve Battery","Force Field"],"picked":"Reinforced Body","floor":6},{"not_picked":["Recycle","Consume","White Noise"],"picked":"SKIP","floor":8},{"not_picked":["Streamline","Barrage"],"picked":"Core Surge","floor":14},{"not_picked":["Machine Learning","Biased Cognition"],"picked":"Electrodynamics","floor":16},{"not_picked":["Go for the Eyes","Sweeping Beam"],"picked":"Cold Snap","floor":18},{"not_picked":["Go for the Eyes","Dagger Spray"],"picked":"Cold Snap+1","floor":20},{"not_picked":["Double Energy","Heavy Blade"],"picked":"Footwork","floor":24},{"not_picked":["Heavy Blade","Dodge and Roll","Wild Strike"],"picked":"Singing Bowl","floor":28},{"not_picked":["Leap+1","Self Repair"],"picked":"Blur+1","floor":30},{"not_picked":["A Thousand Cuts","Grand Finale"],"picked":"Corpse Explosion+1","floor":33},{"not_picked":["Dash+1","Barrage","Masterful Stab"],"picked":"Singing Bowl","floor":35},{"not_picked":["Force Field+1","Searing Blow","Dagger Throw"],"picked":"Singing Bowl","floor":36},{"not_picked":["Thunderclap","Beam Cell","Flex+1"],"picked":"Singing Bowl","floor":37},{"not_picked":["Flash of Steel","Swift Strike","Panacea+1"],"picked":"Singing Bowl","floor":38},{"not_picked":["Reckless Charge+1","Perfected Strike+1"],"picked":"Entrench+1","floor":40}],"player_experience":2556951,"relics_obtained":[{"floor":6,"key":"MawBank"},{"floor":26,"key":"Singing Bowl"},{"floor":28,"key":"Red Mask"},{"floor":36,"key":"Calipers"},{"floor":40,"key":"Ancient Tea Set"}],"event_choices":[{"cards_removed":["Dualcast"],"damage_healed":0,"gold_gain":0,"player_choice":"Forget","damage_taken":0,"max_hp_gain":0,"max_hp_loss":0,"event_name":"Living Wall","floor":2,"gold_loss":0},{"damage_healed":0,"gold_gain":0,"player_choice":"Donut","damage_taken":0,"max_hp_gain":5,"max_hp_loss":0,"event_name":"Big Fish","floor":3,"gold_loss":0},{"damage_healed":0,"gold_gain":0,"cards_transformed":["Strike_B"],"player_choice":"Transformed","damage_taken":0,"max_hp_gain":0,"max_hp_loss":0,"event_name":"Transmorgrifier","floor":4,"gold_loss":0,"cards_obtained":["Capacitor"]},{"damage_healed":0,"gold_gain":75,"player_choice":"Gather Gold","damage_taken":11,"max_hp_gain":0,"max_hp_loss":0,"event_name":"World of Goop","floor":11,"gold_loss":0},{"damage_healed":0,"gold_gain":0,"player_choice":"Rummage","damage_taken":0,"relics_obtained":["WarpedTongs"],"max_hp_gain":0,"max_hp_loss":0,"event_name":"Accursed Blacksmith","floor":13,"gold_loss":0,"cards_obtained":["Pain"]},{"cards_removed":["Pain"],"damage_healed":0,"gold_gain":0,"player_choice":"Removed Curses","damage_taken":0,"max_hp_gain":0,"max_hp_loss":0,"event_name":"Fountain of Cleansing","floor":22,"gold_loss":0},{"damage_healed":0,"gold_gain":0,"player_choice":"Fought Bandits","damage_taken":0,"max_hp_gain":0,"max_hp_loss":0,"event_name":"Masked Bandits","floor":28,"gold_loss":0},{"damage_healed":0,"gold_gain":0,"player_choice":"Opened","damage_taken":0,"relics_obtained":["Toxic Egg 2"],"max_hp_gain":0,"max_hp_loss":0,"event_name":"The Mausoleum","floor":29,"gold_loss":0,"cards_obtained":["Writhe"]},{"cards_removed":["Pain"],"damage_healed":0,"gold_gain":0,"player_choice":"Gave Gold","damage_taken":0,"max_hp_gain":0,"max_hp_loss":0,"event_name":"Beggar","floor":31,"gold_loss":75},{"damage_healed":0,"gold_gain":0,"player_choice":"Fight","damage_taken":0,"max_hp_gain":0,"max_hp_loss":0,"event_name":"MindBloom","floor":36,"gold_loss":0},{"damage_healed":0,"gold_gain":0,"player_choice":"Memory 1","damage_taken":0,"max_hp_gain":0,"max_hp_loss":0,"event_name":"SensoryStone","floor":38,"gold_loss":0}],"is_beta":false,"boss_relics":[{"not_picked":["Ectoplasm","Calling Bell"],"picked":"Cursed Key"},{"not_picked":["Astrolabe","Velvet Choker"],"picked":"Philosopher\u0027s Stone"}],"items_purged_floors":[39],"is_endless":false,"potions_floor_spawned":[1,6,14,18,28,33,40],"killed_by":"Writhing Mass","ascension_level":10}