{"gold_per_floor":[117,117,135,20,39,39,59,73,99,125,125,125,190,65,65,65],"floor_reached":16,"playtime":896,"items_purged":["Strike_R","Strike_R"],"score":132,"play_id":"2f03d177-6d41-4cee-af02-625b7d5a93ca","local_time":"20190124223436","is_ascension_mode":true,"campfire_choices":[{"data":"Juggernaut","floor":6,"key":"SMITH"},{"floor":15,"key":"REST"}],"neow_cost":"TEN_PERCENT_HP_LOSS","seed_source_timestamp":1274573807671284,"circlet_count":0,"master_deck":["Strike_R+1","Defend_R","Defend_R+1","Defend_R","Defend_R","Bash","Battle Trance","Juggernaut+1","Whirlwind","Armaments","Shockwave","Flame Barrier","Armaments"],"relics":["Burning Blood","Dream Catcher","Red Skull","Golden Idol","Tiny Chest"],"potions_floor_usage":[13,13,13],"damage_taken":[{"damage":0,"enemies":"Cultist","floor":1,"turns":4},{"damage":1,"enemies":"Small Slimes","floor":3,"turns":4},{"damage":8,"enemies":"Jaw Worm","floor":5,"turns":4},{"damage":16,"enemies":"Large Slime","floor":7,"turns":7},{"damage":11,"enemies":"Blue Slaver","floor":8,"turns":4},{"damage":17,"enemies":"Lagavulin","floor":10,"turns":7},{"damage":7,"enemies":"3 Sentries","floor":13,"turns":6},{"damage":47,"enemies":"Slime Boss","floor":16,"turns":8}],"seed_played":"-4121549964706592788","potions_obtained":[{"floor":3,"key":"SpeedPotion"},{"floor":5,"key":"PowerPotion"},{"floor":8,"key":"GamblersBrew"},{"floor":13,"key":"SmokeBomb"}],"is_trial":false,"path_per_floor":["M","?","M","$","M","R","M","M","T","E","?","?","E","$","R","B"],"character_chosen":"IRONCLAD","items_purchased":["Whirlwind","Armaments"],"campfire_rested":1,"item_purchase_floors":[4,14],"current_hp_per_floor":[72,77,77,77,75,75,65,60,60,49,34,15,14,14,37,0],"gold":65,"neow_bonus":"TRANSFORM_TWO_CARDS","is_prod":false,"is_daily":false,"chose_seed":false,"campfire_upgraded":1,"win_rate":0,"timestamp":1548390876,"path_taken":["M","?","M","$","M","R","M","M","T","E","?","?","E","?","R","BOSS"],"build_version":"2019-01-23","purchased_purges":2,"victory":false,"max_hp_per_floor":[72,77,77,77,77,77,77,77,77,77,77,77,77,77,77,77],"card_choices":[{"not_picked":["Headbutt","Evolve","Carnage"],"picked":"SKIP","floor":1},{"not_picked":["Fire Breathing","Uppercut","Headbutt"],"picked":"SKIP","floor":3},{"not_picked":["Havoc","Sword Boomerang","Infernal Blade"],"picked":"SKIP","floor":5},{"not_picked":["Pummel","Havoc"],"picked":"Armaments","floor":7},{"not_picked":["Second Wind","Combust","Clothesline"],"picked":"SKIP","floor":8},{"not_picked":["Seeing Red","Warcry"],"picked":"Shockwave","floor":10},{"not_picked":["Infernal Blade","Heavy Blade"],"picked":"Flame Barrier","floor":13}],"player_experience":1143125,"relics_obtained":[{"floor":9,"key":"Dream Catcher"},{"floor":10,"key":"Red Skull"},{"floor":13,"key":"Tiny Chest"}],"event_choices":[{"damage_healed":0,"gold_gain":0,"player_choice":"Donut","damage_taken":0,"max_hp_gain":5,"max_hp_loss":0,"event_name":"Big Fish","floor":2,"gold_loss":0},{"damage_healed":0,"gold_gain":0,"player_choice":"Entered Light","damage_taken":15,"max_hp_gain":0,"max_hp_loss":0,"event_name":"Shining Light","floor":11,"gold_loss":0,"cards_upgraded":["Defend_R","Strike_R"]},{"damage_healed":0,"gold_gain":0,"player_choice":"Take Damage","damage_taken":19,"relics_obtained":["Golden Idol"],"max_hp_gain":0,"max_hp_loss":0,"event_name":"Golden Idol","floor":12,"gold_loss":0}],"is_beta":false,"boss_relics":[],"items_purged_floors":[4,14],"is_endless":false,"potions_floor_spawned":[3,5,8,13],"killed_by":"Slime Boss","ascension_level":4}