{"gold_per_floor":[116,116,126,145,145,145,160,160,160,180,199,212,212,222,222,321,321,261,311,51,71,48,48,68,95,119,119,119,137,154,166,166,261,261,271,285,385,395,38,38,38,38,38,48,76,95,112,125,125,125,125,125,0,32,32],"floor_reached":55,"playtime":3556,"items_purged":["Decay","Strike_R","Strike_R"],"score":1036,"play_id":"ee98beee-5ce5-445c-b523-adab43f0e9e2","local_time":"20190318213048","is_ascension_mode":true,"campfire_choices":[{"data":"Battle Trance","floor":6,"key":"SMITH"},{"floor":8,"key":"REST"},{"data":"Juggernaut","floor":15,"key":"SMITH"},{"data":"Body Slam","floor":23,"key":"SMITH"},{"floor":27,"key":"REST"},{"data":"Metamorphosis","floor":32,"key":"SMITH"},{"data":"Seeing Red","floor":40,"key":"SMITH"},{"data":"Impervious","floor":42,"key":"SMITH"},{"floor":49,"key":"RECALL"},{"data":"Shrug It Off","floor":52,"key":"SMITH"}],"neow_cost":"NONE","seed_source_timestamp":182646195125258,"circlet_count":0,"master_deck":["Strike_R","Strike_R","Strike_R","Defend_R+1","Defend_R","Defend_R+1","Defend_R","Battle Trance+1","Juggernaut+1","Ghostly Armor","Impervious+1","Ghostly Armor","Metamorphosis+1","Shrug It Off","Rampage","Body Slam+1","Inflame+1","Ghostly Armor","Seeing Red+1","Juggernaut+1","Shrug It Off+1","Armaments"],"relics":["Burning Blood","FossilizedHelix","Thread and Needle","Runic Pyramid","Meat on the Bone","Orichalcum","Philosopher\u0027s Stone","Champion Belt","Frozen Egg 2","Bag of Marbles","Nunchaku"],"potions_floor_usage":[16,16,16,25,31,36,37,50,55,55],"damage_taken":[{"damage":11,"enemies":"Jaw Worm","floor":1,"turns":7},{"damage":0,"enemies":"Cultist","floor":3,"turns":6},{"damage":7,"enemies":"Small Slimes","floor":4,"turns":5},{"damage":31,"enemies":"Exordium Thugs","floor":7,"turns":12},{"damage":18,"enemies":"Gremlin Gang","floor":10,"turns":11},{"damage":2,"enemies":"Red Slaver","floor":11,"turns":3},{"damage":1,"enemies":"2 Fungi Beasts","floor":12,"turns":3},{"damage":0,"enemies":"Looter","floor":14,"turns":3},{"damage":53,"enemies":"Hexaghost","floor":16,"turns":11},{"damage":0,"enemies":"2 Thieves","floor":18,"turns":4},{"damage":0,"enemies":"Shell Parasite","floor":21,"turns":6},{"damage":0,"enemies":"3 Cultists","floor":24,"turns":6},{"damage":52,"enemies":"Slavers","floor":25,"turns":8},{"damage":8,"enemies":"Snake Plant","floor":29,"turns":4},{"damage":15,"enemies":"Centurion and Healer","floor":30,"turns":6},{"damage":0,"enemies":"Cultist and Chosen","floor":31,"turns":6},{"damage":0,"enemies":"Automaton","floor":33,"turns":8},{"damage":0,"enemies":"Orb Walker","floor":35,"turns":5},{"damage":14,"enemies":"3 Shapes","floor":36,"turns":3},{"damage":0,"enemies":"Mind Bloom Boss Battle","floor":37,"turns":6},{"damage":0,"enemies":"Sphere and 2 Shapes","floor":38,"turns":4},{"damage":0,"enemies":"Spire Growth","floor":44,"turns":4},{"damage":0,"enemies":"Nemesis","floor":45,"turns":5},{"damage":0,"enemies":"Maw","floor":46,"turns":6},{"damage":0,"enemies":"3 Darklings","floor":47,"turns":4},{"damage":0,"enemies":"Spire Growth","floor":48,"turns":5},{"damage":26,"enemies":"Awakened One","floor":50,"turns":11},{"damage":67,"enemies":"Shield and Spear","floor":54,"turns":8},{"damage":54,"enemies":"The Heart","floor":55,"turns":3}],"seed_played":"5777528418145379036","potions_obtained":[{"floor":1,"key":"EssenceOfSteel"},{"floor":4,"key":"GamblersBrew"},{"floor":11,"key":"Poison Potion"},{"floor":14,"key":"Fire Potion"},{"floor":16,"key":"SkillPotion"},{"floor":25,"key":"Swift Potion"},{"floor":30,"key":"Swift Potion"},{"floor":33,"key":"Swift Potion"},{"floor":35,"key":"Energy Potion"},{"floor":37,"key":"FairyPotion"},{"floor":45,"key":"Regen Potion"},{"floor":46,"key":"PowerPotion"},{"floor":54,"key":"Fire Potion"}],"is_trial":false,"path_per_floor":["M","?","M","M","?","R","M","R","T","M","M","M","?","M","R","B",null,"M","?","$","M","$","R","M","E","T","R","?","M","M","M","R","B",null,"M","M","?","M","$","R","?","R","T","M","E","M","M","M","R","B",null,"R","$","E","B"],"character_chosen":"IRONCLAD","items_purchased":["Metamorphosis","Shrug It Off","Body Slam","Frozen Egg 2"],"campfire_rested":2,"item_purchase_floors":[20,20,22,39],"current_hp_per_floor":[67,67,73,72,72,72,47,71,71,59,63,68,52,58,58,11,63,69,69,69,75,75,75,80,34,34,58,43,53,56,62,62,68,81,85,77,83,85,85,85,85,85,85,85,85,85,85,85,85,65,80,80,80,31,0],"gold":32,"neow_bonus":"TRANSFORM_CARD","is_prod":false,"is_daily":false,"chose_seed":false,"campfire_upgraded":7,"win_rate":0,"timestamp":1552962648,"path_taken":["M","?","M","?","?","R","?","R","T","M","M","M","?","M","R","BOSS","M","?","$","?","?","R","M","E","T","R","?","M","M","M","R","BOSS","M","M","?","M","$","R","?","R","T","M","E","M","M","M","R","BOSS","R","$","E","BOSS"],"build_version":"2019-01-23","purchased_purges":3,"victory":false,"max_hp_per_floor":[80,80,80,80,80,80,80,80,80,80,80,80,80,80,80,80,80,80,80,80,80,80,80,80,80,80,80,85,85,85,85,85,85,85,85,85,85,85,85,85,85,85,85,85,85,85,85,85,85,85,85,85,85,85,85],"card_choices":[{"not_picked":["Corruption","Sever Soul","True Grit"],"picked":"SKIP","floor":1},{"not_picked":["Evolve","Clash","Dual Wield"],"picked":"SKIP","floor":3},{"not_picked":["Carnage","Flex","Dropkick"],"picked":"SKIP","floor":4},{"not_picked":["Sword Boomerang","Anger","Pommel Strike"],"picked":"SKIP","floor":7},{"not_picked":["Shrug It Off","Flame Barrier"],"picked":"Juggernaut","floor":10},{"not_picked":["Twin Strike","Flex","True Grit"],"picked":"SKIP","floor":11},{"not_picked":["Sword Boomerang","Heavy Blade"],"picked":"Ghostly Armor","floor":12},{"not_picked":["Armaments","Dropkick","Burning Pact"],"picked":"SKIP","floor":14},{"not_picked":["Exhume","Feed"],"picked":"Impervious","floor":16},{"not_picked":["Iron Wave+1","Warcry+1"],"picked":"Ghostly Armor","floor":18},{"not_picked":["Sentinel","True Grit+1"],"picked":"Rampage","floor":21},{"not_picked":["Perfected Strike","Anger","Iron Wave"],"picked":"SKIP","floor":24},{"not_picked":["Carnage","Offering"],"picked":"Inflame+1","floor":25},{"not_picked":["Heavy Blade+1","Sever Soul"],"picked":"Ghostly Armor","floor":29},{"not_picked":["Perfected Strike","Dropkick","Clash+1"],"picked":"SKIP","floor":30},{"not_picked":["Shockwave","Carnage","Clothesline+1"],"picked":"SKIP","floor":31},{"not_picked":["Havoc","Whirlwind","Blood for Blood"],"picked":"SKIP","floor":35},{"not_picked":["Armaments","Wild Strike"],"picked":"Seeing Red","floor":36},{"not_picked":["True Grit+1","Anger","Clash+1"],"picked":"SKIP","floor":38},{"not_picked":["Perfected Strike+1","Pommel Strike"],"picked":"Shrug It Off","floor":44},{"not_picked":["Evolve+1","Warcry","Sword Boomerang+1"],"picked":"SKIP","floor":45},{"not_picked":["Reaper","Sword Boomerang+1","Wild Strike+1"],"picked":"SKIP","floor":46},{"not_picked":["Twin Strike","Armaments","Limit Break"],"picked":"SKIP","floor":47},{"not_picked":["Second Wind","Rupture+1","Infernal Blade"],"picked":"SKIP","floor":48},{"not_picked":["Clothesline+1","Blood for Blood+1"],"picked":"Armaments","floor":54}],"player_experience":1687902,"relics_obtained":[{"floor":9,"key":"Thread and Needle"},{"floor":25,"key":"Meat on the Bone"},{"floor":26,"key":"Orichalcum"},{"floor":37,"key":"Champion Belt"},{"floor":45,"key":"Bag of Marbles"},{"floor":54,"key":"Nunchaku"}],"event_choices":[{"damage_healed":0,"gold_gain":0,"player_choice":"Gave Potion","damage_taken":0,"relics_obtained":["FossilizedHelix"],"max_hp_gain":0,"max_hp_loss":0,"event_name":"WeMeetAgain","floor":2,"gold_loss":0},{"damage_healed":0,"gold_gain":0,"player_choice":"Cursed","damage_taken":0,"max_hp_gain":0,"max_hp_loss":0,"event_name":"Wheel of Change","floor":5,"gold_loss":0,"cards_obtained":["Decay"]},{"damage_healed":0,"gold_gain":0,"player_choice":"Entered Light","damage_taken":16,"max_hp_gain":0,"max_hp_loss":0,"event_name":"Shining Light","floor":13,"gold_loss":0,"cards_upgraded":["Defend_R","Defend_R"]},{"damage_healed":0,"gold_gain":100,"player_choice":"Bet on Murderer","damage_taken":0,"max_hp_gain":0,"max_hp_loss":0,"event_name":"The Joust","floor":19,"gold_loss":50},{"damage_healed":0,"gold_gain":0,"player_choice":"Shed Blood","damage_taken":20,"max_hp_gain":5,"max_hp_loss":0,"event_name":"Forgotten Altar","floor":28,"gold_loss":0},{"damage_healed":0,"gold_gain":0,"player_choice":"Fight","damage_taken":0,"max_hp_gain":0,"max_hp_loss":0,"event_name":"MindBloom","floor":37,"gold_loss":0},{"damage_healed":0,"gold_gain":0,"player_choice":"Copied","damage_taken":0,"max_hp_gain":0,"max_hp_loss":0,"event_name":"Duplicator","floor":41,"gold_loss":0,"cards_obtained":["Juggernaut"]}],"is_beta":false,"boss_relics":[{"not_picked":["Pandora\u0027s Box","Runic Cube"],"picked":"Runic Pyramid"},{"not_picked":["Calling Bell","Mark of Pain"],"picked":"Philosopher\u0027s Stone"}],"items_purged_floors":[20,39,53],"is_endless":false,"potions_floor_spawned":[1,4,11,14,16,25,30,33,35,37,45,46,54],"killed_by":"The Heart","ascension_level":8}