{"gold_per_floor":[110,185,185,197,85,85,96,108,153,163,178,195,195,212,212,311,311,326,344,259,259,270,270,270,270],"floor_reached":25,"playtime":2118,"items_purged":["Strike_B"],"score":296,"play_id":"38855d4c-97ca-4d93-a917-9c0d65dfdb56","local_time":"20190722164414","is_ascension_mode":true,"campfire_choices":[{"data":"Zap","floor":6,"key":"SMITH"},{"floor":13,"key":"REST"},{"data":"Glacier","floor":15,"key":"SMITH"},{"floor":23,"key":"REST"}],"neow_cost":"TEN_PERCENT_HP_LOSS","seed_source_timestamp":921304475957236,"circlet_count":0,"master_deck":["AscendersBane","Strike_B","Defend_B","Defend_B","Defend_B","Defend_B","Zap+1","Conserve Battery","Glacier+1","Conserve Battery","Cold Snap","Machine Learning"],"relics":["Cracked Core","Dream Catcher","Anchor","Busted Crown","Cables","Enchiridion"],"potions_floor_usage":[11,11,16,16],"damage_taken":[{"damage":0,"enemies":"Cultist","floor":1,"turns":4},{"damage":0,"enemies":"2 Louse","floor":4,"turns":3},{"damage":0,"enemies":"Jaw Worm","floor":7,"turns":5},{"damage":0,"enemies":"Blue Slaver","floor":8,"turns":5},{"damage":0,"enemies":"Large Slime","floor":10,"turns":9},{"damage":10,"enemies":"Gremlin Gang","floor":11,"turns":7},{"damage":4,"enemies":"2 Fungi Beasts","floor":12,"turns":5},{"damage":0,"enemies":"Large Slime","floor":14,"turns":6},{"damage":44,"enemies":"Slime Boss","floor":16,"turns":33},{"damage":15,"enemies":"3 Byrds","floor":18,"turns":9},{"damage":0,"enemies":"Shell Parasite","floor":19,"turns":18},{"damage":2,"enemies":"Snecko","floor":22,"turns":8},{"damage":42,"enemies":"Centurion and Healer","floor":25,"turns":13}],"seed_played":"-4356116682120020507","potions_obtained":[{"floor":1,"key":"Ancient Potion"},{"floor":4,"key":"Weak Potion"},{"floor":10,"key":"SpeedPotion"},{"floor":12,"key":"SpeedPotion"},{"floor":18,"key":"Fire Potion"}],"is_trial":false,"path_per_floor":["M","?","?","M","$","R","M","M","T","M","M","M","R","M","R","B",null,"M","M","?","?","M","R","?","M"],"character_chosen":"DEFECT","items_purchased":["Glacier"],"campfire_rested":2,"item_purchase_floors":[5],"current_hp_per_floor":[68,57,50,50,50,50,50,50,50,50,40,36,56,56,56,12,54,39,39,39,23,21,41,41,0],"gold":270,"neow_bonus":"REMOVE_TWO","is_prod":false,"is_daily":false,"chose_seed":false,"campfire_upgraded":2,"win_rate":0,"timestamp":1563831854,"path_taken":["M","?","?","M","?","R","M","M","T","M","M","M","R","M","R","BOSS","M","M","?","?","M","R","?","?"],"build_version":"2019-07-17","purchased_purges":1,"victory":false,"max_hp_per_floor":[68,68,68,68,68,68,68,68,68,68,68,68,68,68,68,68,68,68,68,68,68,68,68,68,68],"card_choices":[{"not_picked":["Coolheaded","Recycle"],"picked":"Conserve Battery","floor":1},{"not_picked":["Blizzard","Gash","Sweeping Beam"],"picked":"SKIP","floor":4},{"not_picked":["Recycle","Reinforced Body","Beam Cell"],"picked":"SKIP","floor":7},{"not_picked":["Stack","Coolheaded","Lockon"],"picked":"SKIP","floor":8},{"not_picked":["Gash","Sweeping Beam"],"picked":"Conserve Battery","floor":10},{"not_picked":["Compile Driver","Barrage","Beam Cell"],"picked":"SKIP","floor":11},{"not_picked":["Static Discharge","Rebound","Stack"],"picked":"SKIP","floor":12},{"not_picked":["Aggregate","Darkness"],"picked":"Cold Snap","floor":13},{"not_picked":["Steam","Coolheaded","Beam Cell"],"picked":"SKIP","floor":14},{"not_picked":["All For One","Creative AI"],"picked":"Machine Learning","floor":16},{"not_picked":["Go for the Eyes"],"picked":"SKIP","floor":18},{"not_picked":["Leap"],"picked":"SKIP","floor":19},{"not_picked":["Beam Cell"],"picked":"SKIP","floor":22}],"player_experience":2402720,"relics_obtained":[{"floor":9,"key":"Anchor"},{"floor":21,"key":"Enchiridion"}],"event_choices":[{"damage_healed":0,"gold_gain":75,"player_choice":"Gather Gold","damage_taken":11,"max_hp_gain":0,"max_hp_loss":0,"event_name":"World of Goop","floor":2,"gold_loss":0},{"damage_healed":0,"gold_gain":0,"player_choice":"Success","damage_taken":7,"relics_obtained":["Dream Catcher"],"max_hp_gain":0,"max_hp_loss":0,"event_name":"Scrap Ooze","floor":3,"gold_loss":0},{"damage_healed":0,"gold_gain":0,"player_choice":"Obtained Relic","damage_taken":0,"relics_obtained":["Cables"],"max_hp_gain":0,"max_hp_loss":0,"event_name":"Addict","floor":20,"gold_loss":85},{"damage_healed":0,"gold_gain":0,"player_choice":"Obtained Book","damage_taken":16,"max_hp_gain":0,"max_hp_loss":0,"event_name":"Cursed Tome","floor":21,"gold_loss":0},{"cards_removed":["Strike_B"],"damage_healed":0,"gold_gain":0,"player_choice":"Offered Basic","damage_taken":0,"max_hp_gain":0,"max_hp_loss":0,"event_name":"Bonfire Elementals","floor":24,"gold_loss":0}],"is_beta":false,"boss_relics":[{"not_picked":["Tiny House","Black Star"],"picked":"Busted Crown"}],"items_purged_floors":[5],"is_endless":false,"potions_floor_spawned":[1,4,10,12,18],"killed_by":"Centurion and Healer","ascension_level":10}