{"gold_per_floor":[113,38,53,53,53,53,71,71,71,91,126,138,138],"floor_reached":13,"playtime":469,"items_purged":["Defend_G"],"score":95,"play_id":"97d8ed14-bc33-421f-a67c-6dc22198a56a","local_time":"20181213065410","is_ascension_mode":true,"campfire_choices":[{"floor":6,"key":"RECALL"},{"data":"PiercingWail","floor":8,"key":"SMITH"}],"neow_cost":"NONE","seed_source_timestamp":46955803817837,"circlet_count":0,"master_deck":["Defend_G","Defend_G","Defend_G","Defend_G","Strike_G","Strike_G","Strike_G","Strike_G","Strike_G","Survivor","Neutralize","PiercingWail","Heel Hook","PiercingWail+1","Bouncing Flask","Bullet Time","Cloak And Dagger"],"relics":["Ring of the Snake","NeowsBlessing","Odd Mushroom","Bag of Preparation"],"potions_floor_usage":[11,13],"damage_taken":[{"damage":0,"enemies":"2 Louse","floor":1,"turns":1},{"damage":0,"enemies":"Jaw Worm","floor":3,"turns":1},{"damage":0,"enemies":"Small Slimes","floor":7,"turns":1},{"damage":39,"enemies":"The Mushroom Lair","floor":10,"turns":9},{"damage":22,"enemies":"Gremlin Nob","floor":11,"turns":4},{"damage":7,"enemies":"Blue Slaver","floor":12,"turns":3},{"damage":16,"enemies":"3 Sentries","floor":13,"turns":2}],"seed_played":"-6789293089914543414","potions_obtained":[{"floor":10,"key":"Fire Potion"},{"floor":11,"key":"EssenceOfSteel"}],"is_trial":false,"path_per_floor":["M","$","M","?","$","R","M","R","T","?","E","M","E"],"character_chosen":"THE_SILENT","items_purchased":[],"campfire_rested":0,"item_purchase_floors":[],"current_hp_per_floor":[70,70,70,75,75,75,75,75,75,36,14,7,0],"gold":138,"neow_bonus":"THREE_ENEMY_KILL","is_prod":false,"is_daily":false,"chose_seed":false,"campfire_upgraded":1,"win_rate":0,"timestamp":1544705650,"path_taken":["M","$","M","?","$","R","M","R","T","?","E","?","E"],"build_version":"2018-12-06","purchased_purges":1,"victory":false,"max_hp_per_floor":[70,70,70,75,75,75,75,75,75,75,75,75,75],"card_choices":[{"not_picked":["Dodge and Roll","Flying Knee"],"picked":"PiercingWail","floor":1},{"not_picked":["Underhanded Strike","Blade Dance"],"picked":"Heel Hook","floor":3},{"not_picked":["Acrobatics","Sucker Punch"],"picked":"PiercingWail","floor":7},{"not_picked":["Dagger Spray","Underhanded Strike"],"picked":"Bouncing Flask","floor":10},{"not_picked":["Choke","Flying Knee"],"picked":"Bullet Time","floor":11},{"not_picked":["Well Laid Plans","Bane"],"picked":"Cloak And Dagger","floor":12}],"player_experience":773634,"relics_obtained":[{"floor":10,"key":"Odd Mushroom"},{"floor":11,"key":"Bag of Preparation"}],"event_choices":[{"damage_healed":0,"gold_gain":0,"player_choice":"Donut","damage_taken":0,"max_hp_gain":5,"max_hp_loss":0,"event_name":"Big Fish","floor":4,"gold_loss":0},{"damage_healed":0,"gold_gain":0,"player_choice":"Fought Mushrooms","damage_taken":0,"max_hp_gain":0,"max_hp_loss":0,"event_name":"Mushrooms","floor":10,"gold_loss":0}],"is_beta":false,"boss_relics":[],"items_purged_floors":[2],"is_endless":false,"potions_floor_spawned":[10,11],"killed_by":"3 Sentries","ascension_level":3}