{"gold_per_floor":[111,111,211,60,74,93,93,111,111,111,11,28,28,42,42,42],"floor_reached":16,"playtime":850,"items_purged":["Strike_G","Strike_G"],"score":120,"play_id":"12a12f71-49be-4720-a74d-a1c4f8e4bee3","local_time":"20190218120406","is_ascension_mode":true,"campfire_choices":[{"data":"Tools of the Trade","floor":7,"key":"SMITH"},{"data":"Caltrops","floor":10,"key":"SMITH"},{"floor":15,"key":"REST"}],"neow_cost":"NONE","seed_source_timestamp":481207628747684,"circlet_count":0,"master_deck":["Defend_G","Defend_G","Defend_G","Defend_G","Defend_G","Strike_G","Strike_G","Survivor","Neutralize","Tools of the Trade+1","Caltrops+1","Crippling Poison","Infinite Blades","Bouncing Flask"],"relics":["Ring of the Snake","Sundial"],"potions_floor_usage":[12,12,16,16],"damage_taken":[{"damage":0,"enemies":"Cultist","floor":1,"turns":4},{"damage":1,"enemies":"Small Slimes","floor":5,"turns":8},{"damage":0,"enemies":"2 Louse","floor":6,"turns":6},{"damage":0,"enemies":"Blue Slaver","floor":8,"turns":5},{"damage":0,"enemies":"Lots of Slimes","floor":12,"turns":2},{"damage":6,"enemies":"Exordium Wildlife","floor":14,"turns":7},{"damage":71,"enemies":"Slime Boss","floor":16,"turns":8}],"seed_played":"1869375829853133827","potions_obtained":[{"floor":0,"key":"Explosive Potion"},{"floor":0,"key":"Ancient Potion"},{"floor":0,"key":"SpeedPotion"},{"floor":1,"key":"LiquidBronze"},{"floor":14,"key":"Weak Potion"}],"is_trial":false,"path_per_floor":["M","?","?","$","M","M","R","M","T","R","$","M","$","M","R","B"],"character_chosen":"THE_SILENT","items_purchased":["Caltrops"],"campfire_rested":1,"item_purchase_floors":[4],"current_hp_per_floor":[63,56,56,56,55,55,55,55,55,55,55,55,55,49,70,0],"gold":42,"neow_bonus":"THREE_SMALL_POTIONS","is_prod":false,"is_daily":false,"chose_seed":false,"campfire_upgraded":2,"win_rate":0,"timestamp":1550513046,"path_taken":["M","?","?","$","M","?","R","M","T","R","?","M","$","M","R","BOSS"],"build_version":"2019-01-23","purchased_purges":2,"victory":false,"max_hp_per_floor":[70,70,70,70,70,70,70,70,70,70,70,70,70,70,70,70],"card_choices":[{"not_picked":["Flying Knee","Sucker Punch"],"picked":"Tools of the Trade","floor":1},{"not_picked":["Flying Knee","PiercingWail"],"picked":"Crippling Poison","floor":5},{"not_picked":["Dagger Spray","Poisoned Stab","Deflect"],"picked":"SKIP","floor":6},{"not_picked":["PiercingWail","Dodge and Roll"],"picked":"Infinite Blades","floor":8},{"not_picked":["Finisher","Dodge and Roll","Riddle With Holes"],"picked":"SKIP","floor":12},{"not_picked":["Dodge and Roll","PiercingWail"],"picked":"Bouncing Flask","floor":14}],"player_experience":1445495,"relics_obtained":[{"floor":9,"key":"Sundial"}],"event_choices":[{"cards_removed":["Strike_G"],"damage_healed":0,"gold_gain":0,"player_choice":"Card Removal","damage_taken":7,"max_hp_gain":0,"max_hp_loss":0,"event_name":"Golden Wing","floor":2,"gold_loss":0},{"damage_healed":0,"gold_gain":100,"player_choice":"Gold","damage_taken":0,"max_hp_gain":0,"max_hp_loss":0,"event_name":"Wheel of Change","floor":3,"gold_loss":0}],"is_beta":false,"boss_relics":[],"items_purged_floors":[4,11],"is_endless":false,"potions_floor_spawned":[1,14],"killed_by":"Slime Boss","ascension_level":6}