{"gold_per_floor":[116,191,191,210,224,244,244],"floor_reached":7,"playtime":259,"items_purged":[],"score":69,"play_id":"d03ddaec-3a3c-4213-86cc-717997804bdb","local_time":"20190826170939","is_ascension_mode":true,"campfire_choices":[],"neow_cost":"NONE","seed_source_timestamp":1092644144292200,"circlet_count":0,"master_deck":["AscendersBane","Strike_B","Strike_B","Strike_B","Strike_B","Defend_B","Defend_B","Defend_B","Defend_B","Zap","Gash","Gash"],"relics":["Cracked Core","Ancient Tea Set"],"potions_floor_usage":[],"damage_taken":[{"damage":0,"enemies":"Cultist","floor":1,"turns":4},{"damage":3,"enemies":"Small Slimes","floor":4,"turns":5},{"damage":5,"enemies":"2 Louse","floor":5,"turns":3},{"damage":30,"enemies":"Exordium Wildlife","floor":6,"turns":6},{"damage":23,"enemies":"The Mushroom Lair","floor":7,"turns":3}],"seed_played":"5212806834953907872","potions_obtained":[{"floor":1,"key":"Swift Potion"},{"floor":4,"key":"Fire Potion"}],"is_trial":false,"path_per_floor":["M","?","?","M","M","M","?"],"character_chosen":"DEFECT","items_purchased":[],"campfire_rested":0,"item_purchase_floors":[],"current_hp_per_floor":[68,57,57,54,49,19,0],"gold":244,"neow_bonus":"RANDOM_COMMON_RELIC","is_prod":false,"is_daily":false,"chose_seed":false,"campfire_upgraded":0,"win_rate":0,"timestamp":1566857379,"path_taken":["M","?","?","M","?","M","?"],"build_version":"2019-07-17","purchased_purges":0,"victory":false,"max_hp_per_floor":[75,75,75,75,75,75,75],"card_choices":[{"not_picked":["Recycle","Rebound","Ball Lightning"],"picked":"SKIP","floor":1},{"not_picked":["Barrage","Turbo"],"picked":"Gash","floor":4},{"not_picked":["Cold Snap","Chaos","Hologram"],"picked":"SKIP","floor":5},{"not_picked":["Consume","Cold Snap"],"picked":"Gash","floor":6}],"player_experience":2915712,"relics_obtained":[],"event_choices":[{"damage_healed":0,"gold_gain":75,"player_choice":"Gather Gold","damage_taken":11,"max_hp_gain":0,"max_hp_loss":0,"event_name":"World of Goop","floor":2,"gold_loss":0},{"cards_removed":["Dualcast"],"damage_healed":0,"gold_gain":0,"player_choice":"Offered Basic","damage_taken":0,"max_hp_gain":0,"max_hp_loss":0,"event_name":"Bonfire Elementals","floor":3,"gold_loss":0},{"damage_healed":0,"gold_gain":0,"player_choice":"Fought Mushrooms","damage_taken":0,"max_hp_gain":0,"max_hp_loss":0,"event_name":"Mushrooms","floor":7,"gold_loss":0}],"is_beta":false,"boss_relics":[],"items_purged_floors":[],"is_endless":false,"potions_floor_spawned":[1,4],"killed_by":"The Mushroom Lair","ascension_level":12}