{"gold_per_floor":[218,233,233,253,223,223,35,53,53,53,53,69,133,133,133,234,234,245,19,19,29,43,43,53,72,95,95,95,95,129,139,139,236,286,305,317,337,337,37,37,67,67,67,67,67,18,18,18],"floor_reached":48,"playtime":3485,"items_purged":["Strike_R","Strike_R","Strike_R"],"score":706,"play_id":"81d5714a-a43a-4d6e-bed0-b85bf170eb64","local_time":"20190215215406","is_ascension_mode":true,"campfire_choices":[{"data":"Uppercut","floor":6,"key":"SMITH"},{"floor":10,"key":"REST"},{"floor":15,"key":"REST"},{"data":"Barricade","floor":23,"key":"SMITH"},{"data":"Juggernaut","floor":32,"key":"SMITH"},{"floor":40,"key":"REST"},{"floor":42,"key":"REST"},{"floor":44,"key":"REST"}],"neow_cost":"NONE","seed_source_timestamp":254762126411289,"circlet_count":0,"master_deck":["Strike_R","Defend_R+1","Defend_R","Defend_R","Defend_R","Bash","Body Slam","Shockwave","Seeing Red","Shrug It Off","Juggernaut+1","Inflame","Entrench","Shrug It Off","Barricade+1","Disarm+1","Shockwave","Seeing Red","Demon Form+1","Battle Trance","Flame Barrier+1","Madness","Madness","The Bomb","Shrug It Off","Regret"],"relics":["Burning Blood","Mummified Hand","Dodecahedron","Gambling Chip","Sozu","Anchor","Paper Frog","Frozen Egg 2","Tiny House","Peace Pipe","Meat on the Bone"],"potions_floor_usage":[16,16,16,18],"damage_taken":[{"damage":6,"enemies":"Cultist","floor":1,"turns":3},{"damage":6,"enemies":"Small Slimes","floor":2,"turns":4},{"damage":6,"enemies":"2 Louse","floor":4,"turns":4},{"damage":3,"enemies":"Looter","floor":5,"turns":4},{"damage":32,"enemies":"Large Slime","floor":8,"turns":8},{"damage":1,"enemies":"Blue Slaver","floor":12,"turns":5},{"damage":37,"enemies":"3 Sentries","floor":13,"turns":11},{"damage":10,"enemies":"The Guardian","floor":16,"turns":16},{"damage":2,"enemies":"Spheric Guardian","floor":18,"turns":4},{"damage":0,"enemies":"Chosen","floor":21,"turns":4},{"damage":11,"enemies":"Snake Plant","floor":22,"turns":4},{"damage":0,"enemies":"Centurion and Healer","floor":24,"turns":7},{"damage":0,"enemies":"Snecko","floor":25,"turns":6},{"damage":0,"enemies":"Colosseum Slavers","floor":28,"turns":4},{"damage":27,"enemies":"Book of Stabbing","floor":30,"turns":6},{"damage":4,"enemies":"Shelled Parasite and Fungi","floor":31,"turns":5},{"damage":0,"enemies":"Automaton","floor":33,"turns":12},{"damage":52,"enemies":"3 Darklings","floor":35,"turns":8},{"damage":0,"enemies":"Orb Walker","floor":36,"turns":5},{"damage":25,"enemies":"Spire Growth","floor":37,"turns":5},{"damage":19,"enemies":"Nemesis","floor":41,"turns":11},{"damage":86,"enemies":"Reptomancer","floor":48,"turns":7}],"seed_played":"2954300294941969289","potions_obtained":[{"floor":4,"key":"SpeedPotion"},{"floor":12,"key":"Swift Potion"},{"floor":13,"key":"PowerPotion"},{"floor":16,"key":"Block Potion"}],"is_trial":false,"path_per_floor":["M","M","?","M","M","R","$","M","T","R","?","M","?","T","R","B",null,"M","$","?","M","M","R","M","M","T","?","?","T","E","M","R","B",null,"M","M","M","?","$","R","E","R","T","R","?","$","?","E"],"character_chosen":"IRONCLAD","items_purchased":["Shockwave","Seeing Red","Entrench","Shrug It Off","The Bomb","Shrug It Off"],"campfire_rested":5,"item_purchase_floors":[7,7,19,19,39,46],"current_hp_per_floor":[72,72,77,77,80,80,80,54,54,79,79,84,53,53,78,74,82,85,85,85,85,80,80,85,85,85,85,85,85,64,66,66,72,87,41,47,28,17,17,44,31,58,58,85,85,85,85,0],"gold":18,"neow_bonus":"HUNDRED_GOLD","is_prod":false,"is_daily":false,"chose_seed":false,"campfire_upgraded":3,"win_rate":0,"timestamp":1550289246,"path_taken":["M","M","?","M","M","R","$","M","T","R","?","M","?","?","R","BOSS","M","$","?","M","M","R","M","M","T","?","?","?","E","M","R","BOSS","M","?","M","?","$","R","E","R","T","R","?","?","?","E"],"build_version":"2019-01-23","purchased_purges":3,"victory":false,"max_hp_per_floor":[80,80,85,85,85,85,85,85,85,85,85,85,85,85,85,85,85,85,85,85,85,85,85,85,85,85,85,85,85,85,85,85,85,90,90,90,90,90,90,90,90,90,90,90,90,90,90,90],"card_choices":[{"not_picked":["Sword Boomerang","Headbutt","Thunderclap"],"picked":"SKIP","floor":1},{"not_picked":["Bloodletting","Anger","Evolve"],"picked":"SKIP","floor":2},{"not_picked":["Twin Strike","Blood for Blood"],"picked":"Uppercut","floor":4},{"not_picked":["Heavy Blade","Intimidate"],"picked":"Body Slam","floor":5},{"not_picked":["Clash","Offering","Intimidate"],"picked":"SKIP","floor":8},{"not_picked":["Clash","Havoc"],"picked":"Shrug It Off","floor":12},{"not_picked":["Brutality","Exhume"],"picked":"Juggernaut","floor":16},{"not_picked":["Flex","Anger"],"picked":"Inflame","floor":18},{"not_picked":["Sword Boomerang+1","Thunderclap","Pummel"],"picked":"SKIP","floor":21},{"not_picked":["Flex","Heavy Blade"],"picked":"Barricade","floor":22},{"not_picked":["Seeing Red","Havoc"],"picked":"Disarm+1","floor":24},{"not_picked":["Pommel Strike","Clash","Feel No Pain"],"picked":"SKIP","floor":25},{"not_picked":["Sever Soul","Havoc"],"picked":"Shockwave","floor":30},{"not_picked":["Anger","Cleave"],"picked":"Seeing Red","floor":31},{"not_picked":["Reaper","Fiend Fire"],"picked":"Demon Form+1","floor":33},{"not_picked":["True Grit+1","Cleave"],"picked":"Battle Trance","floor":35},{"not_picked":["Havoc","Clash","True Grit+1"],"picked":"SKIP","floor":36},{"not_picked":["Combust+1","Anger"],"picked":"Flame Barrier+1","floor":37},{"not_picked":["Pommel Strike+1","Fiend Fire","Iron Wave"],"picked":"SKIP","floor":41}],"player_experience":1378854,"relics_obtained":[{"floor":9,"key":"Mummified Hand"},{"floor":13,"key":"Dodecahedron"},{"floor":14,"key":"Gambling Chip"},{"floor":26,"key":"Anchor"},{"floor":29,"key":"Paper Frog"},{"floor":30,"key":"Frozen Egg 2"},{"floor":41,"key":"Peace Pipe"},{"floor":43,"key":"Meat on the Bone"}],"event_choices":[{"damage_healed":0,"gold_gain":0,"player_choice":"Donut","damage_taken":0,"max_hp_gain":5,"max_hp_loss":0,"event_name":"Big Fish","floor":3,"gold_loss":0},{"damage_healed":0,"gold_gain":0,"player_choice":"Ignored","damage_taken":0,"max_hp_gain":0,"max_hp_loss":0,"event_name":"Liars Game","floor":11,"gold_loss":0},{"damage_healed":0,"gold_gain":30,"player_choice":"Searched \u00272\u0027 times","damage_taken":0,"max_hp_gain":0,"max_hp_loss":0,"event_name":"Dead Adventurer","floor":13,"gold_loss":0},{"cards_removed":["Strike_R"],"damage_healed":0,"gold_gain":0,"player_choice":"Elegance","damage_taken":0,"max_hp_gain":0,"max_hp_loss":0,"event_name":"Back to Basics","floor":20,"gold_loss":0},{"damage_healed":0,"gold_gain":0,"player_choice":"Ignored","damage_taken":0,"max_hp_gain":0,"max_hp_loss":0,"event_name":"Vampires","floor":27,"gold_loss":0},{"damage_healed":0,"gold_gain":0,"player_choice":"Fight","damage_taken":0,"max_hp_gain":0,"max_hp_loss":0,"event_name":"Colosseum","floor":28,"gold_loss":0},{"damage_healed":0,"gold_gain":0,"player_choice":"Fled From Nobs","damage_taken":0,"max_hp_gain":0,"max_hp_loss":0,"event_name":"Colosseum","floor":28,"gold_loss":0},{"damage_healed":0,"gold_gain":0,"player_choice":"Embrace Madness","damage_taken":11,"max_hp_gain":0,"max_hp_loss":0,"event_name":"Winding Halls","floor":38,"gold_loss":0,"cards_obtained":["Madness","Madness"]},{"cards_removed":["Uppercut"],"damage_healed":0,"gold_gain":0,"player_choice":"Removed Attack","damage_taken":0,"max_hp_gain":0,"max_hp_loss":0,"event_name":"Falling","floor":45,"gold_loss":0},{"damage_healed":0,"gold_gain":0,"player_choice":"1 cards matched","damage_taken":0,"max_hp_gain":0,"max_hp_loss":0,"event_name":"Match and Keep!","floor":47,"gold_loss":0,"cards_obtained":["Regret"]}],"is_beta":false,"boss_relics":[{"not_picked":["Empty Cage","Ectoplasm"],"picked":"Sozu"},{"not_picked":["Black Star","Pandora\u0027s Box"],"picked":"Tiny House"}],"items_purged_floors":[7,19,39],"is_endless":false,"potions_floor_spawned":[4,12,13,16,21,28,30,31,33,35,36,37],"killed_by":"Reptomancer","ascension_level":6}