{"gold_per_floor":[216,233,233,251,251,266,287,287,287,287,303,303,323,333,333,333],"floor_reached":16,"playtime":1001,"items_purged":[],"score":122,"play_id":"4a19ad2c-1665-4782-aa0f-07622e4a72de","local_time":"20190218011832","is_ascension_mode":true,"campfire_choices":[{"floor":10,"key":"REST"},{"floor":12,"key":"REST"},{"floor":15,"key":"REST"}],"neow_cost":"NONE","seed_source_timestamp":442324010082182,"circlet_count":0,"master_deck":["Defend_G","Defend_G","Defend_G","Defend_G","Defend_G","Strike_G","Strike_G","Strike_G","Strike_G","Strike_G","Survivor","Neutralize","Footwork","Injury","Adrenaline","Deadly Poison","Venomology"],"relics":["Ring of the Snake","Odd Mushroom","Du-Vu Doll","Pantograph"],"potions_floor_usage":[16,16,16,16],"damage_taken":[{"damage":0,"enemies":"2 Louse","floor":1,"turns":2},{"damage":0,"enemies":"Cultist","floor":2,"turns":6},{"damage":9,"enemies":"Jaw Worm","floor":4,"turns":7},{"damage":19,"enemies":"Large Slime","floor":6,"turns":10},{"damage":19,"enemies":"The Mushroom Lair","floor":7,"turns":7},{"damage":2,"enemies":"Blue Slaver","floor":11,"turns":6},{"damage":6,"enemies":"Red Slaver","floor":13,"turns":6},{"damage":5,"enemies":"Exordium Wildlife","floor":14,"turns":6},{"damage":92,"enemies":"Slime Boss","floor":16,"turns":15}],"seed_played":"4784149095940978275","potions_obtained":[{"floor":7,"key":"SmokeBomb"},{"floor":11,"key":"PowerPotion"}],"is_trial":false,"path_per_floor":["M","M","?","M","?","M","?","T","T","R","M","R","M","M","R","B"],"character_chosen":"THE_SILENT","items_purchased":[],"campfire_rested":3,"item_purchase_floors":[],"current_hp_per_floor":[63,63,63,54,59,40,21,21,21,43,41,63,57,52,74,0],"gold":333,"neow_bonus":"HUNDRED_GOLD","is_prod":false,"is_daily":false,"chose_seed":false,"campfire_upgraded":0,"win_rate":0,"timestamp":1550474312,"path_taken":["M","M","?","?","?","M","?","?","T","R","M","R","M","M","R","BOSS"],"build_version":"2019-01-23","purchased_purges":0,"victory":false,"max_hp_per_floor":[70,70,70,70,75,75,75,75,75,75,75,75,75,75,75,75],"card_choices":[{"not_picked":["Acrobatics","Underhanded Strike","Dagger Spray"],"picked":"SKIP","floor":1},{"not_picked":["Slice","Backstab"],"picked":"Footwork","floor":2},{"not_picked":["Masterful Stab","Underhanded Strike"],"picked":"Deadly Poison","floor":4},{"not_picked":["Eviscerate","Dagger Throw","Prepared"],"picked":"SKIP","floor":6},{"not_picked":["Sucker Punch","Deflect"],"picked":"Venomology","floor":7},{"not_picked":["Bane","Choke","Dodge and Roll"],"picked":"SKIP","floor":11},{"not_picked":["PiercingWail","Poisoned Stab","Dagger Spray"],"picked":"SKIP","floor":13},{"not_picked":["Masterful Stab","Blade Dance","Acrobatics"],"picked":"SKIP","floor":14}],"player_experience":1444494,"relics_obtained":[{"floor":7,"key":"Odd Mushroom"},{"floor":8,"key":"Du-Vu Doll"},{"floor":9,"key":"Pantograph"}],"event_choices":[{"damage_healed":0,"gold_gain":0,"player_choice":"2 cards matched","damage_taken":0,"max_hp_gain":0,"max_hp_loss":0,"event_name":"Match and Keep!","floor":3,"gold_loss":0,"cards_obtained":["Injury","Adrenaline"]},{"damage_healed":0,"gold_gain":0,"player_choice":"Donut","damage_taken":0,"max_hp_gain":5,"max_hp_loss":0,"event_name":"Big Fish","floor":5,"gold_loss":0},{"damage_healed":0,"gold_gain":0,"player_choice":"Fought Mushrooms","damage_taken":0,"max_hp_gain":0,"max_hp_loss":0,"event_name":"Mushrooms","floor":7,"gold_loss":0}],"is_beta":false,"boss_relics":[],"items_purged_floors":[],"is_endless":false,"potions_floor_spawned":[7,11],"killed_by":"Slime Boss","ascension_level":6}