{"gold_per_floor":[119,44,44,44,62,62,76,76,76,76,92,104,104,123,123,228,278,288,306,306],"floor_reached":20,"playtime":3031,"items_purged":["Survivor"],"score":174,"play_id":"101f2f4f-046c-46fe-9248-e53730970a46","local_time":"20181114202359","is_ascension_mode":true,"campfire_choices":[{"data":"Cloak And Dagger","floor":6,"key":"SMITH"},{"data":"Neutralize","floor":10,"key":"SMITH"},{"floor":15,"key":"REST"}],"neow_cost":"NONE","seed_source_timestamp":9903742819691,"circlet_count":0,"master_deck":["Defend_G+1","Defend_G","Defend_G+1","Defend_G","Defend_G","Strike_G","Strike_G","Strike_G","Strike_G","Strike_G+1","Neutralize+1","Cloak And Dagger+1","Well Laid Plans","Infinite Blades"],"relics":["Ring of the Snake","Kunai","Tiny House"],"potions_floor_usage":[16,16,16,16,16],"damage_taken":[{"damage":0,"enemies":"Small Slimes","floor":1,"turns":7},{"damage":4,"enemies":"Cultist","floor":5,"turns":4},{"damage":0,"enemies":"2 Louse","floor":7,"turns":2},{"damage":2,"enemies":"Gremlin Gang","floor":11,"turns":6},{"damage":0,"enemies":"Looter","floor":12,"turns":4},{"damage":12,"enemies":"Exordium Thugs","floor":14,"turns":8},{"damage":35,"enemies":"Slime Boss","floor":16,"turns":26},{"damage":38,"enemies":"Spheric Guardian","floor":18,"turns":6},{"damage":7,"enemies":"Shell Parasite","floor":19,"turns":9},{"damage":39,"enemies":"Colosseum Slavers","floor":20,"turns":4}],"seed_played":"-6950905808155519666","potions_obtained":[{"floor":7,"key":"Dexterity Potion"},{"floor":11,"key":"EntropicBrew"},{"floor":12,"key":"GhostInAJar"},{"floor":16,"key":"LiquidBronze"},{"floor":17,"key":"FearPotion"}],"is_trial":false,"path_per_floor":["M","$","?","?","M","R","M","$","T","R","M","M","?","M","R","B",null,"M","M","?"],"character_chosen":"THE_SILENT","items_purchased":[],"campfire_rested":1,"item_purchase_floors":[],"current_hp_per_floor":[70,70,56,56,52,52,52,52,52,52,50,50,50,38,59,24,75,37,30,0],"gold":306,"neow_bonus":"RANDOM_COLORLESS","is_prod":false,"is_daily":false,"chose_seed":false,"campfire_upgraded":2,"win_rate":0,"timestamp":1542248639,"path_taken":["M","$","?","?","?","R","M","$","T","R","M","?","?","M","R","BOSS","M","?","?"],"build_version":"2018-11-08","purchased_purges":1,"victory":false,"max_hp_per_floor":[70,70,70,70,70,70,70,70,70,70,70,70,70,70,70,70,75,75,75,75],"card_choices":[{"not_picked":["Slice","Bane"],"picked":"Cloak And Dagger","floor":1},{"not_picked":["Dodge and Roll","Prepared","Slice"],"picked":"SKIP","floor":5},{"not_picked":["Flying Knee","Sucker Punch","Masterful Stab"],"picked":"SKIP","floor":7},{"not_picked":["Phantasmal Killer","All Out Attack","Dagger Spray"],"picked":"SKIP","floor":11},{"not_picked":["Dagger Spray","Prepared","Distraction"],"picked":"SKIP","floor":12},{"not_picked":["Choke","Blur"],"picked":"Well Laid Plans","floor":14},{"not_picked":["Poisoned Stab","Deadly Poison+1"],"picked":"Infinite Blades","floor":18},{"not_picked":["Dagger Throw","Dagger Spray","Bane"],"picked":"SKIP","floor":19}],"player_experience":219069,"relics_obtained":[{"floor":9,"key":"Kunai"}],"event_choices":[{"damage_healed":0,"gold_gain":0,"player_choice":"Entered Light","damage_taken":14,"max_hp_gain":0,"max_hp_loss":0,"event_name":"Shining Light","floor":3,"gold_loss":0,"cards_upgraded":["Defend_G","Strike_G"]},{"damage_healed":0,"gold_gain":0,"player_choice":"Ignored","damage_taken":0,"max_hp_gain":0,"max_hp_loss":0,"event_name":"Transmorgrifier","floor":4,"gold_loss":0},{"cards_removed":["Purity"],"damage_healed":0,"gold_gain":0,"player_choice":"Purged","damage_taken":0,"max_hp_gain":0,"max_hp_loss":0,"event_name":"Purifier","floor":13,"gold_loss":0},{"damage_healed":0,"gold_gain":0,"player_choice":"Fight","damage_taken":0,"max_hp_gain":0,"max_hp_loss":0,"event_name":"Colosseum","floor":20,"gold_loss":0}],"is_beta":false,"boss_relics":[{"not_picked":["Astrolabe","Ectoplasm"],"picked":"Tiny House"}],"items_purged_floors":[2],"is_endless":false,"potions_floor_spawned":[7,11,12,16,19],"killed_by":"Colosseum Slavers","ascension_level":1}