{"gold_per_floor":[113,113,188,188,113,143,143,160,160,160,60,70,70,81,81,183,183,202,221,235,110,110,139,139,139,165,165,190,190,190],"floor_reached":30,"playtime":1523,"items_purged":["Strike_G","Defend_G","Strike_G"],"score":264,"play_id":"31b7d5cb-62a0-4358-b068-e46b1a105ae4","local_time":"20181111181821","is_ascension_mode":false,"campfire_choices":[{"floor":7,"key":"REST"},{"floor":10,"key":"REST"},{"data":"Noxious Fumes","floor":15,"key":"SMITH"},{"floor":25,"key":"REST"},{"floor":29,"key":"REST"}],"neow_cost":"NONE","seed_source_timestamp":2831928659565984,"circlet_count":0,"master_deck":["Defend_G","Defend_G","Strike_G","Strike_G","Survivor","Neutralize","Footwork","Footwork","Infinite Blades","Noxious Fumes+1","Adrenaline","Infinite Blades+1","Well Laid Plans+1","Noxious Fumes+1","Backstab"],"relics":["WristBlade","Omamori","Letter Opener","Empty Cage","Bottled Tornado","Boot","MutagenicStrength","Potion Belt"],"potions_floor_usage":[16,23,23,23],"damage_taken":[{"damage":7,"enemies":"Small Slimes","floor":1,"turns":5},{"damage":26,"enemies":"3 Sentries","floor":6,"turns":17},{"damage":0,"enemies":"2 Louse","floor":8,"turns":4},{"damage":0,"enemies":"Cultist","floor":12,"turns":4},{"damage":6,"enemies":"3 Louse","floor":14,"turns":4},{"damage":16,"enemies":"Slime Boss","floor":16,"turns":9},{"damage":7,"enemies":"Shell Parasite","floor":18,"turns":8},{"damage":10,"enemies":"Chosen","floor":19,"turns":5},{"damage":10,"enemies":"Centurion and Healer","floor":20,"turns":7},{"damage":36,"enemies":"Gremlin Leader","floor":23,"turns":7},{"damage":42,"enemies":"Book of Stabbing","floor":28,"turns":6},{"damage":32,"enemies":"Masked Bandits","floor":30,"turns":2}],"seed_played":"-330293114591633006","potions_obtained":[{"floor":6,"key":"FearPotion"},{"floor":12,"key":"FearPotion"},{"floor":16,"key":"SkillPotion"},{"floor":20,"key":"Regen Potion"}],"is_trial":false,"path_per_floor":["M","?","?","?","$","E","R","M","T","R","$","M","?","M","R","B",null,"M","M","M","$","?","E","$","R","T","?","E","R","?"],"character_chosen":"THE_SILENT","items_purchased":[],"campfire_rested":4,"item_purchase_floors":[],"current_hp_per_floor":[63,56,45,50,50,24,46,46,46,68,68,68,68,62,62,46,75,68,58,48,48,48,27,27,49,49,49,7,29,0],"gold":190,"neow_bonus":"BOSS_RELIC","is_prod":false,"is_daily":false,"chose_seed":false,"campfire_upgraded":1,"win_rate":0.0,"timestamp":1541981901,"path_taken":["M","?","?","?","$","E","R","M","T","R","$","M","?","M","R","BOSS","M","?","M","$","?","E","?","R","T","?","E","R","?"],"build_version":"2018-11-08","purchased_purges":3,"victory":false,"max_hp_per_floor":[70,70,70,75,75,75,75,75,75,75,75,75,75,75,75,75,75,75,75,75,75,75,75,75,75,75,75,75,75,75],"card_choices":[{"not_picked":["Dodge and Roll","Deflect"],"picked":"Footwork","floor":1},{"not_picked":["Doppelganger","Quick Slash"],"picked":"Footwork","floor":6},{"not_picked":["Underhanded Strike","Blade Dance"],"picked":"Infinite Blades","floor":8},{"not_picked":["Flying Knee","Quick Slash","Blade Dance"],"picked":"SKIP","floor":12},{"not_picked":["Flying Knee","Expertise"],"picked":"Noxious Fumes","floor":14},{"not_picked":["Bullet Time","Phantasmal Killer"],"picked":"Adrenaline","floor":16},{"not_picked":["Deflect+1","Deadly Poison","PiercingWail"],"picked":"SKIP","floor":18},{"not_picked":["Expertise","Cloak And Dagger+1"],"picked":"Infinite Blades+1","floor":19},{"not_picked":["Bane","Deflect"],"picked":"Well Laid Plans+1","floor":20},{"not_picked":["Expertise","Escape Plan+1","Deflect"],"picked":"SKIP","floor":23},{"not_picked":["Acrobatics","Deadly Poison+1"],"picked":"Backstab","floor":28}],"player_experience":142439,"relics_obtained":[{"floor":6,"key":"Omamori"},{"floor":9,"key":"Letter Opener"},{"floor":23,"key":"Bottled Tornado"},{"floor":26,"key":"Boot"},{"floor":28,"key":"Potion Belt"}],"event_choices":[{"cards_removed":["Defend_G"],"damage_healed":0,"gold_gain":0,"player_choice":"Card Removal","damage_taken":7,"max_hp_gain":0,"max_hp_loss":0,"event_name":"Golden Wing","floor":2,"gold_loss":0},{"damage_healed":0,"gold_gain":75,"player_choice":"Gather Gold","damage_taken":11,"max_hp_gain":0,"max_hp_loss":0,"event_name":"World of Goop","floor":3,"gold_loss":0},{"damage_healed":0,"gold_gain":0,"player_choice":"Donut","damage_taken":0,"max_hp_gain":5,"max_hp_loss":0,"event_name":"Big Fish","floor":4,"gold_loss":0},{"damage_healed":0,"gold_gain":0,"player_choice":"Ignored","damage_taken":0,"max_hp_gain":0,"max_hp_loss":0,"event_name":"Transmorgrifier","floor":13,"gold_loss":0},{"damage_healed":0,"gold_gain":0,"player_choice":"Copied","damage_taken":0,"max_hp_gain":0,"max_hp_loss":0,"event_name":"Duplicator","floor":22,"gold_loss":0,"cards_obtained":["Noxious Fumes"]},{"damage_healed":0,"gold_gain":0,"player_choice":"Inject Mutagens","damage_taken":0,"relics_obtained":["MutagenicStrength"],"max_hp_gain":0,"max_hp_loss":0,"event_name":"Drug Dealer","floor":27,"gold_loss":0},{"damage_healed":0,"gold_gain":0,"player_choice":"Fought Bandits","damage_taken":0,"max_hp_gain":0,"max_hp_loss":0,"event_name":"Masked Bandits","floor":30,"gold_loss":0}],"is_beta":false,"boss_relics":[{"not_picked":["Runic Pyramid","White Beast Statue"],"picked":"Empty Cage"}],"items_purged_floors":[5,11,21],"is_endless":false,"potions_floor_spawned":[6,12,16,20],"killed_by":"Masked Bandits","ascension_level":0}