{"gold_per_floor":[12,12,12,87,100,131,131,131,211,224,73,73,92,111,111,111],"floor_reached":16,"playtime":695,"items_purged":["Strike_R"],"score":135,"play_id":"6562aaa2-1cea-4005-bf1e-a034432181b2","local_time":"20190223224728","is_ascension_mode":true,"campfire_choices":[{"floor":7,"key":"REST"},{"floor":8,"key":"REST"},{"data":"Seeing Red","floor":12,"key":"SMITH"},{"floor":15,"key":"REST"}],"neow_cost":"NO_GOLD","seed_source_timestamp":952008146867919,"circlet_count":0,"master_deck":["Strike_R","Strike_R","Strike_R","Strike_R+1","Defend_R","Defend_R+1","Defend_R","Defend_R","Bash","Panacea","Dramatic Entrance","Seeing Red+1","Rampage","Battle Trance"],"relics":["Burning Blood","WingedGreaves","Pantograph"],"potions_floor_usage":[16,16,16],"damage_taken":[{"damage":1,"enemies":"2 Louse","floor":1,"turns":2},{"damage":6,"enemies":"Jaw Worm","floor":5,"turns":4},{"damage":45,"enemies":"3 Sentries","floor":6,"turns":9},{"damage":0,"enemies":"Small Slimes","floor":10,"turns":2},{"damage":2,"enemies":"2 Fungi Beasts","floor":13,"turns":4},{"damage":30,"enemies":"Large Slime","floor":14,"turns":7},{"damage":84,"enemies":"Hexaghost","floor":16,"turns":10}],"seed_played":"1820714494477657320","potions_obtained":[{"floor":6,"key":"EssenceOfSteel"},{"floor":13,"key":"Strength Potion"},{"floor":14,"key":"Ancient Potion"}],"is_trial":false,"path_per_floor":["M","?","?","?","M","E","R","R","T","M","$","R","M","M","R","B"],"character_chosen":"IRONCLAD","items_purchased":["Rampage"],"campfire_rested":3,"item_purchase_floors":[11],"current_hp_per_floor":[77,61,61,50,50,11,35,59,59,65,65,65,69,45,69,0],"gold":111,"neow_bonus":"RANDOM_COLORLESS_2","is_prod":false,"is_daily":false,"chose_seed":false,"campfire_upgraded":1,"win_rate":0,"timestamp":1550983648,"path_taken":["M","?","?","?","?","E","R","R","T","M","$","R","M","M","R","BOSS"],"build_version":"2019-01-23","purchased_purges":1,"victory":false,"max_hp_per_floor":[80,80,80,80,80,80,80,80,80,80,80,80,80,80,80,80],"card_choices":[{"not_picked":["Power Through","Sword Boomerang","Entrench"],"picked":"SKIP","floor":1},{"not_picked":["Corruption","Armaments"],"picked":"Seeing Red","floor":5},{"not_picked":["Searing Blow","Power Through","Iron Wave"],"picked":"SKIP","floor":6},{"not_picked":["Headbutt","Havoc","Twin Strike"],"picked":"SKIP","floor":10},{"not_picked":["Perfected Strike","Dual Wield","Thunderclap"],"picked":"SKIP","floor":13},{"not_picked":["Clothesline","Cleave"],"picked":"Battle Trance","floor":14}],"player_experience":1501082,"relics_obtained":[{"floor":6,"key":"WingedGreaves"},{"floor":9,"key":"Pantograph"}],"event_choices":[{"damage_healed":0,"gold_gain":0,"player_choice":"Entered Light","damage_taken":16,"max_hp_gain":0,"max_hp_loss":0,"event_name":"Shining Light","floor":2,"gold_loss":0,"cards_upgraded":["Defend_R","Strike_R"]},{"damage_healed":0,"gold_gain":0,"player_choice":"Leave","damage_taken":0,"max_hp_gain":0,"max_hp_loss":0,"event_name":"The Cleric","floor":3,"gold_loss":0},{"damage_healed":0,"gold_gain":75,"player_choice":"Gather Gold","damage_taken":11,"max_hp_gain":0,"max_hp_loss":0,"event_name":"World of Goop","floor":4,"gold_loss":0}],"is_beta":false,"boss_relics":[],"items_purged_floors":[11],"is_endless":false,"potions_floor_spawned":[6,13,14],"killed_by":"Hexaghost","ascension_level":7}