{"gold_per_floor":[109,121,121,67,78,78,89,117,117,143,163,163,163,177,177,273,273,298,298,292,292],"floor_reached":21,"playtime":1638,"items_purged":[],"score":340,"play_id":"3fb2b40b-42bd-4130-83e4-639bdd6d63d5","local_time":"20190830192451","is_ascension_mode":true,"campfire_choices":[{"data":"Bash","floor":6,"key":"SMITH"},{"data":"Clothesline","floor":13,"key":"SMITH"},{"floor":15,"key":"REST"}],"neow_cost":"NONE","seed_source_timestamp":102329676823100,"circlet_count":0,"master_deck":["AscendersBane","Strike_R","Strike_R","Strike_R","Strike_R","Strike_R","Defend_R","Defend_R","Defend_R","Defend_R","Bash","Battle Trance","Shrug It Off","Panacea","Bash+1","Clothesline+1","Ghostly Armor","Iron Wave","Seeing Red","Flex","Heavy Blade","Feed","Intimidate+1","Combust"],"relics":["Burning Blood","Pear","Paper Frog","Meat on the Bone","Golden Idol","Eternal Feather"],"potions_floor_usage":[2,8,16,20],"damage_taken":[{"damage":13,"enemies":"Small Slimes","floor":1,"turns":4},{"damage":16,"enemies":"Cultist","floor":2,"turns":4},{"damage":7,"enemies":"2 Louse","floor":5,"turns":4},{"damage":7,"enemies":"Looter","floor":7,"turns":4},{"damage":26,"enemies":"Lagavulin","floor":8,"turns":8},{"damage":32,"enemies":"Gremlin Nob","floor":10,"turns":5},{"damage":16,"enemies":"Lots of Slimes","floor":11,"turns":6},{"damage":5,"enemies":"Blue Slaver","floor":14,"turns":4},{"damage":62,"enemies":"Slime Boss","floor":16,"turns":12},{"damage":21,"enemies":"Shell Parasite","floor":18,"turns":8},{"damage":13,"enemies":"2 Thieves","floor":20,"turns":4},{"damage":69,"enemies":"3 Cultists","floor":21,"turns":6}],"seed_played":"-426401766027924756","potions_obtained":[{"floor":1,"key":"Fruit Juice"},{"floor":2,"key":"Strength Potion"},{"floor":5,"key":"Swift Potion"},{"floor":10,"key":"Dexterity Potion"},{"floor":16,"key":"EssenceOfSteel"},{"floor":18,"key":"Dexterity Potion"}],"is_trial":false,"path_per_floor":["M","M","?","$","M","R","M","E","T","E","M","?","R","M","R","B",null,"M","?","M","M"],"character_chosen":"IRONCLAD","items_purchased":["Clothesline"],"campfire_rested":1,"item_purchase_floors":[4],"current_hp_per_floor":[73,68,68,68,67,67,66,56,56,30,32,32,32,45,73,29,79,64,55,60,0],"gold":292,"neow_bonus":"TEN_PERCENT_HP_BONUS","is_prod":false,"is_daily":false,"chose_seed":false,"campfire_upgraded":2,"win_rate":0,"timestamp":1567160691,"path_taken":["M","M","?","$","?","R","M","E","T","E","M","?","R","M","R","BOSS","M","?","M","M"],"build_version":"2019-07-17","purchased_purges":0,"victory":false,"max_hp_per_floor":[88,93,93,93,93,93,93,103,103,103,103,95,95,95,95,95,95,95,95,95,95],"card_choices":[{"not_picked":["Shockwave","Intimidate"],"picked":"Battle Trance","floor":1},{"not_picked":["Clash","Pummel"],"picked":"Shrug It Off","floor":2},{"not_picked":["Seeing Red","Warcry"],"picked":"Ghostly Armor","floor":5},{"not_picked":["Pommel Strike","Fire Breathing"],"picked":"Iron Wave","floor":7},{"not_picked":["Perfected Strike","Clash"],"picked":"Seeing Red","floor":8},{"not_picked":["Wild Strike","Sentinel","Havoc"],"picked":"SKIP","floor":10},{"not_picked":["Warcry","Reckless Charge"],"picked":"Flex","floor":11},{"not_picked":["Flex","Iron Wave"],"picked":"Heavy Blade","floor":14},{"not_picked":["Berserk","Impervious"],"picked":"Feed","floor":16},{"not_picked":["Second Wind","Sentinel"],"picked":"Intimidate+1","floor":18},{"not_picked":["Sentinel","Clash"],"picked":"Combust","floor":20}],"player_experience":503836,"relics_obtained":[{"floor":8,"key":"Pear"},{"floor":9,"key":"Paper Frog"},{"floor":10,"key":"Meat on the Bone"}],"event_choices":[{"damage_healed":0,"gold_gain":0,"player_choice":"2 cards matched","damage_taken":0,"max_hp_gain":0,"max_hp_loss":0,"event_name":"Match and Keep!","floor":3,"gold_loss":0,"cards_obtained":["Panacea","Bash"]},{"damage_healed":0,"gold_gain":0,"player_choice":"Lose Max HP","damage_taken":0,"relics_obtained":["Golden Idol"],"max_hp_gain":0,"max_hp_loss":8,"event_name":"Golden Idol","floor":12,"gold_loss":0},{"damage_healed":0,"gold_gain":0,"player_choice":"","damage_taken":9,"max_hp_gain":0,"max_hp_loss":0,"event_name":"Knowing Skull","floor":19,"potions_obtained":[],"gold_loss":0,"cards_obtained":[]}],"is_beta":false,"boss_relics":[{"not_picked":["Philosopher\u0027s Stone","Empty Cage"],"picked":"Eternal Feather"}],"items_purged_floors":[],"is_endless":false,"potions_floor_spawned":[1,2,5,10,16,18],"killed_by":"3 Cultists","ascension_level":13}