{"gold_per_floor":[112,112,128,128,148,148,161,161,216,216,391,163,183,202,202,307,307,327,339,339,358,358,358],"floor_reached":23,"playtime":1229,"items_purged":["Strike_R"],"score":201,"play_id":"8a364f64-29b0-4cb8-868b-a300b30a856e","local_time":"20190821175219","is_ascension_mode":true,"campfire_choices":[{"data":"Pommel Strike","floor":6,"key":"SMITH"},{"data":"Corruption","floor":8,"key":"SMITH"},{"data":"Rampage","floor":15,"key":"SMITH"}],"neow_cost":"NONE","seed_source_timestamp":539990656664031,"circlet_count":0,"master_deck":["Strike_R+1","Strike_R","Strike_R","Defend_R","Defend_R","Defend_R+1","Defend_R","Bash","Corruption+1","Rampage","Headbutt","Pommel Strike+1","Ghostly Armor","Double Tap","Armaments","Rampage+1","Barricade","Regret","Parasite","Metallicize+1","Demon Form"],"relics":["Burning Blood","Omamori","Dream Catcher","Calling Bell","Matryoshka","Torii","MutagenicStrength","Nloth\u0027s Gift"],"potions_floor_usage":[3,21,21,21,21,23],"damage_taken":[{"damage":0,"enemies":"Small Slimes","floor":1,"turns":3},{"damage":0,"enemies":"2 Louse","floor":3,"turns":2},{"damage":2,"enemies":"Jaw Worm","floor":5,"turns":3},{"damage":15,"enemies":"3 Louse","floor":7,"turns":3},{"damage":0,"enemies":"2 Fungi Beasts","floor":13,"turns":4},{"damage":7,"enemies":"Gremlin Gang","floor":14,"turns":5},{"damage":26,"enemies":"The Guardian","floor":16,"turns":9},{"damage":27,"enemies":"Spheric Guardian","floor":18,"turns":6},{"damage":35,"enemies":"3 Byrds","floor":19,"turns":10},{"damage":34,"enemies":"Snake Plant","floor":21,"turns":4},{"damage":44,"enemies":"Gremlin Leader","floor":23,"turns":3}],"seed_played":"1350763133254493604","potions_obtained":[{"floor":1,"key":"Poison Potion"},{"floor":7,"key":"EntropicBrew"},{"floor":13,"key":"BloodPotion"},{"floor":16,"key":"Regen Potion"},{"floor":19,"key":"AttackPotion"}],"is_trial":false,"path_per_floor":["M","?","M","?","M","R","M","R","T","?","?","$","M","M","R","B",null,"M","M","?","M","?","E"],"character_chosen":"IRONCLAD","items_purchased":["Double Tap"],"campfire_rested":0,"item_purchase_floors":[12],"current_hp_per_floor":[80,80,80,80,80,80,71,71,71,55,55,55,61,60,60,40,80,59,30,30,42,42,0],"gold":358,"neow_bonus":"RANDOM_COMMON_RELIC","is_prod":false,"is_daily":false,"chose_seed":false,"campfire_upgraded":3,"win_rate":0,"timestamp":1566424339,"path_taken":["M","?","M","?","M","R","M","R","T","?","?","$","?","M","R","BOSS","M","M","?","M","?","E"],"build_version":"2019-07-17","purchased_purges":1,"victory":false,"max_hp_per_floor":[80,80,80,80,80,80,80,80,80,80,80,80,80,80,80,80,80,80,80,80,80,80,80],"card_choices":[{"not_picked":["Whirlwind","Heavy Blade"],"picked":"Corruption","floor":1},{"not_picked":["Cleave","Sword Boomerang"],"picked":"Headbutt","floor":3},{"not_picked":["Power Through","Twin Strike"],"picked":"Pommel Strike","floor":5},{"not_picked":["Dual Wield","Body Slam"],"picked":"Ghostly Armor","floor":7},{"not_picked":["Fire Breathing","Pommel Strike"],"picked":"Armaments","floor":13},{"not_picked":["Cleave","Fire Breathing"],"picked":"Rampage","floor":14},{"not_picked":["Dark Embrace","Limit Break"],"picked":"Barricade","floor":16},{"not_picked":["Body Slam+1","Twin Strike"],"picked":"Metallicize+1","floor":18},{"not_picked":["Uppercut","Clash+1"],"picked":"Demon Form","floor":19},{"not_picked":["Rupture+1","True Grit+1","Anger+1"],"picked":"SKIP","floor":21}],"player_experience":149462,"relics_obtained":[{"floor":9,"key":"Dream Catcher"},{"floor":17,"key":"Ancient Tea Set"},{"floor":17,"key":"Matryoshka"},{"floor":17,"key":"Torii"}],"event_choices":[{"damage_healed":0,"gold_gain":0,"cards_transformed":["Strike_R"],"player_choice":"Change","damage_taken":0,"max_hp_gain":0,"max_hp_loss":0,"event_name":"Living Wall","floor":2,"gold_loss":0,"cards_obtained":["Rampage"]},{"damage_healed":0,"gold_gain":0,"player_choice":"Leave","damage_taken":0,"max_hp_gain":0,"max_hp_loss":0,"event_name":"The Cleric","floor":4,"gold_loss":0},{"damage_healed":0,"gold_gain":0,"player_choice":"Entered Light","damage_taken":16,"max_hp_gain":0,"max_hp_loss":0,"event_name":"Shining Light","floor":10,"gold_loss":0,"cards_upgraded":["Strike_R","Defend_R"]},{"damage_healed":0,"gold_gain":175,"player_choice":"AGREE","damage_taken":0,"max_hp_gain":0,"max_hp_loss":0,"event_name":"Liars Game","floor":11,"gold_loss":0,"cards_obtained":["Doubt"]},{"damage_healed":0,"gold_gain":0,"player_choice":"Inject Mutagens","damage_taken":0,"relics_obtained":["MutagenicStrength"],"max_hp_gain":0,"max_hp_loss":0,"event_name":"Drug Dealer","floor":20,"gold_loss":0},{"damage_healed":0,"gold_gain":0,"player_choice":"Traded Relic","damage_taken":0,"relics_obtained":["Nloth\u0027s Gift"],"max_hp_gain":0,"max_hp_loss":0,"event_name":"N\u0027loth","floor":22,"relics_lost":["Ancient Tea Set"],"gold_loss":0}],"is_beta":false,"boss_relics":[{"not_picked":["Empty Cage","Runic Cube"],"picked":"Calling Bell"}],"items_purged_floors":[12],"is_endless":false,"potions_floor_spawned":[1,7,13,16,19],"killed_by":"Gremlin Leader","ascension_level":2}