{"gold_per_floor":[113,38,49,62,62,62,72,72,97,122,122,22,22,39,39,142,142,157,157,171,171,191,191,191,201,253,284,284,304,315,190,190,289,289,301,301,313,121,136,154,154,4,4,4,4,14,14,27,27,27],"floor_reached":51,"playtime":3648,"items_purged":["Strike_R","Strike_R","Defend_R","Warcry"],"score":659,"play_id":"b44e0f18-d30e-43c2-ba40-2a8c25028a32","local_time":"20190829064228","is_ascension_mode":false,"campfire_choices":[{"data":"Heavy Blade","floor":6.0,"key":"SMITH"},{"floor":15.0,"key":"REST"},{"data":"Demon Form","floor":23.0,"key":"SMITH"},{"floor":28.0,"key":"REST"},{"floor":32.0,"key":"REST"},{"data":"Bash","floor":41,"key":"SMITH"},{"floor":44,"key":"REST"},{"floor":49,"key":"REST"}],"neow_cost":"PERCENT_DAMAGE","seed_source_timestamp":0,"circlet_count":0,"master_deck":["Defend_R","Defend_R","Defend_R","Bash+1","Spot Weakness","Heavy Blade+1","Sever Soul","Demon Form+1","Inflame+1","Headbutt","Feed","Metallicize","Sentinel+1","Writhe","Headbutt+1"],"special_seed":0,"relics":["Burning Blood","Boot","Red Skull","Blood Vial","Velvet Choker","Centennial Puzzle","Orichalcum","Snecko Eye","TheAbacus","Calipers"],"potions_floor_usage":[50],"damage_taken":[{"damage":6.0,"enemies":"Cultist","floor":1.0,"turns":5.0},{"damage":11.0,"enemies":"Jaw Worm","floor":3.0,"turns":4.0},{"damage":5.0,"enemies":"2 Louse","floor":4.0,"turns":2.0},{"damage":10.0,"enemies":"Looter","floor":7.0,"turns":2.0},{"damage":14.0,"enemies":"2 Fungi Beasts","floor":14.0,"turns":3.0},{"damage":61.0,"enemies":"Slime Boss","floor":16.0,"turns":10.0},{"damage":14.0,"enemies":"Shell Parasite","floor":18.0,"turns":5.0},{"damage":10.0,"enemies":"Spheric Guardian","floor":20.0,"turns":3.0},{"damage":15.0,"enemies":"Snecko","floor":22.0,"turns":4.0},{"damage":17.0,"enemies":"Centurion and Healer","floor":25.0,"turns":3.0},{"damage":36.0,"enemies":"Book of Stabbing","floor":27.0,"turns":4.0},{"damage":8.0,"enemies":"Cultist and Chosen","floor":29.0,"turns":4.0},{"damage":3.0,"enemies":"Chosen and Byrds","floor":30.0,"turns":4.0},{"damage":30.0,"enemies":"Automaton","floor":33.0,"turns":6.0},{"damage":22,"enemies":"3 Darklings","floor":35,"turns":5},{"damage":25,"enemies":"3 Shapes","floor":37,"turns":3},{"damage":23,"enemies":"Maw","floor":39,"turns":4},{"damage":15,"enemies":"3 Darklings","floor":40,"turns":3},{"damage":19,"enemies":"Writhing Mass","floor":46,"turns":4},{"damage":0,"enemies":"4 Shapes","floor":48,"turns":4},{"damage":47,"enemies":"Time Eater","floor":50,"turns":4}],"seed_played":"5686206733577110594","potions_obtained":[{"floor":7.0,"key":"SpeedPotion"},{"floor":14.0,"key":"Swift Potion"},{"floor":18.0,"key":"SteroidPotion"},{"floor":22.0,"key":"Regen Potion"},{"floor":27.0,"key":"Block Potion"},{"floor":30.0,"key":"AttackPotion"},{"floor":33.0,"key":"BloodPotion"},{"floor":35,"key":"GamblersBrew"},{"floor":39,"key":"Fire Potion"}],"is_trial":false,"path_per_floor":["M","$","M","M","$","R","M","?","T","T","?","$","?","M","R","B",null,"M","?","M","?","M","R","?","M","T","E","R","M","M","$","R","B",null,"M","?","M","$","M","M","R","$","T","R","?","M","?","M","R","B",null],"character_chosen":"IRONCLAD","items_purchased":["TheAbacus"],"campfire_rested":5,"item_purchase_floors":[38],"current_hp_per_floor":[56,56,51,52,52,52,48,48,48,48,48,48,48,42,66,13,80,72,72,70,55,48,48,48,48,48,20,45,45,50,50,75,53,85,69,69,55,55,40,33,33,33,33,59,81,70,70,78,88,47],"gold":27,"neow_bonus":"REMOVE_TWO","is_prod":false,"is_daily":false,"chose_seed":false,"campfire_upgraded":3,"win_rate":0,"timestamp":1567032148,"path_taken":["M","$","?","?","?","R","M","?","T","?","?","?","?","M","R","BOSS","M","?","M","?","M","R","?","?","T","E","R","M","M","$","R","BOSS","M","?","M","$","M","M","R","$","T","R","?","M","?","?","R","BOSS"],"build_version":"2019-07-17","purchased_purges":4,"victory":true,"max_hp_per_floor":[80,80,80,80,80,80,80,80,80,80,80,80,80,80,80,80,80,80,80,80,85,85,85,85,85,85,85,85,85,85,85,85,85,85,85,85,88,88,88,88,88,88,88,88,88,88,88,88,88,88],"card_choices":[{"not_picked":["Body Slam","Sentinel"],"picked":"Spot Weakness","floor":1.0},{"not_picked":["Shockwave","Dual Wield"],"picked":"Heavy Blade","floor":3.0},{"not_picked":["Dual Wield","Ghostly Armor","Heavy Blade"],"picked":"SKIP","floor":4.0},{"not_picked":["Body Slam","Twin Strike"],"picked":"Sever Soul","floor":7.0},{"not_picked":["Hemokinesis","Clothesline"],"picked":"Warcry","floor":14.0},{"not_picked":["Berserk","Reaper"],"picked":"Demon Form","floor":16.0},{"not_picked":["Anger","Havoc"],"picked":"Inflame+1","floor":18.0},{"not_picked":["Cleave","Thunderclap","Sentinel"],"picked":"SKIP","floor":20.0},{"not_picked":["Clash","Iron Wave+1","Reckless Charge+1"],"picked":"SKIP","floor":22.0},{"not_picked":["Juggernaut","Rage","Clothesline"],"picked":"SKIP","floor":25.0},{"not_picked":["Uppercut","Rampage","Twin Strike"],"picked":"SKIP","floor":27.0},{"not_picked":["Wild Strike","Shockwave","Pommel Strike"],"picked":"SKIP","floor":29.0},{"not_picked":["Uppercut","Shrug It Off","Armaments"],"picked":"SKIP","floor":30.0},{"not_picked":["Uppercut","Shrug It Off","Armaments"],"picked":"SKIP","floor":30.0},{"not_picked":["Bludgeon","Reaper"],"picked":"Feed","floor":33.0},{"not_picked":["Body Slam","Entrench+1","Thunderclap+1"],"picked":"SKIP","floor":35},{"not_picked":["Panacea","Discovery"],"picked":"Thinking Ahead","floor":36},{"not_picked":["Corruption","Headbutt+1"],"picked":"Metallicize","floor":37},{"not_picked":["True Grit","Anger+1","Shrug It Off"],"picked":"SKIP","floor":39},{"not_picked":["Dropkick+1","Wild Strike"],"picked":"Sentinel+1","floor":40},{"not_picked":["Cleave","Havoc+1"],"picked":"Headbutt+1","floor":46},{"not_picked":["Cleave+1","Spot Weakness+1","Anger+1"],"picked":"SKIP","floor":48}],"player_experience":235440,"relics_obtained":[{"floor":9.0,"key":"Red Skull"},{"floor":10.0,"key":"Blood Vial"},{"floor":26.0,"key":"Centennial Puzzle"},{"floor":27.0,"key":"Orichalcum"},{"floor":43,"key":"Calipers"}],"event_choices":[{"damage_healed":0.0,"max_hp_gain":0.0,"max_hp_loss":0.0,"gold_gain":0.0,"event_name":"Dead Adventurer","player_choice":"Searched \u00271\u0027 times","floor":8.0,"gold_loss":0.0,"damage_taken":0.0,"relics_obtained":["Boot"]},{"damage_healed":0.0,"max_hp_gain":0.0,"max_hp_loss":0.0,"gold_gain":0.0,"event_name":"Shining Light","player_choice":"Ignored","floor":11.0,"gold_loss":0.0,"damage_taken":0.0},{"damage_healed":0.0,"max_hp_gain":0.0,"max_hp_loss":0.0,"gold_gain":0.0,"event_name":"Liars Game","player_choice":"Ignored","floor":13.0,"gold_loss":0.0,"damage_taken":0.0},{"damage_healed":0.0,"max_hp_gain":0.0,"max_hp_loss":0.0,"gold_gain":0.0,"event_name":"The Library","player_choice":"Read","floor":19.0,"gold_loss":0.0,"damage_taken":0.0,"cards_obtained":["Headbutt"]},{"damage_healed":0.0,"max_hp_gain":5.0,"max_hp_loss":0.0,"gold_gain":0.0,"event_name":"Forgotten Altar","player_choice":"Shed Blood","floor":21.0,"gold_loss":0.0,"damage_taken":20.0},{"cards_removed":["Strike_R"],"damage_healed":0.0,"max_hp_gain":0.0,"max_hp_loss":0.0,"gold_gain":0.0,"event_name":"Purifier","player_choice":"Purged","floor":24.0,"gold_loss":0.0,"damage_taken":0.0},{"damage_healed":0,"gold_gain":0,"player_choice":"Memory 1","damage_taken":0,"max_hp_gain":0,"max_hp_loss":0,"event_name":"SensoryStone","floor":36,"gold_loss":0},{"damage_healed":22,"gold_gain":0,"player_choice":"Writhe","damage_taken":0,"max_hp_gain":0,"max_hp_loss":0,"event_name":"Winding Halls","floor":45,"gold_loss":0,"cards_obtained":["Writhe"]},{"cards_removed":["Thinking Ahead"],"damage_healed":0,"gold_gain":0,"player_choice":"Removed Skill","damage_taken":0,"max_hp_gain":0,"max_hp_loss":0,"event_name":"Falling","floor":47,"gold_loss":0}],"is_beta":false,"boss_relics":[{"not_picked":["Fusion Hammer","Runic Pyramid"],"picked":"Velvet Choker"},{"not_picked":["White Beast Statue","Busted Crown"],"picked":"Snecko Eye"}],"items_purged_floors":[2,12,31,42],"is_endless":false,"potions_floor_spawned":[7,14,18,22,27,30,33,35,39,40],"ascension_level":0}