{"gold_per_floor":[112,212,61,77,2,2,12,26,49,63,81,81,1,21,21,121,121,141,130,130,80,91,91,110,110,156,156],"floor_reached":27,"playtime":1072,"items_purged":["Dualcast"],"score":311,"play_id":"61bb3ad9-e094-4ddd-8826-11926c861261","local_time":"20190730145200","is_ascension_mode":true,"campfire_choices":[{"data":"Fission","floor":6,"key":"SMITH"},{"floor":15,"key":"REST"},{"floor":23,"key":"REST"}],"neow_cost":"NONE","seed_source_timestamp":1606826278923559,"circlet_count":0,"master_deck":["AscendersBane","Strike_B","Strike_B","Strike_B","Defend_B","Defend_B","Defend_B","Defend_B","Zap","Fission+1","Streamline","Conserve Battery","FTL","Darkness","Tempest","Biased Cognition","Capacitor","Redo","Rainbow","Chill","Redo"],"relics":["Cracked Core","DataDisk","Lizard Tail","Nloth\u0027s Gift","Ancient Tea Set"],"potions_floor_usage":[16],"damage_taken":[{"damage":0,"enemies":"Cultist","floor":1,"turns":4},{"damage":7,"enemies":"Jaw Worm","floor":4,"turns":4},{"damage":5,"enemies":"2 Louse","floor":7,"turns":2},{"damage":3,"enemies":"Lots of Slimes","floor":8,"turns":4},{"damage":6,"enemies":"Looter","floor":10,"turns":3},{"damage":13,"enemies":"Blue Slaver","floor":11,"turns":3},{"damage":15,"enemies":"Exordium Thugs","floor":14,"turns":4},{"damage":12,"enemies":"Hexaghost","floor":16,"turns":7},{"damage":10,"enemies":"Shell Parasite","floor":18,"turns":5},{"damage":40,"enemies":"2 Thieves","floor":19,"turns":4},{"damage":35,"enemies":"Snake Plant","floor":22,"turns":4},{"damage":23,"enemies":"Centurion and Healer","floor":24,"turns":6},{"damage":6,"enemies":"Chosen and Byrds","floor":27,"turns":3}],"seed_played":"6618784064331977656","potions_obtained":[{"floor":11,"key":"FocusPotion"},{"floor":16,"key":"Poison Potion"},{"floor":19,"key":"Swift Potion"}],"is_trial":false,"path_per_floor":["M","?","$","M","$","R","M","M","T","M","M","?","$","M","R","B",null,"M","M","?","?","M","R","M","?","T","M"],"character_chosen":"DEFECT","items_purchased":["DataDisk","Capacitor"],"campfire_rested":2,"item_purchase_floors":[3,13],"current_hp_per_floor":[68,68,68,61,61,61,56,53,53,47,34,34,34,19,41,29,64,54,14,40,40,5,29,6,6,6,0],"gold":156,"neow_bonus":"ONE_RANDOM_RARE_CARD","is_prod":false,"is_daily":false,"chose_seed":false,"campfire_upgraded":1,"win_rate":0,"timestamp":1564516320,"path_taken":["M","?","$","M","$","R","?","M","T","M","M","?","?","M","R","BOSS","M","M","?","?","?","R","M","?","T","?"],"build_version":"2019-07-17","purchased_purges":1,"victory":false,"max_hp_per_floor":[75,75,75,75,75,75,75,75,75,75,75,75,75,75,75,75,75,75,75,80,80,80,80,80,80,80,80],"card_choices":[{"not_picked":["Storm","Ball Lightning"],"picked":"Streamline","floor":1},{"not_picked":["Barrage","Beam Cell","Stack"],"picked":"SKIP","floor":4},{"not_picked":["Beam Cell","Self Repair"],"picked":"Conserve Battery","floor":7},{"not_picked":["Compile Driver","Sweeping Beam"],"picked":"FTL","floor":8},{"not_picked":["Streamline","Heatsinks"],"picked":"Darkness","floor":10},{"not_picked":["Rip and Tear","Ball Lightning"],"picked":"Tempest","floor":11},{"not_picked":["Loop","Coolheaded"],"picked":"Redo","floor":14},{"not_picked":["Meteor Strike","Fission"],"picked":"Rainbow","floor":16},{"not_picked":["Streamline","Static Discharge+1","Hologram"],"picked":"SKIP","floor":18},{"not_picked":["Coolheaded","Genetic Algorithm","Beam Cell"],"picked":"SKIP","floor":19},{"not_picked":["Compile Driver","Hyperbeam"],"picked":"Chill","floor":22},{"not_picked":["Go for the Eyes","Blizzard"],"picked":"Redo","floor":24}],"player_experience":2576634,"relics_obtained":[{"floor":9,"key":"Bronze Scales"},{"floor":26,"key":"Ancient Tea Set"}],"event_choices":[{"damage_healed":0,"gold_gain":100,"player_choice":"Pray","damage_taken":0,"max_hp_gain":0,"max_hp_loss":0,"event_name":"Golden Shrine","floor":2,"gold_loss":0},{"damage_healed":0,"gold_gain":0,"cards_transformed":["Strike_B"],"player_choice":"Transformed","damage_taken":0,"max_hp_gain":0,"max_hp_loss":0,"event_name":"Transmorgrifier","floor":12,"gold_loss":0,"cards_obtained":["Biased Cognition"]},{"damage_healed":0,"gold_gain":0,"player_choice":"Shed Blood","damage_taken":19,"max_hp_gain":5,"max_hp_loss":0,"event_name":"Forgotten Altar","floor":20,"gold_loss":0},{"damage_healed":0,"gold_gain":0,"player_choice":"Bet on Owner","damage_taken":0,"max_hp_gain":0,"max_hp_loss":0,"event_name":"The Joust","floor":21,"gold_loss":50},{"damage_healed":0,"gold_gain":0,"player_choice":"Traded Relic","damage_taken":0,"relics_obtained":["Nloth\u0027s Gift"],"max_hp_gain":0,"max_hp_loss":0,"event_name":"N\u0027loth","floor":25,"relics_lost":["Bronze Scales"],"gold_loss":0}],"is_beta":false,"boss_relics":[{"not_picked":["Snecko Eye","Calling Bell"],"picked":"Lizard Tail"}],"items_purged_floors":[5],"is_endless":false,"potions_floor_spawned":[11,16,19],"killed_by":"Chosen and Byrds","ascension_level":10}