{"gold_per_floor":[212,227,502,85,98,124,124,142,142,175,193,193,193,143,143,241,241,214,224,139,139,153,153,153],"floor_reached":24,"playtime":1479,"items_purged":["Regret"],"score":330,"play_id":"c61a9eb7-e4e7-4da6-ac44-262b3d6e81d1","local_time":"20190830103755","is_ascension_mode":true,"campfire_choices":[{"data":"Bash","floor":7,"key":"SMITH"},{"floor":12,"key":"REST"},{"data":"Flame Barrier","floor":15,"key":"SMITH"},{"floor":23,"key":"REST"}],"neow_cost":"NONE","seed_source_timestamp":70871685229600,"circlet_count":0,"master_deck":["AscendersBane","Strike_R","Defend_R","Defend_R","Defend_R","Defend_R","Bash+1","Iron Wave","Shrug It Off","Wild Strike","Burning Pact","Second Wind","Flame Barrier+1","Spot Weakness","Berserk","Rampage","Power Through"],"relics":["Burning Blood","Mummified Hand","Matryoshka","Regal Pillow","Sundial","Boot","Lantern","Empty Cage","Gremlin Horn"],"potions_floor_usage":[5,6,11,24],"damage_taken":[{"damage":6,"enemies":"2 Louse","floor":1,"turns":3},{"damage":6,"enemies":"Cultist","floor":2,"turns":4},{"damage":0,"enemies":"Jaw Worm","floor":5,"turns":3},{"damage":37,"enemies":"3 Sentries","floor":6,"turns":11},{"damage":22,"enemies":"Large Slime","floor":8,"turns":6},{"damage":27,"enemies":"Gremlin Nob","floor":10,"turns":6},{"damage":0,"enemies":"3 Louse","floor":11,"turns":1},{"damage":29,"enemies":"The Guardian","floor":16,"turns":12},{"damage":22,"enemies":"2 Thieves","floor":18,"turns":5},{"damage":19,"enemies":"Shell Parasite","floor":19,"turns":8},{"damage":22,"enemies":"Snake Plant","floor":22,"turns":4},{"damage":62,"enemies":"Gremlin Leader","floor":24,"turns":6}],"seed_played":"2763798987872489534","potions_obtained":[{"floor":1,"key":"PowerPotion"},{"floor":8,"key":"Explosive Potion"},{"floor":11,"key":"Strength Potion"},{"floor":18,"key":"SteroidPotion"}],"is_trial":false,"path_per_floor":["M","M","?","$","M","E","R","M","T","E","M","R","?","?","R","B",null,"M","M","?","?","M","R","E"],"character_chosen":"IRONCLAD","items_purchased":["Mummified Hand","Wild Strike","Strength Potion"],"campfire_rested":2,"item_purchase_floors":[4,4,4],"current_hp_per_floor":[72,72,72,72,78,47,47,31,31,10,16,55,48,48,48,25,66,50,37,37,37,21,60,0],"gold":153,"neow_bonus":"HUNDRED_GOLD","is_prod":false,"is_daily":false,"chose_seed":false,"campfire_upgraded":2,"win_rate":0,"timestamp":1567129075,"path_taken":["M","M","?","$","M","E","R","?","T","E","?","R","?","?","R","BOSS","M","M","?","?","?","R","E"],"build_version":"2019-07-17","purchased_purges":1,"victory":false,"max_hp_per_floor":[80,80,80,80,80,80,80,80,80,80,80,80,80,80,80,80,80,80,80,80,80,80,80,80],"card_choices":[{"not_picked":["Reckless Charge","Seeing Red"],"picked":"Iron Wave","floor":1},{"not_picked":["Sword Boomerang","Clash"],"picked":"Shrug It Off","floor":2},{"not_picked":["Infernal Blade","Brutality"],"picked":"Burning Pact","floor":5},{"not_picked":["Clash","Blood for Blood"],"picked":"Second Wind","floor":6},{"not_picked":["Heavy Blade","Cleave"],"picked":"Flame Barrier","floor":8},{"not_picked":["Heavy Blade","Flex"],"picked":"Spot Weakness","floor":10},{"not_picked":["Entrench","Blood for Blood","Rage"],"picked":"SKIP","floor":11},{"not_picked":["Dark Embrace","Offering"],"picked":"Berserk","floor":16},{"not_picked":["Shockwave","Clothesline"],"picked":"Rampage","floor":18},{"not_picked":["Pommel Strike","Feel No Pain","Iron Wave"],"picked":"SKIP","floor":19},{"not_picked":["Pommel Strike","Rupture"],"picked":"Power Through","floor":22}],"player_experience":496946,"relics_obtained":[{"floor":6,"key":"Matryoshka"},{"floor":9,"key":"Regal Pillow"},{"floor":9,"key":"Sundial"},{"floor":10,"key":"Boot"}],"event_choices":[{"damage_healed":0,"gold_gain":275,"player_choice":"Desecrate","damage_taken":0,"max_hp_gain":0,"max_hp_loss":0,"event_name":"Golden Shrine","floor":3,"gold_loss":0,"cards_obtained":["Regret"]},{"damage_healed":0,"gold_gain":0,"player_choice":"Success","damage_taken":7,"relics_obtained":["Lantern"],"max_hp_gain":0,"max_hp_loss":0,"event_name":"Scrap Ooze","floor":13,"gold_loss":0},{"cards_removed":["Strike_R"],"damage_healed":0,"gold_gain":0,"player_choice":"Card Removal","damage_taken":0,"max_hp_gain":0,"max_hp_loss":0,"event_name":"The Cleric","floor":14,"gold_loss":50},{"damage_healed":0,"gold_gain":0,"player_choice":"Obtained Relic","damage_taken":0,"relics_obtained":["Gremlin Horn"],"max_hp_gain":0,"max_hp_loss":0,"event_name":"Addict","floor":20,"gold_loss":85},{"cards_removed":["Strike_R"],"damage_healed":0,"gold_gain":0,"player_choice":"Purged","damage_taken":0,"max_hp_gain":0,"max_hp_loss":0,"event_name":"Purifier","floor":21,"gold_loss":0}],"is_beta":false,"boss_relics":[{"not_picked":["Runic Pyramid","Eternal Feather"],"picked":"Empty Cage"}],"items_purged_floors":[4],"is_endless":false,"potions_floor_spawned":[1,8,11,18,22],"killed_by":"Gremlin Leader","ascension_level":12}