{"gold_per_floor":[361,373,92,42,52,52,22,22,49,108,154,164,191,205,205,307,307,319,319],"floor_reached":19,"playtime":1856,"items_purged":["Shame"],"score":200,"play_id":"9a7e1b79-32b5-4f5c-9a2d-47ad19c5f471","local_time":"20190127200132","is_ascension_mode":true,"campfire_choices":[{"data":"Footwork","floor":6,"key":"SMITH"},{"data":"Well Laid Plans","floor":8,"key":"SMITH"},{"floor":15,"key":"REST"}],"neow_cost":"CURSE","seed_source_timestamp":0,"circlet_count":0,"master_deck":["Defend_G","Defend_G","Defend_G","Defend_G","Defend_G","Strike_G","Strike_G","Strike_G","Strike_G","Survivor","Neutralize","Well Laid Plans","Footwork+1","Well Laid Plans+1","Burst"],"special_seed":0,"relics":["Ring of the Snake","MealTicket","Orichalcum","Tiny Chest","Anchor","Odd Mushroom","Busted Crown"],"potions_floor_usage":[16,16,16],"damage_taken":[{"damage":6.0,"enemies":"Jaw Worm","floor":1.0,"turns":7.0},{"damage":6,"enemies":"Cultist","floor":2,"turns":6},{"damage":4,"enemies":"Small Slimes","floor":5,"turns":5},{"damage":0,"enemies":"Looter","floor":7,"turns":4},{"damage":26,"enemies":"3 Sentries","floor":10,"turns":21},{"damage":1,"enemies":"2 Fungi Beasts","floor":12,"turns":5},{"damage":18,"enemies":"The Mushroom Lair","floor":13,"turns":9},{"damage":0,"enemies":"Exordium Wildlife","floor":14,"turns":10},{"damage":13,"enemies":"The Guardian","floor":16,"turns":18},{"damage":16,"enemies":"Spheric Guardian","floor":18,"turns":18},{"damage":65,"enemies":"Masked Bandits","floor":19,"turns":3}],"seed_played":"582768109669740310","potions_obtained":[{"floor":10,"key":"Dexterity Potion"},{"floor":12,"key":"LiquidBronze"},{"floor":13,"key":"AttackPotion"}],"is_trial":false,"path_per_floor":["M","M","$","?","M","R","M","R","T","E","T","M","?","M","R","B",null,"M","?"],"character_chosen":"THE_SILENT","items_purchased":["MealTicket"],"campfire_rested":1,"item_purchase_floors":[3],"current_hp_per_floor":[64,58,58,58,54,54,54,54,54,28,28,27,9,9,30,17,70,54,0],"gold":319,"neow_bonus":"TWO_FIFTY_GOLD","is_prod":false,"is_daily":false,"chose_seed":false,"campfire_upgraded":2,"win_rate":0,"timestamp":1548640892,"path_taken":["M","M","$","?","M","R","M","R","T","E","?","?","?","M","R","BOSS","M","?"],"build_version":"2019-01-23","purchased_purges":1,"victory":false,"max_hp_per_floor":[70,70,70,70,70,70,70,70,70,70,70,70,70,70,70,70,70,70,70],"card_choices":[{"not_picked":["Cloak And Dagger","Dagger Spray"],"picked":"Well Laid Plans","floor":1},{"not_picked":["Dodge and Roll","Expertise"],"picked":"Footwork","floor":2},{"not_picked":["Bane","Setup"],"picked":"Well Laid Plans","floor":5},{"not_picked":["Escape Plan","Dagger Throw","Blade Dance"],"picked":"SKIP","floor":7},{"not_picked":["Night Terror","Dagger Throw","Quick Slash"],"picked":"SKIP","floor":10},{"not_picked":["Dagger Throw","Choke","Dagger Spray"],"picked":"SKIP","floor":12},{"not_picked":["Eviscerate","Cloak And Dagger"],"picked":"Burst","floor":14},{"not_picked":["Deflect"],"picked":"SKIP","floor":18}],"player_experience":1154983,"relics_obtained":[{"floor":9,"key":"Orichalcum"},{"floor":10,"key":"Tiny Chest"},{"floor":11,"key":"Anchor"},{"floor":13,"key":"Odd Mushroom"}],"event_choices":[{"cards_removed":["Strike_G"],"damage_healed":0,"gold_gain":0,"player_choice":"Card Removal","damage_taken":0,"max_hp_gain":0,"max_hp_loss":0,"event_name":"The Cleric","floor":4,"gold_loss":50},{"damage_healed":0,"gold_gain":0,"player_choice":"Fought Mushrooms","damage_taken":0,"max_hp_gain":0,"max_hp_loss":0,"event_name":"Mushrooms","floor":13,"gold_loss":0},{"damage_healed":0,"gold_gain":0,"player_choice":"Fought Bandits","damage_taken":0,"max_hp_gain":0,"max_hp_loss":0,"event_name":"Masked Bandits","floor":19,"gold_loss":0}],"is_beta":false,"boss_relics":[{"not_picked":["Eternal Feather","Lizard Tail"],"picked":"Busted Crown"}],"items_purged_floors":[3],"is_endless":false,"potions_floor_spawned":[10,12,13,14],"killed_by":"Masked Bandits","ascension_level":4}