{"gold_per_floor":[117,117,117,143,218,218,237,272,325,325,325,344,344,373,373,471,471,487,501,352,352,364,378,394,412,438,450,159,159,74,107,107,107],"floor_reached":33,"playtime":1198,"items_purged":[],"score":300,"play_id":"d3065aae-c5eb-4d5a-898c-c4210fe6e4b9","local_time":"20190817234231","is_ascension_mode":false,"campfire_choices":[{"data":"Battle Trance","floor":6,"key":"SMITH"},{"data":"Clash","floor":10,"key":"SMITH"},{"data":"Anger","floor":13,"key":"SMITH"},{"data":"Battle Trance","floor":15,"key":"SMITH"},{"floor":29,"key":"DIG"},{"floor":32,"key":"REST"}],"neow_cost":"NONE","seed_source_timestamp":215406711612568,"circlet_count":0,"master_deck":["Anger+1","Flex+1","Intimidate+1","Backstab+1","Battle Trance+1","Anger+1","Clash+1","Battle Trance+1","Doubt","Flex+1"],"relics":["Burning Blood","Seething Fire","Hammer of Thor","Anvil of the Gods","Blood Vial","Nunchaku","Happy Flower","Darkstone Periapt","Anchor","Dream Catcher","Cursed Key","Centennial Puzzle","Whetstone","Shovel","Bottled Lightning","Regal Pillow","Mummified Hand"],"potions_floor_usage":[27,33],"damage_taken":[{"damage":0,"enemies":"Small Slimes","floor":1,"turns":1},{"damage":0,"enemies":"Jaw Worm","floor":7,"turns":1},{"damage":18,"enemies":"3 Sentries","floor":8,"turns":3},{"damage":0,"enemies":"2 Louse","floor":12,"turns":1},{"damage":0,"enemies":"Lagavulin","floor":14,"turns":2},{"damage":36,"enemies":"Hexaghost","floor":16,"turns":4},{"damage":9,"enemies":"3 Byrds","floor":18,"turns":3},{"damage":0,"enemies":"2 Thieves","floor":19,"turns":2},{"damage":5,"enemies":"Snake Plant","floor":22,"turns":2},{"damage":4,"enemies":"3 Cultists","floor":23,"turns":3},{"damage":0,"enemies":"Centurion and Healer","floor":24,"turns":2},{"damage":5,"enemies":"Snake Plant","floor":25,"turns":2},{"damage":46,"enemies":"Snecko","floor":27,"turns":6},{"damage":40,"enemies":"Slavers","floor":31,"turns":5},{"damage":32,"enemies":"Champ","floor":33,"turns":7}],"seed_played":"-5784231986395637832","potions_obtained":[{"floor":8,"key":"Ancient Potion"},{"floor":12,"key":"SpeedPotion"},{"floor":24,"key":"Explosive Potion"},{"floor":31,"key":"Strength Potion"}],"is_trial":false,"path_per_floor":["M","?","$","T","?","R","M","E","T","R","$","M","R","E","R","B",null,"M","M","$","?","M","M","M","M","T","M","$","R","?","E","R","B"],"character_chosen":"IRONCLAD","items_purchased":["Centennial Puzzle","Shovel"],"campfire_rested":1,"item_purchase_floors":[20,28],"current_hp_per_floor":[80,62,62,62,62,62,70,60,60,60,60,68,68,76,76,48,80,77,80,80,80,80,80,80,80,86,46,46,46,46,14,54,24],"gold":107,"neow_bonus":"RANDOM_COMMON_RELIC","is_prod":false,"is_daily":false,"chose_seed":false,"campfire_upgraded":4,"win_rate":0,"timestamp":1566099751,"path_taken":["M","?","?","?","?","R","M","E","T","R","$","M","R","E","R","BOSS","M","M","$","?","M","M","M","M","T","M","$","R","?","E","R","BOSS"],"build_version":"2019-07-17","purchased_purges":0,"victory":false,"max_hp_per_floor":[80,80,80,80,80,80,80,80,80,80,80,80,80,80,80,80,80,80,80,80,80,80,80,80,80,86,86,86,86,86,86,86,86],"card_choices":[{"not_picked":["True Grit","Infernal Blade","Sever Soul"],"picked":"SKIP","floor":1},{"not_picked":["Iron Wave","Armaments"],"picked":"Anger","floor":7},{"not_picked":["Fire Breathing","Anger"],"picked":"Clash","floor":8},{"not_picked":["Clothesline","Blood for Blood","Twin Strike"],"picked":"SKIP","floor":12},{"not_picked":["Reckless Charge","Corruption"],"picked":"Battle Trance","floor":14},{"not_picked":["Heavy Blade+1","Perfected Strike","Feel No Pain"],"picked":"SKIP","floor":18},{"not_picked":["Clothesline","Burning Pact","Armaments"],"picked":"SKIP","floor":19},{"not_picked":["Clash","Pummel","Blood for Blood"],"picked":"SKIP","floor":22},{"not_picked":["Flame Barrier","Twin Strike","Clothesline"],"picked":"SKIP","floor":23},{"not_picked":["Rampage","Headbutt","Shrug It Off+1"],"picked":"SKIP","floor":24},{"not_picked":["Second Wind","Perfected Strike","Evolve+1"],"picked":"SKIP","floor":25},{"not_picked":["Armaments","Twin Strike"],"picked":"Flex+1","floor":27},{"not_picked":["Immolate","Iron Wave","Dual Wield+1"],"picked":"SKIP","floor":31},{"not_picked":["Immolate","Iron Wave","Dual Wield+1"],"picked":"SKIP","floor":31}],"player_experience":122039,"relics_obtained":[{"floor":4,"key":"Happy Flower"},{"floor":8,"key":"Darkstone Periapt"},{"floor":9,"key":"Anchor"},{"floor":14,"key":"Dream Catcher"},{"floor":26,"key":"Whetstone"},{"floor":29,"key":"Bottled Lightning"},{"floor":31,"key":"Mummified Hand"}],"event_choices":[{"damage_healed":0,"gold_gain":0,"player_choice":"Success","damage_taken":18,"relics_obtained":["Nunchaku"],"max_hp_gain":0,"max_hp_loss":0,"event_name":"Scrap Ooze","floor":2,"gold_loss":0},{"damage_healed":0,"gold_gain":75,"player_choice":"Gained Gold","damage_taken":0,"max_hp_gain":0,"max_hp_loss":0,"event_name":"Golden Wing","floor":5,"gold_loss":0},{"damage_healed":0,"gold_gain":0,"player_choice":"Ignored","damage_taken":0,"max_hp_gain":0,"max_hp_loss":0,"event_name":"Beggar","floor":21,"gold_loss":0},{"damage_healed":0,"gold_gain":0,"player_choice":"Obtained Relic","damage_taken":0,"relics_obtained":["Regal Pillow"],"max_hp_gain":0,"max_hp_loss":0,"event_name":"Addict","floor":30,"gold_loss":85}],"is_beta":false,"boss_relics":[{"not_picked":["Coffee Dripper","Empty Cage"],"picked":"Cursed Key"}],"items_purged_floors":[],"is_endless":false,"potions_floor_spawned":[8,12,22,24,31],"killed_by":"Champ","ascension_level":0}