{"path_per_floor":["M","M","?","?","M","E","$","R","T","M","M","M","E","M","R","B",null,"M","?","?","$","M","R","M","M","T","R","?","M","E","M","R"],"character_chosen":"IRONCLAD","items_purchased":["Mind Blast","Pen Nib","Blind"],"gold_per_floor":[115,127,227,227,238,266,26,26,26,40,57,74,99,117,117,214,214,229,229,229,51,61,61,76,93,93,93,93,112,141,158,158],"floor_reached":33,"campfire_rested":5,"playtime":2251,"current_hp_per_floor":[80,80,80,80,80,38,38,62,62,59,60,57,42,22,46,49,83,83,68,52,52,41,67,46,44,44,70,70,50,12,13,39],"items_purged":["Strike_R"],"gold":158,"play_id":"47f4d72c-6ad2-40dd-b0b4-9663f6759960","is_prod":false,"is_daily":false,"campfire_rituals":0,"campfire_upgraded":0,"is_hardmode":false,"path_taken":["M","M","?","?","M","E","?","R","T","M","?","M","E","M","R","BOSS","M","?","?","?","M","R","?","M","T","R","?","M","E","?","R","BOSS"],"build_version":"2018-01-11-PROD2","purchased_purges":1,"victory":false,"master_deck":["Strike_R","Strike_R","Strike_R","Strike_R","Defend_R","Defend_R","Defend_R","Defend_R","Bash","Armaments","Infernal Blade","Heavy Blade","Flex","Cleave","Mind Blast","Evolve","Rampage","Demon Form","Headbutt","Pommel Strike","Disarm","Necronomicurse","Blind","Pummel","Heavy Blade","Flex","Iron Wave","Searing Blow","Whirlwind"],"max_hp_per_floor":[80,80,80,80,80,80,80,80,80,80,80,83,83,83,83,83,83,83,88,88,88,88,88,88,88,88,88,88,88,88,88,88],"relics":["Burning Blood","Pantograph","Pen Nib","Bottled Lightning","Magic Flower","Mark of Pain","Necronomicon","Calipers","Smiling Mask"],"campfire_meditates":0,"card_choices":[{"not_picked":["Metallicize","Hemokinesis"],"picked":"Armaments"},{"not_picked":["Armaments","Iron Wave"],"picked":"Infernal Blade"},{"not_picked":["Twin Strike","True Grit"],"picked":"Heavy Blade"},{"not_picked":["Headbutt","Pommel Strike"],"picked":"Flex"},{"not_picked":["Blood for Blood","Shrug It Off"],"picked":"Cleave"},{"not_picked":["Perfected Strike","Metallicize"],"picked":"Evolve"},{"not_picked":["Clothesline","Armaments"],"picked":"Rampage"},{"not_picked":["Perfected Strike","Seeing Red"],"picked":"Demon Form"},{"not_picked":["Clash","Armaments"],"picked":"Headbutt"},{"not_picked":["Body Slam","True Grit"],"picked":"Pommel Strike"},{"not_picked":["Clothesline","Sever Soul"],"picked":"Disarm"},{"not_picked":["Anger","Rupture"],"picked":"Pummel"},{"not_picked":["Sword Boomerang","Flex"],"picked":"Heavy Blade"},{"not_picked":["Body Slam","Headbutt"],"picked":"Flex"},{"not_picked":["Flex","Thunderclap"],"picked":"Iron Wave"},{"not_picked":["Battle Trance","Sword Boomerang"],"picked":"Searing Blow"},{"not_picked":["Heavy Blade","Warcry"],"picked":"Whirlwind"}],"player_experience":54478,"potions_floor_usage":[],"damage_taken":[{"damage":6.0,"enemies":"Jaw Worm","floor":1.0,"turns":5.0},{"damage":4.0,"enemies":"Blue Slaver","floor":2.0,"turns":5.0},{"damage":3.0,"enemies":"Small Slimes","floor":5.0,"turns":2.0},{"damage":48.0,"enemies":"Gremlin Nob","floor":6.0,"turns":5.0},{"damage":9.0,"enemies":"2 Fungi Beasts","floor":10.0,"turns":3.0},{"damage":5.0,"enemies":"Looter","floor":11.0,"turns":2.0},{"damage":12.0,"enemies":"Exordium Wildlife","floor":12.0,"turns":4.0},{"damage":33.0,"enemies":"3 Sentries","floor":13.0,"turns":7.0},{"damage":29.0,"enemies":"Exordium Thugs","floor":14.0,"turns":6.0},{"damage":58.0,"enemies":"Hexaghost","floor":16.0,"turns":9.0},{"damage":8.0,"enemies":"Chosen","floor":18.0,"turns":5.0},{"damage":20.0,"enemies":"2 Thieves","floor":22.0,"turns":3.0},{"damage":30.0,"enemies":"Snake Plant","floor":24.0,"turns":4.0},{"damage":11.0,"enemies":"Centurion and Healer","floor":25.0,"turns":4.0},{"damage":29.0,"enemies":"3 Cultists","floor":29.0,"turns":6.0},{"damage":47.0,"enemies":"Slavers","floor":30.0,"turns":7.0},{"damage":8.0,"enemies":"Snecko","floor":31.0,"turns":3.0},{"damage":77,"enemies":"Automaton","floor":33,"turns":6}],"event_choices":[{"event_name":"Golden Shrine","player_choice":"Pray","floor":3.0,"damage_taken":0.0},{"event_name":"Liars Game","player_choice":"disagreed","floor":4.0,"damage_taken":0.0},{"event_name":"Forgotten Altar","player_choice":"Shed Blood","floor":19.0,"damage_taken":0.0},{"event_name":"Cursed Tome","player_choice":"Obtained Book","floor":20.0,"damage_taken":0.0},{"event_name":"Back to Basics","player_choice":"Simplicity","floor":28.0,"damage_taken":0.0}],"boss_relics":[],"potions_floor_spawned":[2,6,11,14,16,29,30],"seed_played":"6006869730262958414","killed_by":"Automaton","is_trial":false}