{"gold_per_floor":[109,129,144,144,144,144,157,157,157,175,187,198,198,216,216,319,319,330,330,10,10,21,21,21],"floor_reached":24,"playtime":1176,"items_purged":["Dualcast"],"score":282,"play_id":"a2b7e338-2c54-4538-8f2f-7694487e8ace","local_time":"20190227011355","is_ascension_mode":true,"campfire_choices":[{"floor":6,"key":"REST"},{"data":"Capacitor","floor":8,"key":"SMITH"},{"data":"Glacier","floor":13,"key":"SMITH"},{"floor":15,"key":"REST"},{"floor":23,"key":"RECALL"}],"neow_cost":"NONE","seed_source_timestamp":1219531885183163,"circlet_count":0,"master_deck":["Defend_B","Defend_B","Defend_B","Defend_B","Zap+1","Capacitor+1","Glacier+1","Bite","Bite","Bite","Bite","Bite","Reinforced Body+1"],"relics":["Cracked Core","NeowsBlessing","Torii","Fusion Hammer","Dodecahedron","Nilry\u0027s Codex"],"potions_floor_usage":[14,14,16,16],"damage_taken":[{"damage":0,"enemies":"Cultist","floor":1,"turns":1},{"damage":0,"enemies":"Small Slimes","floor":2,"turns":1},{"damage":0,"enemies":"2 Louse","floor":3,"turns":1},{"damage":5,"enemies":"Red Slaver","floor":7,"turns":5},{"damage":10,"enemies":"Exordium Wildlife","floor":10,"turns":7},{"damage":1,"enemies":"Looter","floor":11,"turns":4},{"damage":2,"enemies":"2 Fungi Beasts","floor":12,"turns":5},{"damage":14,"enemies":"Lots of Slimes","floor":14,"turns":4},{"damage":21,"enemies":"Slime Boss","floor":16,"turns":13},{"damage":12,"enemies":"Spheric Guardian","floor":18,"turns":6},{"damage":12,"enemies":"Chosen","floor":22,"turns":7},{"damage":73,"enemies":"Gremlin Leader","floor":24,"turns":8}],"seed_played":"48479039163221069","potions_obtained":[{"floor":2,"key":"LiquidBronze"},{"floor":7,"key":"FearPotion"},{"floor":11,"key":"SteroidPotion"},{"floor":14,"key":"Fruit Juice"}],"is_trial":false,"path_per_floor":["M","M","M","?","?","R","M","R","T","M","M","M","R","M","R","B",null,"M","?","$","?","M","R","E"],"character_chosen":"DEFECT","items_purchased":["Dodecahedron"],"campfire_rested":2,"item_purchase_floors":[20],"current_hp_per_floor":[68,68,68,68,53,75,70,70,70,60,59,57,57,48,72,51,73,61,56,56,40,47,47,0],"gold":21,"neow_bonus":"THREE_ENEMY_KILL","is_prod":false,"is_daily":false,"chose_seed":false,"campfire_upgraded":2,"win_rate":0,"timestamp":1551251635,"path_taken":["M","M","?","?","?","R","M","R","T","M","M","M","R","M","R","BOSS","M","?","$","?","M","R","E"],"build_version":"2019-01-23","purchased_purges":1,"victory":false,"max_hp_per_floor":[75,75,75,75,75,75,75,75,75,75,75,75,75,80,80,80,80,80,56,56,56,56,56,56],"card_choices":[{"not_picked":["Stack","Barrage","Go for the Eyes"],"picked":"SKIP","floor":1},{"not_picked":["Sunder","Double Energy"],"picked":"Capacitor","floor":2},{"not_picked":["Cold Snap","Melter"],"picked":"Glacier","floor":3},{"not_picked":["Go for the Eyes","Steam","Storm"],"picked":"SKIP","floor":7},{"not_picked":["Aggregate","Ball Lightning","Sunder"],"picked":"SKIP","floor":10},{"not_picked":["Hello World","Go for the Eyes","White Noise"],"picked":"SKIP","floor":11},{"not_picked":["Reboot","Undo","Rip and Tear"],"picked":"SKIP","floor":12},{"not_picked":["Sweeping Beam","Leap","Reinforced Body"],"picked":"SKIP","floor":14},{"not_picked":["Genetic Algorithm","Undo","Cold Snap"],"picked":"SKIP","floor":18},{"not_picked":["Barrage","Reprogram"],"picked":"Reinforced Body+1","floor":22}],"player_experience":1523222,"relics_obtained":[{"floor":9,"key":"Torii"},{"floor":21,"key":"Nilry\u0027s Codex"}],"event_choices":[{"damage_healed":0,"gold_gain":0,"player_choice":"Ignored","damage_taken":0,"max_hp_gain":0,"max_hp_loss":0,"event_name":"Liars Game","floor":4,"gold_loss":0},{"damage_healed":0,"gold_gain":0,"player_choice":"Entered Light","damage_taken":15,"max_hp_gain":0,"max_hp_loss":0,"event_name":"Shining Light","floor":5,"gold_loss":0,"cards_upgraded":["Zap","Strike_B"]},{"damage_healed":0,"gold_gain":0,"player_choice":"Became a vampire","damage_taken":0,"max_hp_gain":0,"max_hp_loss":24,"event_name":"Vampires","floor":19,"gold_loss":0,"cards_obtained":["Bite","Bite","Bite","Bite","Bite"]},{"damage_healed":0,"gold_gain":0,"player_choice":"Obtained Book","damage_taken":16,"max_hp_gain":0,"max_hp_loss":0,"event_name":"Cursed Tome","floor":21,"gold_loss":0}],"is_beta":false,"boss_relics":[{"not_picked":["Pandora\u0027s Box","Astrolabe"],"picked":"Fusion Hammer"}],"items_purged_floors":[20],"is_endless":false,"potions_floor_spawned":[2,7,11,14],"killed_by":"Gremlin Leader","ascension_level":7}