{"gold_per_floor":[13,13,29,46,46,46,71,5,5,22,39,39,52,71,71,146,146,165,178,93,109,126,126,153,153,153,187,204,204,231,241,241,317,317,329,345,362,215,437,437,472,492,562,574,649,674,708,11,11,11],"floor_reached":51,"playtime":2861,"items_purged":["Doubt","Doubt"],"score":1267,"play_id":"ef9af148-e7e5-4d9b-ad61-354c4cdc233d","local_time":"20180815213022","is_ascension_mode":true,"campfire_choices":[{"data":"Zap","floor":6.0,"key":"SMITH"},{"floor":12.0,"key":"REST"},{"data":"Defragment","floor":15.0,"key":"SMITH"},{"data":"Buffer","floor":23.0,"key":"SMITH"},{"floor":25.0,"key":"REST"},{"floor":29.0,"key":"REST"},{"floor":32,"key":"REST"},{"data":"Capacitor","floor":40,"key":"SMITH"},{"data":"Doubt","floor":49,"key":"PURGE"}],"neow_cost":"NO_GOLD","seed_source_timestamp":0,"circlet_count":0,"master_deck":["Strike_B","Strike_B","Strike_B","Defend_B","Defend_B","Defend_B+1","Zap+1","Dualcast","AscendersBane","Leap","Coolheaded+1","Defragment+1","Buffer+1","Ball Lightning","Conserve Battery","Chill","Leap","Electrodynamics","Tempest","Ball Lightning+1","White Noise+1","Melter+1","Cold Snap+1","Chaos","Go for the Eyes+1","Thunder Strike+1","Go for the Eyes+1","Coolheaded","Sunder+1","Capacitor+1","Cold Snap+1","Conserve Battery+1","Cold Snap+1","Ball Lightning+1"],"special_seed":0,"relics":["Cracked Core","Peace Pipe","Bottled Lightning","War Paint","Pantograph","Cursed Key","Molten Egg 2","Blood Vial","Question Card","Emotion Chip","Red Mask","Busted Crown","Pear","Darkstone Periapt","Omamori","Bottled Tornado","Sling","Mango"],"potions_floor_usage":[30,30,41,47,50],"damage_taken":[{"damage":0.0,"enemies":"2 Louse","floor":1.0,"turns":2.0},{"damage":7.0,"enemies":"Jaw Worm","floor":3.0,"turns":3.0},{"damage":0.0,"enemies":"Cultist","floor":4.0,"turns":4.0},{"damage":19.0,"enemies":"Gremlin Nob","floor":7.0,"turns":4.0},{"damage":26.0,"enemies":"Lots of Slimes","floor":10.0,"turns":5.0},{"damage":1.0,"enemies":"2 Fungi Beasts","floor":11.0,"turns":4.0},{"damage":0.0,"enemies":"Blue Slaver","floor":13.0,"turns":3.0},{"damage":0.0,"enemies":"Exordium Thugs","floor":14.0,"turns":5.0},{"damage":1.0,"enemies":"The Guardian","floor":16.0,"turns":13.0},{"damage":10.0,"enemies":"Spheric Guardian","floor":18.0,"turns":5.0},{"damage":8.0,"enemies":"Shell Parasite","floor":19.0,"turns":7.0},{"damage":0.0,"enemies":"Sentry and Sphere","floor":21.0,"turns":3.0},{"damage":15.0,"enemies":"Snake Plant","floor":22.0,"turns":4.0},{"damage":24.0,"enemies":"Book of Stabbing","floor":24.0,"turns":6.0},{"damage":38.0,"enemies":"Slavers","floor":27.0,"turns":5.0},{"damage":0.0,"enemies":"Centurion and Healer","floor":28.0,"turns":5.0},{"damage":12,"floor":30,"turns":3},{"damage":3,"enemies":"Cultist and Chosen","floor":31,"turns":7},{"damage":30,"enemies":"Automaton","floor":33,"turns":10},{"damage":1,"enemies":"3 Darklings","floor":35,"turns":2},{"damage":6,"enemies":"Orb Walker","floor":36,"turns":3},{"damage":5,"enemies":"Transient","floor":37,"turns":5},{"damage":6,"enemies":"Nemesis","floor":41,"turns":7},{"damage":10,"enemies":"Sphere and 2 Shapes","floor":42,"turns":3},{"damage":8,"enemies":"Spire Growth","floor":44,"turns":5},{"damage":21,"enemies":"2 Orb Walkers","floor":47,"turns":4},{"damage":57,"enemies":"Time Eater","floor":50,"turns":10}],"seed_played":"-3834701712107791447","potions_obtained":[{"floor":4.0,"key":"Fire Potion"},{"floor":11.0,"key":"FearPotion"},{"floor":13.0,"key":"AttackPotion"},{"floor":21.0,"key":"Regen Potion"},{"floor":22.0,"key":"Swift Potion"},{"floor":24.0,"key":"Energy Potion"},{"floor":28.0,"key":"SkillPotion"},{"floor":33,"key":"Regen Potion"},{"floor":35,"key":"Swift Potion"},{"floor":36,"key":"Energy Potion"},{"floor":44,"key":"Explosive Potion"}],"is_trial":false,"path_per_floor":["M","?","M","M","?","R","E","?","T","M","M","R","M","M","R","B",null,"M","M","?","M","M","R","E","R","T","E","M","R","?","M","R","B",null,"M","M","M","$","?","R","E","M","T","M","?","T","E","$","R","B"],"character_chosen":"DEFECT","items_purchased":["Capacitor","Sling","Mango","FearPotion","Ball Lightning+1"],"campfire_rested":4,"item_purchase_floors":[38,48,48,48,48],"current_hp_per_floor":[64,57,50,50,50,50,31,31,31,5,4,25,25,25,25,49,66,56,48,48,48,45,45,21,42,42,6,8,29,19,18,39,36,62,63,59,56,56,56,56,76,68,68,69,61,67,48,62,62,32],"gold":11,"neow_bonus":"ONE_RARE_RELIC","is_prod":false,"is_daily":false,"chose_seed":false,"campfire_upgraded":4,"win_rate":0,"timestamp":1534393822,"path_taken":["M","?","M","M","?","R","E","?","T","M","M","R","M","M","R","BOSS","M","M","?","M","M","R","E","R","T","E","M","R","?","?","R","BOSS","M","M","M","$","?","R","E","M","T","?","?","?","E","$","R","BOSS"],"build_version":"2018-08-09","purchased_purges":2,"victory":true,"max_hp_per_floor":[71,71,71,71,71,71,71,71,71,71,71,71,71,71,71,71,71,71,71,71,71,71,71,71,71,71,71,71,71,71,71,71,71,71,71,71,71,71,71,71,81,81,81,81,81,87,87,101,101,101],"card_choices":[{"not_picked":["Streamline","Barrage"],"picked":"Leap","floor":1.0},{"not_picked":["Stack","Steam"],"picked":"Coolheaded","floor":3.0},{"not_picked":["Stack","Reprogram"],"picked":"Defragment","floor":4.0},{"not_picked":["Coolheaded","Skim"],"picked":"Buffer","floor":7.0},{"not_picked":["Undo","Barrage"],"picked":"Ball Lightning","floor":10.0},{"not_picked":["Leap","BootSequence"],"picked":"Conserve Battery","floor":11.0},{"not_picked":["Creative AI","Conserve Battery"],"picked":"Chill","floor":13.0},{"not_picked":["Steam","Sweeping Beam"],"picked":"Leap","floor":14.0},{"not_picked":["Core Surge","Biased Cognition"],"picked":"Electrodynamics","floor":16.0},{"not_picked":["Streamline","Coolheaded","Compile Driver"],"picked":"SKIP","floor":18.0},{"not_picked":["BootSequence","FTL"],"picked":"Tempest","floor":19.0},{"not_picked":["Rebound+1","Steam"],"picked":"Ball Lightning+1","floor":21.0},{"not_picked":["Consume","Streamline+1","Leap"],"picked":"SKIP","floor":22.0},{"not_picked":["Genetic Algorithm","Turbo"],"picked":"White Noise+1","floor":24.0},{"not_picked":["Consume+1","Barrage+1","Gash+1"],"picked":"Melter+1","floor":27.0},{"not_picked":["Conserve Battery","White Noise","Beam Cell+1"],"picked":"Cold Snap+1","floor":28.0},{"not_picked":["Barrage+1","Electrodynamics","Conserve Battery"],"picked":"Chaos","floor":30},{"not_picked":["Beam Cell+1","Rip and Tear+1","Sweeping Beam+1"],"picked":"Go for the Eyes+1","floor":31},{"not_picked":["All For One+1","Multi-Cast","Echo Form"],"picked":"Thunder Strike+1","floor":33},{"not_picked":["Turbo"],"picked":"Go for the Eyes+1","floor":35},{"not_picked":["Turbo"],"picked":"Coolheaded","floor":36},{"not_picked":["Redo"],"picked":"Sunder+1","floor":37},{"not_picked":["Redo"],"picked":"Cold Snap+1","floor":41},{"not_picked":["Fusion","Sweeping Beam+1"],"picked":"SKIP","floor":42},{"not_picked":["Reprogram"],"picked":"Conserve Battery+1","floor":44},{"not_picked":["Stack"],"picked":"Cold Snap+1","floor":47}],"player_experience":756196,"relics_obtained":[{"floor":7.0,"key":"Bottled Lightning"},{"floor":9.0,"key":"Pantograph"},{"floor":24.0,"key":"Blood Vial"},{"floor":26.0,"key":"Question Card"},{"floor":27.0,"key":"Emotion Chip"},{"floor":30,"key":"Red Mask"},{"floor":41,"key":"Pear"},{"floor":43,"key":"Darkstone Periapt"},{"floor":46,"key":"Omamori"},{"floor":47,"key":"Bottled Tornado"}],"event_choices":[{"event_name":"Golden Wing","player_choice":"Card Removal","floor":2.0,"damage_taken":0.0},{"event_name":"Bonfire Elementals","player_choice":"BASIC","floor":5.0,"damage_taken":0.0},{"event_name":"WeMeetAgain","player_choice":"Gold","floor":8.0,"damage_taken":0.0},{"event_name":"Addict","player_choice":"Obtained Relic","floor":20.0,"damage_taken":0.0},{"event_name":"Masked Bandits","player_choice":"Fought Bandits","floor":30,"damage_taken":0},{"event_name":"Tomb of Lord Red Mask","player_choice":"Wore Mask","floor":39,"damage_taken":0},{"event_name":"FaceTrader","player_choice":"Touch","floor":45,"damage_taken":0}],"is_beta":false,"boss_relics":[{"not_picked":["Empty Cage","Sozu"],"picked":"Cursed Key"},{"not_picked":["Velvet Choker","Calling Bell"],"picked":"Busted Crown"}],"items_purged_floors":[38,48],"is_endless":false,"potions_floor_spawned":[4,11,13,16,21,22,24,28,33,35,36,44],"ascension_level":14}