{"gold_per_floor":[118,118,8,8,8,35,35,67,67,80,105,124,135,135,135,239,269,283,300,300,223,237,263,263,263,286,286],"floor_reached":27,"playtime":1609,"items_purged":["Defend_B"],"score":359,"play_id":"b47fec00-ec01-4267-aff4-932398343525","local_time":"20180626180036","is_ascension_mode":true,"campfire_choices":[{"data":"Dualcast","floor":7,"key":"SMITH"},{"data":"Go for the Eyes","floor":15,"key":"SMITH"},{"floor":25,"key":"REST"}],"neow_cost":"NONE","seed_source_timestamp":4037371037196,"circlet_count":0,"master_deck":["Strike_B","Strike_B","Strike_B","Strike_B","Defend_B","Defend_B","Defend_B","Zap+1","Dualcast+1","Reinforced Body","Coolheaded+1","Streamline","FTL","BootSequence","Go for the Eyes+1","Machine Learning","Hologram","Hologram+1","Scrape+1","J.A.X.","Scrape+1","All For One"],"special_seed":17708,"relics":["Cracked Core","NeowsBlessing","Singing Bowl","Strawberry","Question Card","Lantern","Centennial Puzzle","Tiny House","Blue Candle","Art of War","Juzu Bracelet"],"potions_floor_usage":[11,11],"damage_taken":[{"damage":0,"enemies":"Jaw Worm","floor":1,"turns":1},{"damage":0,"enemies":"Gremlin Nob","floor":6,"turns":1},{"damage":0,"enemies":"Lagavulin","floor":8,"turns":1},{"damage":0,"enemies":"Cultist","floor":10,"turns":3},{"damage":5,"enemies":"Gremlin Nob","floor":11,"turns":4},{"damage":0,"enemies":"2 Louse","floor":12,"turns":1},{"damage":1,"enemies":"Exordium Thugs","floor":13,"turns":2},{"damage":49,"enemies":"Hexaghost","floor":16,"turns":11},{"damage":16,"enemies":"3 Byrds","floor":18,"turns":4},{"damage":17,"enemies":"Spheric Guardian","floor":19,"turns":4},{"damage":6,"enemies":"Cultist and Chosen","floor":22,"turns":5},{"damage":16,"enemies":"Book of Stabbing","floor":23,"turns":4},{"damage":65,"enemies":"Gremlin Leader","floor":27,"turns":7}],"seed_played":"-4104047601550889155","potions_obtained":[{"floor":2,"key":"Weak Potion"},{"floor":2,"key":"SmokeBomb"},{"floor":2,"key":"GamblersBrew"},{"floor":6,"key":"Strength Potion"},{"floor":8,"key":"Swift Potion"},{"floor":12,"key":"Regen Potion"},{"floor":13,"key":"Dexterity Potion"}],"is_trial":false,"path_per_floor":["M","?","$","T","$","E","R","E","T","M","E","M","M","?","R","B",null,"M","M","?","?","M","E","?","R","T"],"character_chosen":"DEFECT","items_purchased":["Reinforced Body"],"campfire_rested":1,"item_purchase_floors":[3],"current_hp_per_floor":[75,75,75,75,75,84,84,84,84,84,79,79,78,78,78,29,89,73,56,56,56,50,34,34,60,60,0],"gold":286,"neow_bonus":"THREE_ENEMY_KILL","is_prod":false,"is_daily":false,"chose_seed":false,"campfire_upgraded":2,"win_rate":0,"timestamp":1530054036,"path_taken":["M","?","$","?","?","E","R","E","T","M","E","M","M","?","R","BOSS","M","M","?","?","M","E","?","R","T","E"],"build_version":"2018-06-21v2","purchased_purges":1,"victory":false,"max_hp_per_floor":[75,75,75,75,75,84,84,84,84,84,84,84,84,84,84,84,89,89,89,89,89,89,89,89,89,89,89],"card_choices":[{"not_picked":["Barrage","Steam","Leap"],"picked":"SKIP","floor":1},{"not_picked":["Ball Lightning","Darkness","Compile Driver"],"picked":"Singing Bowl","floor":6},{"not_picked":["Storm","Rainbow"],"picked":"Coolheaded","floor":8},{"not_picked":["Turbo","Capacitor","Stack"],"picked":"Streamline","floor":10},{"not_picked":["Creative AI","Sunder","Reprogram"],"picked":"FTL","floor":11},{"not_picked":["Ball Lightning","Redo","Barrage"],"picked":"BootSequence","floor":12},{"not_picked":["Barrage","Coolheaded","Cold Snap"],"picked":"Go for the Eyes","floor":13},{"not_picked":["Core Surge","Creative AI","Rainbow"],"picked":"Machine Learning","floor":16},{"not_picked":["Conserve Battery","Recycle","Static Discharge"],"picked":"Hologram","floor":17},{"not_picked":["Double Energy","Storm","Barrage+1"],"picked":"Hologram+1","floor":18},{"not_picked":["Recycle+1","Cold Snap","Lockon+1"],"picked":"Scrape+1","floor":19},{"not_picked":["Barrage+1","Lockon+1","Rebound+1"],"picked":"Scrape+1","floor":22},{"not_picked":["Recycle","Heatsinks+1","Compile Driver+1"],"picked":"All For One","floor":23}],"player_experience":250372,"relics_obtained":[{"floor":4,"key":"Singing Bowl"},{"floor":6,"key":"Strawberry"},{"floor":8,"key":"Question Card"},{"floor":9,"key":"Lantern"},{"floor":11,"key":"Centennial Puzzle"},{"floor":23,"key":"Blue Candle"},{"floor":26,"key":"Juzu Bracelet"}],"event_choices":[{"event_name":"The Lab","player_choice":"Got Potions","floor":2,"damage_taken":0},{"event_name":"Upgrade Shrine","player_choice":"Upgraded","floor":14,"damage_taken":0},{"event_name":"Ghosts","player_choice":"Ignored","floor":20,"damage_taken":0},{"event_name":"Drug Dealer","player_choice":"Got JAXXED","floor":21,"damage_taken":0},{"event_name":"The Mausoleum","player_choice":"Yes","floor":24,"damage_taken":0}],"boss_relics":[{"not_picked":["Runic Pyramid","Velvet Choker"],"picked":"Tiny House"}],"items_purged_floors":[3],"is_endless":false,"potions_floor_spawned":[6,8,12,13,22],"killed_by":"Gremlin Leader","ascension_level":4}