{"gold_per_floor":[112,112,112,126,144,174,174,193,239,252,266,266,282,309,309,309],"floor_reached":16,"playtime":4375,"items_purged":[],"score":228,"play_id":"86adee3f-4bca-4460-bfa8-7711ed1f2e6d","local_time":"20190319094740","is_ascension_mode":true,"campfire_choices":[{"data":"Bash","floor":7.0,"key":"SMITH"},{"floor":12.0,"key":"REST"},{"data":"Rampage","floor":15,"key":"SMITH"}],"neow_cost":"NONE","seed_source_timestamp":289632595775,"circlet_count":0,"master_deck":["AscendersBane","Strike_R","Strike_R","Strike_R","Defend_R","Defend_R","Defend_R","Defend_R","Bash+1","Cleave","Shrug It Off","Pommel Strike","Rampage+1","Shrug It Off","Carnage"],"special_seed":0,"relics":["Burning Blood","Darkstone Periapt","Anchor","Potion Belt"],"potions_floor_usage":[16],"damage_taken":[{"damage":19.0,"enemies":"Jaw Worm","floor":1.0,"turns":4.0},{"damage":0.0,"enemies":"Small Slimes","floor":4.0,"turns":3.0},{"damage":7.0,"enemies":"Cultist","floor":5.0,"turns":4.0},{"damage":40.0,"enemies":"3 Sentries","floor":6.0,"turns":10.0},{"damage":14.0,"enemies":"Exordium Thugs","floor":8.0,"turns":5.0},{"damage":10.0,"enemies":"Looter","floor":10.0,"turns":4.0},{"damage":0.0,"enemies":"Red Slaver","floor":11.0,"turns":2.0},{"damage":6.0,"enemies":"Exordium Wildlife","floor":13.0,"turns":4.0},{"damage":38,"enemies":"Lagavulin","floor":14,"turns":8},{"damage":26,"enemies":"Hexaghost","floor":16,"turns":8}],"seed_played":"1203094861299785497","potions_obtained":[{"floor":3.0,"key":"Fire Potion"},{"floor":3.0,"key":"BloodPotion"},{"floor":8.0,"key":"Energy Potion"},{"floor":13.0,"key":"SpeedPotion"},{"floor":14,"key":"Regen Potion"}],"is_trial":false,"path_per_floor":["M","?","?","M","M","E","R","M","T","M","M","R","M","E","R","B"],"character_chosen":"IRONCLAD","items_purchased":[],"campfire_rested":1,"item_purchase_floors":[],"current_hp_per_floor":[55,48,48,54,53,26,26,18,18,14,20,42,42,10,10,0],"gold":309,"neow_bonus":"REMOVE_CARD","is_prod":false,"is_daily":false,"chose_seed":false,"campfire_upgraded":2,"win_rate":0,"timestamp":1552985260,"path_taken":["M","?","?","M","M","E","R","?","T","M","M","R","M","E","R","BOSS"],"build_version":"2019-01-23","purchased_purges":0,"victory":false,"max_hp_per_floor":[75,75,75,75,75,75,75,75,75,75,75,75,75,75,75,75],"card_choices":[{"not_picked":["Body Slam","Bloodletting"],"picked":"Cleave","floor":1.0},{"not_picked":["Thunderclap","Cleave","Clash"],"picked":"SKIP","floor":4.0},{"not_picked":["Dropkick","Havoc","Clash"],"picked":"SKIP","floor":5.0},{"not_picked":["Warcry","Havoc"],"picked":"Shrug It Off","floor":6.0},{"not_picked":["Anger","Sword Boomerang"],"picked":"Pommel Strike","floor":8.0},{"not_picked":["Seeing Red","Headbutt"],"picked":"Rampage","floor":10.0},{"not_picked":["Flex","Clash","Dual Wield"],"picked":"SKIP","floor":11.0},{"not_picked":["Havoc","Body Slam"],"picked":"Shrug It Off","floor":13.0},{"not_picked":["Berserk","Barricade"],"picked":"Carnage","floor":14}],"player_experience":515608,"relics_obtained":[{"floor":6.0,"key":"Darkstone Periapt"},{"floor":9.0,"key":"Anchor"},{"floor":14,"key":"Potion Belt"}],"event_choices":[{"cards_removed":["Strike_R"],"damage_healed":0.0,"max_hp_gain":0.0,"max_hp_loss":0.0,"gold_gain":0.0,"event_name":"Golden Wing","player_choice":"Card Removal","floor":2.0,"gold_loss":0.0,"damage_taken":7.0},{"damage_healed":0.0,"max_hp_gain":0.0,"max_hp_loss":0.0,"gold_gain":0.0,"event_name":"Lab","player_choice":"Got Potions","floor":3.0,"gold_loss":0.0,"damage_taken":0.0}],"is_beta":false,"boss_relics":[],"items_purged_floors":[],"is_endless":false,"potions_floor_spawned":[5,8,13,14],"killed_by":"Hexaghost","ascension_level":20}