{"path_per_floor":["M","M","M","$","?","E","R","?","T","R","E","R","E","M","R","B",null,"M","M","?","?","?","E","R","E","T","R","?","R","E","M","R","B",null,"M","$","M","?","T","R","E","T","T","R","E","?","M","M","R","B"],"character_chosen":"IRONCLAD","items_purchased":["Clash","Pen Nib","Shrug It Off"],"gold_per_floor":[13,31,49,2,2,37,37,57,84,84,110,110,139,157,157,252,252,271,291,291,291,291,325,325,651,651,651,651,651,678,688,688,789,789,803,538,548,548,578,578,603,628,628,628,657,0,14,26,26,26],"floor_reached":51,"campfire_rested":0,"playtime":2757,"current_hp_per_floor":[77,75,73,73,73,65,65,56,56,56,45,45,36,35,35,17,70,76,77,61,61,53,23,31,33,33,41,41,49,51,57,65,58,80,76,76,78,67,67,77,73,73,73,83,80,80,61,67,77,26],"items_purged":["Strike_R"],"gold":26,"score":1229,"play_id":"80da1ba7-7d1b-4911-85d3-51c9f4688559","local_time":"20180524173621","is_prod":false,"is_daily":false,"chose_seed":false,"is_ascension_mode":true,"campfire_upgraded":10,"timestamp":1527208581,"campfire_choices":[{"data":"True Grit","floor":7,"key":"SMITH"},{"data":"Bludgeon","floor":10,"key":"SMITH"},{"data":"Bash","floor":12,"key":"SMITH"},{"data":"Immolate","floor":15,"key":"SMITH"},{"data":"Infernal Blade","floor":24,"key":"SMITH"},{"data":"Disarm","floor":27,"key":"SMITH"},{"data":"Iron Wave","floor":29,"key":"SMITH"},{"data":"True Grit","floor":32,"key":"SMITH"},{"data":"Double Tap","floor":40,"key":"SMITH"},{"data":"Shrug It Off","floor":44,"key":"SMITH"},{"data":"Strike_R","floor":49,"key":"PURGE"}],"path_taken":["M","M","M","$","?","E","R","?","T","R","E","R","E","M","R","BOSS","M","M","?","?","?","E","R","E","T","R","?","R","E","?","R","BOSS","M","$","?","?","?","R","E","?","T","R","E","?","?","M","R","BOSS"],"build_version":"2018-05-17","seed_source_timestamp":578034018451019,"purchased_purges":1,"victory":true,"master_deck":["Strike_R","Defend_R","Defend_R","Defend_R","Defend_R","Bash+1","AscendersBane","True Grit+1","Rage","Clash","Bludgeon+1","Clash","Cleave","Clothesline","Immolate+1","Offering","Infernal Blade+1","Necronomicurse","Disarm+1","Iron Wave+1","Battle Trance","True Grit+1","Double Tap+1","Shrug It Off+1","Madness","Madness"],"max_hp_per_floor":[80,80,80,80,80,80,80,80,80,80,87,87,87,87,87,87,87,87,87,87,87,87,87,87,87,87,87,87,87,87,87,87,87,87,87,87,87,87,87,87,87,87,87,87,87,87,87,87,87,87],"relics":["Burning Blood","Ginger","Oddly Smooth Stone","Odd Mushroom","Bag of Preparation","Strawberry","Lantern","Eternal Feather","Necronomicon","Omamori","Old Coin","Meat on the Bone","Toolbox","Runic Dome","Pen Nib","Tiny Chest","Boot","Orichalcum","Bottled Flame","Peace Pipe","Red Mask"],"card_choices":[{"not_picked":["Havoc","Shockwave"],"picked":"True Grit","floor":1},{"not_picked":["Sword Boomerang","Corruption","Flex"],"picked":"SKIP","floor":2},{"not_picked":["Inflame","Corruption"],"picked":"Rage","floor":3},{"not_picked":["Burning Pact","Power Through"],"picked":"Clash","floor":6},{"not_picked":["Heavy Blade","Flame Barrier"],"picked":"Cleave","floor":8},{"not_picked":["Exhume","Cleave"],"picked":"Clothesline","floor":11},{"not_picked":["True Grit","Reaper"],"picked":"Immolate","floor":13},{"not_picked":["Dual Wield","Body Slam","Havoc"],"picked":"SKIP","floor":14},{"not_picked":["Immolate","Exhume"],"picked":"Offering","floor":16},{"not_picked":["Sword Boomerang","Pommel Strike","Body Slam"],"picked":"SKIP","floor":18},{"not_picked":["Body Slam","Rupture"],"picked":"Infernal Blade","floor":19},{"not_picked":["Havoc","Demon Form"],"picked":"Disarm","floor":23},{"not_picked":["Sword Boomerang","Feed"],"picked":"Iron Wave","floor":25},{"not_picked":["Clothesline","Barricade"],"picked":"Battle Trance","floor":30},{"not_picked":["Sword Boomerang","Headbutt"],"picked":"True Grit","floor":31},{"not_picked":["Demon Form","Immolate"],"picked":"Double Tap","floor":33},{"not_picked":["Anger","Carnage","Clothesline"],"picked":"SKIP","floor":35},{"not_picked":["Hemokinesis+1","Warcry","Flex"],"picked":"SKIP","floor":37},{"not_picked":["Flex","Cleave","Reaper"],"picked":"SKIP","floor":41},{"not_picked":["Pommel Strike","Anger","Body Slam"],"picked":"SKIP","floor":45},{"not_picked":["Rampage+1","Body Slam+1","Warcry+1"],"picked":"SKIP","floor":47},{"not_picked":["Cleave+1","Havoc","Sword Boomerang+1"],"picked":"SKIP","floor":48}],"player_experience":485474,"potions_floor_usage":[16,23,30,33,50,50,50],"damage_taken":[{"damage":1,"enemies":"Cultist","floor":1,"turns":4},{"damage":8,"enemies":"Small Slimes","floor":2,"turns":3},{"damage":8,"enemies":"Jaw Worm","floor":3,"turns":5},{"damage":14,"enemies":"3 Sentries","floor":6,"turns":8},{"damage":15,"enemies":"The Mushroom Lair","floor":8,"turns":5},{"damage":24,"enemies":"Gremlin Nob","floor":11,"turns":4},{"damage":15,"enemies":"Lagavulin","floor":13,"turns":5},{"damage":7,"enemies":"3 Louse","floor":14,"turns":2},{"damage":24,"enemies":"Hexaghost","floor":16,"turns":9},{"damage":0,"enemies":"Spheric Guardian","floor":18,"turns":3},{"damage":5,"enemies":"Shell Parasite","floor":19,"turns":3},{"damage":36,"enemies":"Gremlin Leader","floor":23,"turns":3},{"damage":4,"enemies":"Book of Stabbing","floor":25,"turns":3},{"damage":4,"enemies":"Gremlin Leader","floor":30,"turns":2},{"damage":0,"enemies":"3 Cultists","floor":31,"turns":1},{"damage":13,"enemies":"Champ","floor":33,"turns":7},{"damage":10,"enemies":"3 Darklings","floor":35,"turns":3},{"damage":4,"enemies":"3 Shapes","floor":37,"turns":1},{"damage":14,"enemies":"Nemesis","floor":41,"turns":5},{"damage":9,"enemies":"2 Orb Walkers","floor":45,"turns":3},{"damage":25,"enemies":"Maw","floor":47,"turns":3},{"damage":0,"enemies":"3 Darklings","floor":48,"turns":1},{"damage":73,"enemies":"Awakened One","floor":50,"turns":14}],"relics_obtained":[{"floor":6,"key":"Oddly Smooth Stone"},{"floor":8,"key":"Odd Mushroom"},{"floor":9,"key":"Bag of Preparation"},{"floor":11,"key":"Strawberry"},{"floor":13,"key":"Lantern"},{"floor":20,"key":"Necronomicon"},{"floor":23,"key":"Omamori"},{"floor":25,"key":"Old Coin"},{"floor":26,"key":"Meat on the Bone"},{"floor":30,"key":"Toolbox"},{"floor":39,"key":"Tiny Chest"},{"floor":41,"key":"Boot"},{"floor":42,"key":"Orichalcum"},{"floor":43,"key":"Bottled Flame"},{"floor":45,"key":"Peace Pipe"}],"event_choices":[{"event_name":"Transmorgrifier","player_choice":"Transform","floor":5,"damage_taken":0},{"event_name":"Mushrooms","player_choice":"Fought Mushrooms","floor":8,"damage_taken":0},{"event_name":"Cursed Tome","player_choice":"Obtained Book","floor":20,"damage_taken":0},{"event_name":"Bonfire Elementals","player_choice":"BASIC","floor":21,"damage_taken":0},{"event_name":"Knowing Skull","player_choice":"","floor":22,"damage_taken":0},{"event_name":"Ghosts","player_choice":"Ignored","floor":28,"damage_taken":0},{"event_name":"Winding Halls","player_choice":"Embrace Madness","floor":38,"damage_taken":0},{"event_name":"Tomb of Lord Red Mask","player_choice":"Paid","floor":46,"damage_taken":0}],"boss_relics":[{"not_picked":["Tiny House","Calling Bell"],"picked":"Eternal Feather"},{"not_picked":["White Beast Statue","Astrolabe"],"picked":"Runic Dome"}],"potions_floor_spawned":[2,13,14,16,19,25,33,35,41,45],"seed_played":"2698581053126522599","ascension_level":11,"potions_obtained":[{"floor":2,"key":"GamblersBrew"},{"floor":13,"key":"Weak Potion"},{"floor":14,"key":"FearPotion"},{"floor":16,"key":"EssenceOfSteel"},{"floor":25,"key":"Strength Potion"},{"floor":33,"key":"AttackPotion"},{"floor":35,"key":"EssenceOfSteel"}],"is_trial":false}