{"path_per_floor":["M","M","M","?","M","E","R","M","T","E","?","M","M","M","R","B",null,"M","$","M","?","M","R","?","E","T","?","M","E","M","?","R"],"character_chosen":"IRONCLAD","items_purchased":["Shrug It Off","Bandage Up","Vajra"],"gold_per_floor":[110,126,146,146,165,191,191,204,204,237,237,249,265,280,280,384,384,399,46,63,63,75,75,75,107,107,107,118,149,160,410,410],"floor_reached":33,"campfire_rested":3,"playtime":4481,"current_hp_per_floor":[80,80,80,80,76,48,48,46,46,33,33,24,29,22,48,33,87,79,79,64,64,41,67,87,53,53,53,64,52,42,42,71],"items_purged":["Decay"],"gold":410,"score":326,"play_id":"2abc635d-74c0-484b-894d-6113c81ee264","is_prod":false,"is_daily":false,"is_ascension_mode":false,"campfire_upgraded":0,"path_taken":["M","M","M","?","M","E","R","M","T","E","?","M","?","M","R","BOSS","M","$","M","?","M","R","?","E","T","?","M","E","M","?","R","BOSS"],"build_version":"2018-02-15-PROD1","purchased_purges":1,"victory":false,"master_deck":["Strike_R","Strike_R","Strike_R","Strike_R","Strike_R","Defend_R","Defend_R","Defend_R","Bash","Disarm","Pommel Strike","Infernal Blade","Armaments","Headbutt","Headbutt","Armaments","Reaper","Blood for Blood","Shrug It Off","Bandage Up","Iron Wave","Feed","Headbutt","Regret","Normality","Iron Wave","Blood for Blood","Regret","Twin Strike+1"],"max_hp_per_floor":[80,80,80,80,80,80,80,80,80,87,87,87,87,87,87,87,87,87,87,87,87,87,87,87,90,90,90,94,98,98,98,98],"relics":["Burning Blood","Peace Pipe","Mummified Hand","Ice Cream","Strawberry","Cursed Key","Vajra","Lantern","Girya","Orichalcum","Gremlin Horn","Dream Catcher"],"card_choices":[{"not_picked":["Seeing Red","Heavy Blade"],"picked":"Disarm"},{"not_picked":["Clothesline","Sword Boomerang"],"picked":"Pommel Strike"},{"not_picked":["Evolve","Flame Barrier"],"picked":"Infernal Blade"},{"not_picked":["Burning Pact","Thunderclap"],"picked":"Armaments"},{"not_picked":["Combust","Anger"],"picked":"Headbutt"},{"not_picked":["Perfected Strike","Second Wind"],"picked":"Headbutt"},{"not_picked":["Cleave","Rupture"],"picked":"Armaments"},{"not_picked":["Brutality","Double Tap"],"picked":"Reaper"},{"not_picked":["Body Slam","Pommel Strike"],"picked":"Blood for Blood"},{"not_picked":["Rage","Clash"],"picked":"Iron Wave"},{"not_picked":["Shrug It Off","Warcry"],"picked":"Feed"},{"not_picked":["Wild Strike","Evolve"],"picked":"Headbutt"},{"not_picked":["Perfected Strike","Fiend Fire"],"picked":"Iron Wave"},{"not_picked":["Flame Barrier","Sword Boomerang"],"picked":"Blood for Blood"},{"not_picked":["Perfected Strike","Body Slam"],"picked":"Twin Strike"}],"player_experience":46660,"potions_floor_usage":[10,16,18,25,25,29,33,33,33],"damage_taken":[{"damage":1,"enemies":"Small Slimes","floor":1,"turns":4},{"damage":2,"enemies":"2 Louse","floor":2,"turns":3},{"damage":4,"enemies":"Cultist","floor":3,"turns":3},{"damage":10,"enemies":"Looter","floor":5,"turns":5},{"damage":34,"enemies":"Lagavulin","floor":6,"turns":8},{"damage":8,"enemies":"Red Slaver","floor":8,"turns":2},{"damage":38,"enemies":"3 Sentries","floor":10,"turns":7},{"damage":15,"enemies":"Lots of Slimes","floor":12,"turns":4},{"damage":1,"enemies":"2 Fungi Beasts","floor":13,"turns":3},{"damage":13,"enemies":"Large Slime","floor":14,"turns":5},{"damage":21,"enemies":"The Guardian","floor":16,"turns":16},{"damage":16,"enemies":"Chosen","floor":18,"turns":6},{"damage":25,"enemies":"Spheric Guardian","floor":20,"turns":4},{"damage":43,"enemies":"Cultist and Chosen","floor":22,"turns":7},{"damage":47,"enemies":"Slavers","floor":25,"turns":9},{"damage":8,"enemies":"Snecko","floor":28,"turns":6},{"damage":31,"enemies":"Book of Stabbing","floor":29,"turns":5},{"damage":38,"enemies":"3 Cultists","floor":30,"turns":7},{"damage":77,"enemies":"Collector","floor":33,"turns":5}],"event_choices":[{"event_name":"Big Fish","player_choice":"Box","floor":4,"damage_taken":0},{"event_name":"Wheel of Change","player_choice":"Curse","floor":11,"damage_taken":0},{"event_name":"The Mausoleum","player_choice":"Yes","floor":21,"damage_taken":0},{"event_name":"Wheel of Change","player_choice":"Full Heal","floor":24,"damage_taken":0},{"event_name":"Accursed Blacksmith","player_choice":"Rummage","floor":27,"damage_taken":0},{"event_name":"Golden Shrine","player_choice":"Desecrate","floor":31,"damage_taken":0}],"boss_relics":[{"not_picked":["Orrery","Mark of Pain"],"picked":"Cursed Key"}],"potions_floor_spawned":[1,2,8,13,16,20,25,28,29,30],"seed_played":"-7908440157560088552","killed_by":"Collector","ascension_level":0,"is_trial":false}