{"gold_per_floor":[109,128,128,142,156,156,156,166,248,33,33,49,49,81,81,155,155,165,165,194,206,226,226,240,255,282,295,295,295,295,295,295,295],"floor_reached":33,"playtime":1951,"items_purged":["Strike_R"],"score":538,"play_id":"f436faa8-be10-435b-90c8-47460a8d3d98","local_time":"20180901125521","daily_mods":["Heirloom"],"is_ascension_mode":true,"campfire_choices":[{"data":"Flex","floor":6.0,"key":"SMITH"},{"data":"Shrug It Off","floor":11.0,"key":"SMITH"},{"data":"Whirlwind","floor":13.0,"key":"SMITH"},{"floor":15.0,"key":"REST"},{"data":"Heavy Blade","floor":23,"key":"SMITH"},{"floor":30,"key":"REST"},{"floor":32,"key":"REST"}],"neow_cost":"","seed_source_timestamp":79234775289162,"circlet_count":0,"master_deck":["Strike_R+1","Strike_R+1","Strike_R+1","Defend_R+1","Defend_R+1","Defend_R+1","Defend_R+1","Bash","AscendersBane","Hemokinesis+1","Iron Wave","Flex+1","Wild Strike","Twin Strike","Shrug It Off+1","Headbutt","Whirlwind+1","Limit Break","True Grit+1","Shockwave","Iron Wave+1","Heavy Blade+1","Sword Boomerang","Writhe"],"special_seed":0,"relics":["Burning Blood","Torii","Shuriken","Mango","Velvet Choker","Red Mask","Lantern","Potion Belt"],"potions_floor_usage":[16,16,20,24,28],"damage_taken":[{"damage":10.0,"enemies":"Small Slimes","floor":1.0,"turns":3.0},{"damage":4.0,"enemies":"Cultist","floor":2.0,"turns":3.0},{"damage":2.0,"enemies":"2 Louse","floor":4.0,"turns":3.0},{"damage":16.0,"enemies":"Gremlin Gang","floor":5.0,"turns":4.0},{"damage":3.0,"enemies":"Large Slime","floor":8.0,"turns":4.0},{"damage":9.0,"enemies":"2 Fungi Beasts","floor":12.0,"turns":3.0},{"damage":10.0,"enemies":"Gremlin Nob","floor":14.0,"turns":3.0},{"damage":52,"enemies":"Slime Boss","floor":16,"turns":10},{"damage":18,"enemies":"Spheric Guardian","floor":18,"turns":4},{"damage":23,"enemies":"Masked Bandits","floor":20,"turns":3},{"damage":7,"enemies":"Shell Parasite","floor":21,"turns":4},{"damage":3,"enemies":"Centurion and Healer","floor":22,"turns":4},{"damage":24,"enemies":"Sentry and Sphere","floor":24,"turns":4},{"damage":25,"enemies":"3 Cultists","floor":25,"turns":4},{"damage":10,"enemies":"Cultist and Chosen","floor":27,"turns":5},{"damage":0,"enemies":"Book of Stabbing","floor":28,"turns":2},{"damage":89,"enemies":"Automaton","floor":33,"turns":6}],"seed_played":"-5333437936986269973","potions_obtained":[{"floor":4.0,"key":"Strength Potion"},{"floor":5.0,"key":"Dexterity Potion"},{"floor":18,"key":"SpeedPotion"},{"floor":19,"key":"SmokeBomb"},{"floor":19,"key":"Strength Potion"},{"floor":22,"key":"Regen Potion"}],"is_trial":true,"path_per_floor":["M","M","?","M","M","R","?","M","T","$","R","M","R","E","R","B",null,"M","?","?","M","M","R","M","M","T","M","E","?","R","?","R"],"character_chosen":"IRONCLAD","items_purchased":["Shrug It Off","Headbutt","Strength Potion"],"campfire_rested":3,"item_purchase_floors":[10,10,10],"current_hp_per_floor":[64,66,66,70,60,60,37,40,40,40,40,37,37,47,73,27,74,62,62,45,44,47,47,34,15,15,11,17,17,43,43,69,0],"gold":295,"neow_bonus":"","is_prod":false,"is_daily":false,"chose_seed":false,"campfire_upgraded":4,"win_rate":0,"timestamp":1535824521,"path_taken":["M","M","?","M","?","R","?","M","T","$","R","M","R","E","R","BOSS","M","?","?","?","M","R","M","M","T","M","E","?","R","?","R","BOSS"],"build_version":"2018-08-30","purchased_purges":1,"victory":false,"max_hp_per_floor":[75,75,75,75,75,75,75,75,75,75,75,75,75,89,89,89,89,89,89,89,89,89,89,89,89,89,89,89,89,89,89,89,89],"card_choices":[{"not_picked":["Perfected Strike","Blood for Blood"],"picked":"Hemokinesis","floor":1.0},{"not_picked":["Clash","Armaments"],"picked":"Iron Wave","floor":2.0},{"not_picked":["Cleave","Armaments"],"picked":"Flex","floor":4.0},{"not_picked":["Thunderclap","Spot Weakness"],"picked":"Wild Strike","floor":5.0},{"not_picked":["Perfected Strike","Rage"],"picked":"Twin Strike","floor":8.0},{"not_picked":["Feed","Seeing Red"],"picked":"Whirlwind","floor":12.0},{"not_picked":["Twin Strike","Metallicize","Headbutt"],"picked":"SKIP","floor":14.0},{"not_picked":["Fiend Fire","Impervious"],"picked":"Limit Break","floor":16},{"not_picked":["Dual Wield","Anger"],"picked":"True Grit+1","floor":18},{"not_picked":["Twin Strike","Rage"],"picked":"Shockwave","floor":20},{"not_picked":["Headbutt","Flex"],"picked":"Iron Wave+1","floor":21},{"not_picked":["Perfected Strike","Twin Strike"],"picked":"Heavy Blade","floor":22},{"not_picked":["Twin Strike","Warcry","Perfected Strike"],"picked":"SKIP","floor":24},{"not_picked":["Twin Strike","Warcry","Perfected Strike"],"picked":"SKIP","floor":24},{"not_picked":["Rage","Blood for Blood"],"picked":"Sword Boomerang","floor":25},{"not_picked":["Armaments","Warcry","Combust"],"picked":"SKIP","floor":27}],"player_experience":391079,"relics_obtained":[{"floor":9.0,"key":"Shuriken"},{"floor":14.0,"key":"Mango"},{"floor":20,"key":"Red Mask"},{"floor":26,"key":"Lantern"}],"event_choices":[{"event_name":"Purifier","player_choice":"One Purge","floor":3.0,"damage_taken":0.0},{"event_name":"Shining Light","player_choice":"Entered Light","floor":7.0,"damage_taken":0.0},{"event_name":"The Lab","player_choice":"Got Potions","floor":19,"damage_taken":0},{"event_name":"Masked Bandits","player_choice":"Fought Bandits","floor":20,"damage_taken":0},{"event_name":"The Mausoleum","player_choice":"Yes","floor":29,"damage_taken":0},{"event_name":"Back to Basics","player_choice":"Simplicity","floor":31,"damage_taken":0}],"is_beta":false,"boss_relics":[{"not_picked":["Fusion Hammer","Busted Crown"],"picked":"Velvet Choker"}],"items_purged_floors":[10],"is_endless":false,"potions_floor_spawned":[4,5,18,22,28],"killed_by":"Automaton","ascension_level":20}