{"gold_per_floor":[13,28,45,61,61,61,136,96,96,96,125,138,138,161,161,252,252,268,286,325,73,73,73,73,73],"floor_reached":25,"playtime":1099,"items_purged":[],"score":363,"play_id":"ad41d1d7-59f9-44c7-a784-f69b39588067","local_time":"20190126015606","is_ascension_mode":true,"campfire_choices":[{"data":"True Grit","floor":6,"key":"SMITH"},{"data":"Bash","floor":10,"key":"SMITH"},{"data":"Juggernaut","floor":13,"key":"SMITH"},{"data":"Carnage","floor":15,"key":"SMITH"},{"data":"Corruption","floor":23,"key":"SMITH"}],"neow_cost":"NO_GOLD","seed_source_timestamp":50584784100057,"circlet_count":0,"master_deck":["AscendersBane","Strike_R","Strike_R","Strike_R","Defend_R","Defend_R","Defend_R","Defend_R","Bash+1","Iron Wave","True Grit+1","Shrug It Off","Carnage+1","Juggernaut+1","Whirlwind","Demon Form","Disarm+1","Shrug It Off","Corruption+1"],"relics":["Burning Blood","Bloody Idol","Pear","Odd Mushroom","Coffee Dripper","Red Mask","Red Skull"],"potions_floor_usage":[11,16,20,20],"damage_taken":[{"damage":8,"enemies":"Jaw Worm","floor":1,"turns":6},{"damage":3,"enemies":"2 Louse","floor":2,"turns":4},{"damage":5,"enemies":"Small Slimes","floor":3,"turns":4},{"damage":8,"enemies":"3 Louse","floor":4,"turns":7},{"damage":4,"enemies":"Looter","floor":8,"turns":4},{"damage":28,"enemies":"The Mushroom Lair","floor":11,"turns":6},{"damage":0,"enemies":"2 Fungi Beasts","floor":12,"turns":4},{"damage":0,"enemies":"Red Slaver","floor":14,"turns":4},{"damage":23,"enemies":"Hexaghost","floor":16,"turns":10},{"damage":29,"enemies":"Shell Parasite","floor":18,"turns":6},{"damage":7,"enemies":"Chosen","floor":19,"turns":5},{"damage":23,"enemies":"Masked Bandits","floor":20,"turns":4},{"damage":48,"enemies":"Gremlin Leader","floor":25,"turns":2}],"seed_played":"-6861386254662926310","potions_obtained":[{"floor":1,"key":"PowerPotion"},{"floor":3,"key":"FearPotion"},{"floor":11,"key":"SpeedPotion"},{"floor":16,"key":"Energy Potion"},{"floor":18,"key":"Fire Potion"},{"floor":20,"key":"EssenceOfSteel"}],"is_trial":false,"path_per_floor":["M","M","M","M","?","R","?","M","T","R","?","M","R","M","R","B",null,"M","M","?","$","?","R","?","E"],"character_chosen":"IRONCLAD","items_purchased":["Red Skull","Corruption"],"campfire_rested":0,"item_purchase_floors":[21,21],"current_hp_per_floor":[66,69,70,68,42,42,31,33,43,43,21,27,27,33,33,16,68,45,44,27,27,27,27,44,0],"gold":73,"neow_bonus":"REMOVE_TWO","is_prod":false,"is_daily":false,"chose_seed":false,"campfire_upgraded":5,"win_rate":0,"timestamp":1548496566,"path_taken":["M","M","M","M","?","R","?","M","T","R","?","M","R","M","R","BOSS","M","M","?","$","?","R","?","E"],"build_version":"2019-01-23","purchased_purges":0,"victory":false,"max_hp_per_floor":[75,75,75,75,75,75,75,75,85,85,85,85,85,85,85,85,85,85,85,85,85,85,85,85,85],"card_choices":[{"not_picked":["Fire Breathing","Body Slam"],"picked":"Iron Wave","floor":1},{"not_picked":["Power Through","Perfected Strike"],"picked":"True Grit","floor":2},{"not_picked":["Heavy Blade","Sword Boomerang","Blood for Blood"],"picked":"SKIP","floor":3},{"not_picked":["Twin Strike","Power Through"],"picked":"Shrug It Off","floor":4},{"not_picked":["Second Wind","Thunderclap"],"picked":"Carnage","floor":8},{"not_picked":["Thunderclap","Fire Breathing"],"picked":"Juggernaut","floor":12},{"not_picked":["Heavy Blade","Iron Wave"],"picked":"Whirlwind","floor":14},{"not_picked":["Limit Break","Bludgeon"],"picked":"Demon Form","floor":16},{"not_picked":["Havoc+1","Warcry"],"picked":"Disarm+1","floor":18},{"not_picked":["Searing Blow","Bloodletting","Sword Boomerang"],"picked":"SKIP","floor":19},{"not_picked":["Inflame","Pommel Strike"],"picked":"Shrug It Off","floor":20}],"player_experience":1164580,"relics_obtained":[{"floor":9,"key":"Pear"},{"floor":11,"key":"Odd Mushroom"},{"floor":20,"key":"Red Mask"}],"event_choices":[{"damage_healed":0,"gold_gain":0,"player_choice":"Take Damage","damage_taken":26,"relics_obtained":["Golden Idol"],"max_hp_gain":0,"max_hp_loss":0,"event_name":"Golden Idol","floor":5,"gold_loss":0},{"damage_healed":0,"gold_gain":75,"player_choice":"Gather Gold","damage_taken":11,"max_hp_gain":0,"max_hp_loss":0,"event_name":"World of Goop","floor":7,"gold_loss":0},{"damage_healed":0,"gold_gain":0,"player_choice":"Fought Mushrooms","damage_taken":0,"max_hp_gain":0,"max_hp_loss":0,"event_name":"Mushrooms","floor":11,"gold_loss":0},{"damage_healed":0,"gold_gain":0,"player_choice":"Fought Bandits","damage_taken":0,"max_hp_gain":0,"max_hp_loss":0,"event_name":"Masked Bandits","floor":20,"gold_loss":0},{"damage_healed":0,"gold_gain":0,"player_choice":"Gave Idol","damage_taken":0,"relics_obtained":["Bloody Idol"],"max_hp_gain":0,"max_hp_loss":0,"event_name":"Forgotten Altar","floor":22,"relics_lost":["Golden Idol"],"gold_loss":0},{"damage_healed":17,"gold_gain":0,"player_choice":"Heal","damage_taken":0,"max_hp_gain":0,"max_hp_loss":0,"event_name":"The Library","floor":24,"gold_loss":0}],"is_beta":false,"boss_relics":[{"not_picked":["Snecko Eye","Runic Pyramid"],"picked":"Coffee Dripper"}],"items_purged_floors":[],"is_endless":false,"potions_floor_spawned":[1,3,11,16,18,20],"killed_by":"Gremlin Leader","ascension_level":18}