{"path_per_floor":["M","?","M","M","?","R","M","R","T","?","M","$","?","E","R","B",null,"M","M","M","?","M","R","?","?","T","M","?","R","M","M","R"],"character_chosen":"IRONCLAD","items_purchased":["Mercury Hourglass","Toolbox"],"gold_per_floor":[20,120,136,153,153,153,168,168,468,568,579,69,69,102,102,173,173,191,210,220,220,233,233,156,156,182,199,199,199,210,223,223,223],"floor_reached":33,"campfire_rested":3,"playtime":1574,"item_purchase_floors":[12,12],"current_hp_per_floor":[68,68,72,75,60,60,49,49,49,49,42,42,67,68,68,74,75,75,53,38,38,21,43,43,27,27,18,18,40,42,29,51,0],"items_purged":[],"gold":223,"score":508,"play_id":"cab5257c-814a-4bdc-ae3e-f63577197e44","local_time":"20180603151644","is_prod":false,"is_daily":false,"chose_seed":false,"is_ascension_mode":true,"campfire_upgraded":2,"win_rate":0,"timestamp":1528064204,"campfire_choices":[{"data":"Blood for Blood","floor":6,"key":"SMITH"},{"data":"Bludgeon","floor":8,"key":"SMITH"},{"data":"1","floor":15,"key":"LIFT"},{"floor":23,"key":"REST"},{"floor":29,"key":"REST"},{"floor":32,"key":"REST"}],"path_taken":["M","?","M","M","?","R","M","R","T","?","M","$","?","E","R","BOSS","M","M","?","?","M","R","?","?","T","M","?","R","M","M","R","BOSS"],"build_version":"2018-05-31","seed_source_timestamp":2229357054615,"purchased_purges":0,"victory":false,"master_deck":["Strike_R+1","Strike_R+1","Strike_R+1","Defend_R+1","Defend_R+1","Defend_R+1","Defend_R+1","Bash","AscendersBane","Entrench+1","Blood for Blood+1","True Grit+1","Clash+1","Bludgeon+1","Clothesline","Intimidate","Bludgeon","Metallicize","Blood for Blood","J.A.X.+1","Writhe","Seeing Red"],"max_hp_per_floor":[75,75,75,75,75,75,75,75,75,75,75,75,75,75,75,75,75,75,75,75,75,75,75,75,75,75,75,75,75,75,75,75,75],"relics":["Burning Blood","Old Coin","Mercury Hourglass","Toolbox","Girya","Runic Cube","Nilry\u0027s Codex","War Paint","Question Card"],"card_choices":[{"not_picked":["Flex","Hemokinesis","Perfected Strike"],"picked":"SKIP","floor":1},{"not_picked":["Anger","Sword Boomerang"],"picked":"True Grit","floor":3},{"not_picked":["Shrug It Off","Pommel Strike"],"picked":"Clash","floor":4},{"not_picked":["True Grit","Disarm"],"picked":"Bludgeon","floor":7},{"not_picked":["Hemokinesis","Entrench"],"picked":"Clothesline","floor":11},{"not_picked":["Perfected Strike","Sever Soul"],"picked":"Intimidate","floor":14},{"not_picked":["Impervious","Double Tap"],"picked":"Bludgeon","floor":16},{"not_picked":["Infernal Blade","Rupture","Second Wind"],"picked":"SKIP","floor":18},{"not_picked":["Havoc","Burning Pact"],"picked":"Metallicize","floor":19},{"not_picked":["Intimidate","Feel No Pain"],"picked":"Blood for Blood","floor":20},{"not_picked":["Warcry","Heavy Blade","Corruption+1"],"picked":"SKIP","floor":22},{"not_picked":["Twin Strike","Entrench","Combust"],"picked":"SKIP","floor":27},{"not_picked":["Thunderclap+1","Flame Barrier","Wild Strike"],"picked":"Seeing Red","floor":30},{"not_picked":["Heavy Blade+1","Entrench","Fiend Fire","Pommel Strike"],"picked":"SKIP","floor":31}],"player_experience":557251,"potions_floor_usage":[11,20,27,33,33],"damage_taken":[{"damage":6,"enemies":"Cultist","floor":1,"turns":4},{"damage":2,"enemies":"Small Slimes","floor":3,"turns":5},{"damage":1,"enemies":"2 Louse","floor":4,"turns":4},{"damage":17,"enemies":"Exordium Thugs","floor":7,"turns":4},{"damage":13,"enemies":"Blue Slaver","floor":11,"turns":2},{"damage":5,"enemies":"3 Sentries","floor":14,"turns":5},{"damage":0,"enemies":"Slime Boss","floor":16,"turns":6},{"damage":4,"enemies":"Spheric Guardian","floor":18,"turns":3},{"damage":28,"enemies":"Chosen","floor":19,"turns":4},{"damage":28,"enemies":"Centurion and Healer","floor":20,"turns":8},{"damage":23,"enemies":"Cultist and Chosen","floor":22,"turns":8},{"damage":15,"enemies":"3 Cultists","floor":27,"turns":3},{"damage":4,"enemies":"Centurion and Healer","floor":30,"turns":4},{"damage":19,"enemies":"Snake Plant","floor":31,"turns":3},{"damage":76,"enemies":"Collector","floor":33,"turns":7}],"relics_obtained":[{"floor":9,"key":"Old Coin"},{"floor":14,"key":"Girya"},{"floor":25,"key":"Nilry\u0027s Codex"},{"floor":26,"key":"War Paint"}],"event_choices":[{"event_name":"Golden Shrine","player_choice":"Pray","floor":2,"damage_taken":0},{"event_name":"Shining Light","player_choice":"Entered Light","floor":5,"damage_taken":0},{"event_name":"Wheel of Change","player_choice":"Gold","floor":10,"damage_taken":0},{"event_name":"Big Fish","player_choice":"Banana","floor":13,"damage_taken":0},{"event_name":"Back to Basics","player_choice":"Simplicity","floor":21,"damage_taken":0},{"event_name":"Drug Dealer","player_choice":"Got JAXXED","floor":24,"damage_taken":0},{"event_name":"Cursed Tome","player_choice":"Obtained Book","floor":25,"damage_taken":0},{"event_name":"The Mausoleum","player_choice":"Yes","floor":28,"damage_taken":0}],"boss_relics":[{"not_picked":["Philosopher\u0027s Stone","Orrery"],"picked":"Runic Cube"}],"items_purged_floors":[],"potions_floor_spawned":[3,11,16,20,22,30,31],"seed_played":"2408842262455062909","killed_by":"Collector","ascension_level":14,"potions_obtained":[{"floor":3,"key":"SkillPotion"},{"floor":11,"key":"Swift Potion"},{"floor":16,"key":"BloodPotion"},{"floor":20,"key":"SpeedPotion"},{"floor":22,"key":"Poison Potion"},{"floor":30,"key":"Regen Potion"},{"floor":31,"key":"Fire Potion"}],"is_trial":false}