{"gold_per_floor":[110,130,147,147,196,196,213,231,231,251,251,277,277,296,296,373,373,383,117,128,2,16,45,45,45,127,157,157,174,174,190,190,264,264,275,290,303,320,320,320,320,320,345,375,375,15,15,45,45,45],"floor_reached":51,"playtime":1970,"items_purged":["Strike_R","Strike_R","Writhe"],"score":1507,"play_id":"cbf813a1-e092-46e7-ad9d-114c2b5d29bb","local_time":"20190226202914","is_ascension_mode":true,"campfire_choices":[{"data":"Whirlwind","floor":6.0,"key":"SMITH"},{"data":"Corruption","floor":11.0,"key":"SMITH"},{"data":"Bash","floor":13,"key":"SMITH"},{"data":"Anger","floor":15,"key":"SMITH"},{"data":"Havoc","floor":25,"key":"SMITH"},{"data":"Demon Form","floor":32,"key":"SMITH"},{"floor":40,"key":"RECALL"}],"neow_cost":"NONE","seed_source_timestamp":27016638193335,"circlet_count":0,"master_deck":["AscendersBane","Strike_R","Strike_R+1","Defend_R","Defend_R","Defend_R","Defend_R","Bash+1","Wild Strike","Whirlwind+1","Disarm","Iron Wave+1","Corruption+1","Metallicize","Reaper","Shockwave","Demon Form+1","Shrug It Off","Armaments","Headbutt","Havoc+1","True Grit","Warcry+1","Heavy Blade+1","Limit Break","Shrug It Off","Warcry+1","Twin Strike+1","Shrug It Off","Impervious","Warcry","Clash","Flame Barrier"],"special_seed":0,"relics":["Burning Blood","Paper Frog","PreservedInsect","Charon\u0027s Ashes","Red Skull","Coffee Dripper","Regal Pillow","Blue Candle","Meat on the Bone","Singing Bowl","Fusion Hammer","Whetstone","Calipers","Self Forming Clay"],"potions_floor_usage":[12,16,22,50,50],"damage_taken":[{"damage":11.0,"enemies":"Jaw Worm","floor":1.0,"turns":4.0},{"damage":1.0,"enemies":"Cultist","floor":2.0,"turns":3.0},{"damage":10.0,"enemies":"Small Slimes","floor":3.0,"turns":3.0},{"damage":9.0,"enemies":"Blue Slaver","floor":7.0,"turns":6.0},{"damage":11.0,"enemies":"Exordium Wildlife","floor":8.0,"turns":3.0},{"damage":1.0,"enemies":"2 Fungi Beasts","floor":10.0,"turns":4.0},{"damage":10,"enemies":"3 Sentries","floor":12,"turns":4},{"damage":0,"enemies":"3 Louse","floor":14,"turns":1},{"damage":23,"enemies":"Slime Boss","floor":16,"turns":5},{"damage":19,"enemies":"Shell Parasite","floor":18,"turns":4},{"damage":1,"enemies":"Chosen","floor":20,"turns":3},{"damage":9,"enemies":"3 Cultists","floor":22,"turns":4},{"damage":40,"enemies":"Slavers","floor":23,"turns":5},{"damage":0,"enemies":"Gremlin Leader","floor":27,"turns":5},{"damage":39,"enemies":"Shelled Parasite and Fungi","floor":29,"turns":5},{"damage":16,"enemies":"Colosseum Slavers","floor":30,"turns":3},{"damage":31,"enemies":"Snake Plant","floor":31,"turns":5},{"damage":24,"enemies":"Champ","floor":33,"turns":8},{"damage":12,"enemies":"3 Shapes","floor":35,"turns":5},{"damage":28,"enemies":"Orb Walker","floor":36,"turns":4},{"damage":23,"enemies":"Writhing Mass","floor":37,"turns":4},{"damage":25,"enemies":"Jaw Worm Horde","floor":38,"turns":2},{"damage":10,"enemies":"Reptomancer","floor":44,"turns":4},{"damage":32,"enemies":"Nemesis","floor":48,"turns":7},{"damage":77,"enemies":"Awakened One","floor":50,"turns":10}],"seed_played":"4668385005045670332","potions_obtained":[{"floor":1.0,"key":"SmokeBomb"},{"floor":3.0,"key":"PowerPotion"},{"floor":8.0,"key":"AttackPotion"},{"floor":18,"key":"Fruit Juice"},{"floor":23,"key":"SpeedPotion"},{"floor":29,"key":"SneckoOil"},{"floor":31,"key":"FearPotion"},{"floor":37,"key":"LiquidBronze"},{"floor":48,"key":"Block Potion"}],"is_trial":false,"path_per_floor":["M","M","M","?","T","R","M","M","T","M","R","E","R","M","R","B",null,"M","$","M","$","M","E","?","R","T","E","T","M","?","M","R","B",null,"M","M","M","M","?","R","?","?","T","E","R","$","R","E","R","B",null],"character_chosen":"IRONCLAD","items_purchased":["Demon Form","Shrug It Off","Armaments","Havoc","Impervious","Warcry","Clash"],"campfire_rested":0,"item_purchase_floors":[19,19,19,21,46,46,46],"current_hp_per_floor":[63,68,64,53,53,53,50,45,45,50,50,46,46,52,52,35,65,52,52,57,57,75,63,40,40,40,67,67,53,55,48,48,55,78,85,63,55,48,48,48,48,65,65,87,87,87,87,83,83,37],"gold":45,"neow_bonus":"TRANSFORM_CARD","is_prod":false,"is_daily":false,"chose_seed":false,"campfire_upgraded":6,"win_rate":0,"timestamp":1551241754,"path_taken":["M","M","M","?","?","R","M","?","T","M","R","E","R","M","R","BOSS","M","?","M","$","M","E","?","R","T","E","?","?","?","M","R","BOSS","M","M","M","M","?","R","?","?","T","E","R","$","R","E","R","BOSS"],"build_version":"2019-01-23","purchased_purges":3,"victory":true,"max_hp_per_floor":[75,75,75,75,75,75,75,75,75,75,75,75,75,75,75,75,75,75,75,75,75,80,80,85,85,85,85,85,85,85,85,85,85,85,85,85,87,87,87,87,87,87,87,87,87,87,87,87,87,87],"card_choices":[{"not_picked":["Intimidate","Dropkick"],"picked":"Whirlwind","floor":1.0},{"not_picked":["Wild Strike","Sever Soul","Warcry"],"picked":"SKIP","floor":2.0},{"not_picked":["Sentinel","Pommel Strike"],"picked":"Disarm","floor":3.0},{"not_picked":["Twin Strike","Warcry"],"picked":"Anger","floor":7.0},{"not_picked":["Wild Strike","Heavy Blade"],"picked":"Iron Wave","floor":8.0},{"not_picked":["Anger","Perfected Strike"],"picked":"Corruption","floor":10.0},{"not_picked":["Body Slam","Thunderclap","Hemokinesis"],"picked":"SKIP","floor":12},{"not_picked":["Thunderclap","Second Wind"],"picked":"Metallicize","floor":14},{"not_picked":["Juggernaut","Immolate"],"picked":"Reaper","floor":16},{"not_picked":["Carnage","Fire Breathing"],"picked":"Shockwave","floor":18},{"not_picked":["Thunderclap","Cleave"],"picked":"Headbutt","floor":20},{"not_picked":["Seeing Red","Whirlwind"],"picked":"True Grit","floor":22},{"not_picked":["Barricade","Rampage","Blood for Blood"],"picked":"SKIP","floor":23},{"not_picked":["Bloodletting+1","Second Wind","Searing Blow+1"],"picked":"SKIP","floor":27},{"not_picked":["Dual Wield+1","Wild Strike"],"picked":"Warcry+1","floor":29},{"not_picked":["Entrench+1","Dropkick"],"picked":"Heavy Blade+1","floor":31},{"not_picked":["Brutality","Berserk"],"picked":"Limit Break","floor":33},{"not_picked":["Sword Boomerang+1","Perfected Strike"],"picked":"Shrug It Off","floor":35},{"not_picked":["Cleave","Hemokinesis+1"],"picked":"Warcry+1","floor":36},{"not_picked":["Perfected Strike","Headbutt","Feel No Pain"],"picked":"Singing Bowl","floor":37},{"not_picked":["Berserk","Pommel Strike"],"picked":"Twin Strike+1","floor":38},{"not_picked":["Twin Strike+1","Dual Wield+1"],"picked":"Shrug It Off","floor":44},{"not_picked":["Warcry","Headbutt"],"picked":"Flame Barrier","floor":48}],"player_experience":1230410,"relics_obtained":[{"floor":5.0,"key":"PreservedInsect"},{"floor":9.0,"key":"Charon\u0027s Ashes"},{"floor":12,"key":"Red Skull"},{"floor":23,"key":"Regal Pillow"},{"floor":26,"key":"Blue Candle"},{"floor":27,"key":"Meat on the Bone"},{"floor":28,"key":"Singing Bowl"},{"floor":43,"key":"Whetstone"},{"floor":44,"key":"Calipers"},{"floor":48,"key":"Self Forming Clay"}],"event_choices":[{"damage_healed":0.0,"max_hp_gain":0.0,"max_hp_loss":0.0,"gold_gain":0.0,"event_name":"Scrap Ooze","player_choice":"Success","floor":4.0,"gold_loss":0.0,"damage_taken":11.0,"relics_obtained":["Paper Frog"]},{"damage_healed":0,"gold_gain":0,"player_choice":"Shed Blood","damage_taken":28,"max_hp_gain":5,"max_hp_loss":0,"event_name":"Forgotten Altar","floor":24,"gold_loss":0},{"damage_healed":0,"gold_gain":0,"player_choice":"Fight","damage_taken":0,"max_hp_gain":0,"max_hp_loss":0,"event_name":"Colosseum","floor":30,"gold_loss":0},{"damage_healed":0,"gold_gain":0,"player_choice":"Fled From Nobs","damage_taken":0,"max_hp_gain":0,"max_hp_loss":0,"event_name":"Colosseum","floor":30,"gold_loss":0},{"damage_healed":0,"gold_gain":0,"player_choice":"Ignored","damage_taken":0,"max_hp_gain":0,"max_hp_loss":0,"event_name":"Tomb of Lord Red Mask","floor":39,"gold_loss":0},{"cards_removed":["Anger"],"damage_healed":0,"gold_gain":0,"player_choice":"Removed Attack","damage_taken":0,"max_hp_gain":0,"max_hp_loss":0,"event_name":"Falling","floor":41,"gold_loss":0},{"damage_healed":17,"gold_gain":0,"player_choice":"Writhe","damage_taken":0,"max_hp_gain":0,"max_hp_loss":0,"event_name":"Winding Halls","floor":42,"gold_loss":0,"cards_obtained":["Writhe"]}],"is_beta":false,"boss_relics":[{"not_picked":["Calling Bell","Eternal Feather"],"picked":"Coffee Dripper"},{"not_picked":["Runic Cube","White Beast Statue"],"picked":"Fusion Hammer"}],"items_purged_floors":[19,21,46],"is_endless":false,"potions_floor_spawned":[1,3,8,18,23,29,31,35,36,37,48],"ascension_level":19}