{"gold_per_floor":[114,127,140,65,65,65,91,102,171,171,199,199,229,38,38,113,113,126,126,140,157,3,3,36,54,54,54,54,86,1,13,13,90,90,100,119,139,150,199,231,131,144,144,56,56,81,97,111,111,111,111],"floor_reached":52,"playtime":4635,"items_purged":["Strike_G","Strike_G+1"],"score":1969,"play_id":"9500e249-c5aa-4896-8f22-2c2c4546b302","local_time":"20190411095019","is_ascension_mode":true,"campfire_choices":[{"data":"Predator","floor":6.0,"key":"SMITH"},{"data":"Neutralize","floor":10.0,"key":"SMITH"},{"data":"Crippling Poison","floor":15.0,"key":"SMITH"},{"data":"Glass Knife","floor":23.0,"key":"SMITH"},{"data":"Noxious Fumes","floor":28.0,"key":"SMITH"},{"data":"Leg Sweep","floor":32.0,"key":"SMITH"},{"data":"Bouncing Flask","floor":45.0,"key":"SMITH"},{"floor":49,"key":"REST"}],"neow_cost":"PERCENT_DAMAGE","seed_source_timestamp":0,"circlet_count":0,"master_deck":["AscendersBane","Defend_G","Defend_G","Defend_G","Defend_G","Strike_G+1","Survivor","Neutralize+1","Leg Sweep+1","Die Die Die","Predator+1","Noxious Fumes+1","Crippling Poison+1","Terror","Dash","Dodge and Roll","Adrenaline","PiercingWail","Flechettes+1","Glass Knife+1","Dodge and Roll+1","Dash","Bullet Time","Malaise","Backstab","Predator+1","Backflip","Corpse Explosion","Bouncing Flask+1","Footwork"],"special_seed":0,"relics":["Ring of the Serpent","Pocketwatch","Ninja Scroll","Oddly Smooth Stone","Bag of Marbles","Art of War","Philosopher\u0027s Stone","Vajra","Matryoshka","Whetstone","Nunchaku","Snake Skull","Incense Burner","Orichalcum","Lantern","Singing Bowl","Question Card"],"potions_floor_usage":[50],"damage_taken":[{"damage":3.0,"enemies":"Cultist","floor":1.0,"turns":6.0},{"damage":0.0,"enemies":"2 Louse","floor":2.0,"turns":3.0},{"damage":0.0,"enemies":"Small Slimes","floor":3.0,"turns":2.0},{"damage":16.0,"enemies":"Gremlin Nob","floor":7.0,"turns":4.0},{"damage":0.0,"enemies":"3 Louse","floor":8.0,"turns":2.0},{"damage":9.0,"enemies":"3 Sentries","floor":11.0,"turns":5.0},{"damage":0.0,"enemies":"Gremlin Nob","floor":13.0,"turns":3.0},{"damage":0.0,"enemies":"The Mushroom Lair","floor":14.0,"turns":3.0},{"damage":12.0,"enemies":"Slime Boss","floor":16.0,"turns":9.0},{"damage":0.0,"enemies":"Shell Parasite","floor":18.0,"turns":5.0},{"damage":1.0,"enemies":"Spheric Guardian","floor":20.0,"turns":4.0},{"damage":3.0,"enemies":"Snecko","floor":21.0,"turns":3.0},{"damage":0.0,"enemies":"Slavers","floor":24.0,"turns":2.0},{"damage":3.0,"enemies":"Shelled Parasite and Fungi","floor":25.0,"turns":3.0},{"damage":10.0,"enemies":"Gremlin Leader","floor":29.0,"turns":4.0},{"damage":9.0,"enemies":"Snake Plant","floor":31.0,"turns":3.0},{"damage":16.0,"enemies":"Collector","floor":33.0,"turns":7.0},{"damage":7.0,"enemies":"3 Darklings","floor":35.0,"turns":3.0},{"damage":5.0,"enemies":"3 Shapes","floor":36.0,"turns":5.0},{"damage":0.0,"enemies":"Sphere and 2 Shapes","floor":37.0,"turns":4.0},{"damage":14.0,"enemies":"Spire Growth","floor":38.0,"turns":5.0},{"damage":6.0,"enemies":"2 Orb Walkers","floor":39.0,"turns":4.0},{"damage":34.0,"enemies":"Reptomancer","floor":40.0,"turns":6.0},{"damage":0.0,"enemies":"3 Darklings","floor":42.0,"turns":3.0},{"damage":20.0,"enemies":"Giant Head","floor":46.0,"turns":6.0},{"damage":0,"enemies":"4 Shapes","floor":47,"turns":4},{"damage":5,"enemies":"Jaw Worm Horde","floor":48,"turns":2},{"damage":13,"enemies":"Time Eater","floor":50,"turns":14},{"damage":24,"enemies":"Awakened One","floor":51,"turns":16}],"seed_played":"3381377951231354528","potions_obtained":[{"floor":2.0,"key":"Regen Potion"},{"floor":5.0,"key":"FearPotion"},{"floor":7.0,"key":"Block Potion"},{"floor":20.0,"key":"EssenceOfSteel"},{"floor":31.0,"key":"Explosive Potion"},{"floor":40.0,"key":"Regen Potion"},{"floor":42.0,"key":"FearPotion"}],"is_trial":false,"path_per_floor":["M","M","M","?","?","R","E","M","T","R","E","?","E","?","R","B",null,"M","?","M","M","$","R","E","M","T","?","R","E","$","M","R","B",null,"M","M","M","M","?","E","$","M","T","$","R","E","M","M","R","B","B",null],"character_chosen":"THE_SILENT","items_purchased":["Art of War","PiercingWail","Glass Knife","Dash","Footwork"],"campfire_rested":1,"item_purchase_floors":[14,14,22,30,44],"current_hp_per_floor":[41,41,41,41,41,41,25,25,25,25,16,21,21,21,21,9,56,56,56,55,52,52,52,52,49,49,81,81,71,71,62,62,46,72,65,60,60,46,40,20,20,20,20,20,20,17,19,16,42,29,5],"gold":111,"neow_bonus":"TRANSFORM_TWO_CARDS","is_prod":false,"is_daily":false,"chose_seed":false,"campfire_upgraded":7,"win_rate":0,"timestamp":1554969019,"path_taken":["M","M","M","?","?","R","E","?","T","R","E","?","E","?","R","BOSS","M","?","M","?","$","R","E","?","T","?","R","E","?","M","R","BOSS","M","M","M","?","?","E","$","M","T","?","R","E","M","M","R","BOSS","BOSS"],"build_version":"2019-01-23","purchased_purges":2,"victory":true,"max_hp_per_floor":[66,66,66,66,66,66,66,66,66,66,66,71,71,71,71,71,71,71,71,71,71,71,71,71,71,71,81,81,81,81,81,81,81,81,81,81,81,81,81,81,81,81,81,81,81,83,85,87,87,87,87],"card_choices":[{"not_picked":["Dodge and Roll","Dagger Throw"],"picked":"Predator","floor":1.0},{"not_picked":["Blade Dance","Flying Knee"],"picked":"Noxious Fumes","floor":2.0},{"not_picked":["Blade Dance","Prepared"],"picked":"Crippling Poison","floor":3.0},{"not_picked":["Deadly Poison","Sucker Punch"],"picked":"Terror","floor":7.0},{"not_picked":["Outmaneuver","Poisoned Stab"],"picked":"Dash","floor":8.0},{"not_picked":["Quick Slash","Phantasmal Killer"],"picked":"Dodge and Roll","floor":11.0},{"not_picked":["Quick Slash","Deflect"],"picked":"Adrenaline","floor":13.0},{"not_picked":["Die Die Die","Night Terror"],"picked":"Doppelganger","floor":16.0},{"not_picked":["Quick Slash+1","Poisoned Stab","Bane"],"picked":"SKIP","floor":18.0},{"not_picked":["Poisoned Stab","Outmaneuver"],"picked":"Flechettes+1","floor":20.0},{"not_picked":["Flying Knee","Outmaneuver","Endless Agony"],"picked":"SKIP","floor":21.0},{"not_picked":["Blade Dance","Unload","Poisoned Stab+1"],"picked":"SKIP","floor":24.0},{"not_picked":["Dagger Throw","Outmaneuver","Poisoned Stab"],"picked":"SKIP","floor":25.0},{"not_picked":["Deadly Poison","Flying Knee"],"picked":"Dodge and Roll+1","floor":29.0},{"not_picked":["Backflip","Catalyst"],"picked":"Bullet Time","floor":31.0},{"not_picked":["Venomology","Tools of the Trade"],"picked":"Malaise","floor":33.0},{"not_picked":["Prepared","Escape Plan"],"picked":"Backstab","floor":35.0},{"not_picked":["Tactician","Poisoned Stab"],"picked":"Predator+1","floor":36.0},{"not_picked":["Prepared","Dagger Spray"],"picked":"Backflip","floor":37.0},{"not_picked":["Tools of the Trade","Sucker Punch+1","Poisoned Stab+1"],"picked":"SKIP","floor":38.0},{"not_picked":["Slice","Underhanded Strike+1"],"picked":"Corpse Explosion","floor":40.0},{"not_picked":["Sucker Punch","Poisoned Stab+1"],"picked":"Bouncing Flask","floor":42.0},{"not_picked":["Poisoned Stab","Bouncing Flask+1","Corpse Explosion"],"picked":"Singing Bowl","floor":46.0},{"not_picked":["Bane+1","Distraction","Quick Slash","Finisher"],"picked":"Singing Bowl","floor":47},{"not_picked":["Tactician","Quick Slash","Blade Dance+1","PiercingWail"],"picked":"Singing Bowl","floor":48}],"player_experience":586828,"relics_obtained":[{"floor":7.0,"key":"Pocketwatch"},{"floor":9.0,"key":"Ninja Scroll"},{"floor":11.0,"key":"Oddly Smooth Stone"},{"floor":13.0,"key":"Bag of Marbles"},{"floor":24.0,"key":"Matryoshka"},{"floor":26.0,"key":"Whetstone"},{"floor":26.0,"key":"Nunchaku"},{"floor":29.0,"key":"Snake Skull"},{"floor":39.0,"key":"Incense Burner"},{"floor":40.0,"key":"Orichalcum"},{"floor":43.0,"key":"Lantern"},{"floor":43.0,"key":"Singing Bowl"},{"floor":46.0,"key":"Question Card"}],"event_choices":[{"cards_removed":["Strike_G"],"damage_healed":0.0,"max_hp_gain":0.0,"max_hp_loss":0.0,"gold_gain":0.0,"event_name":"The Cleric","player_choice":"Card Removal","floor":4.0,"gold_loss":75.0,"damage_taken":0.0},{"damage_healed":0.0,"max_hp_gain":0.0,"max_hp_loss":0.0,"gold_gain":0.0,"event_name":"Lab","player_choice":"Got Potions","floor":5.0,"gold_loss":0.0,"damage_taken":0.0},{"damage_healed":0.0,"max_hp_gain":5.0,"max_hp_loss":0.0,"gold_gain":0.0,"event_name":"Big Fish","player_choice":"Donut","floor":12.0,"gold_loss":0.0,"damage_taken":0.0},{"damage_healed":0.0,"max_hp_gain":0.0,"max_hp_loss":0.0,"gold_gain":0.0,"event_name":"Mushrooms","player_choice":"Fought Mushrooms","floor":14.0,"gold_loss":0.0,"damage_taken":0.0},{"damage_healed":0.0,"max_hp_gain":0.0,"max_hp_loss":0.0,"gold_gain":0.0,"event_name":"WeMeetAgain","player_choice":"Gave Potion","floor":19.0,"gold_loss":0.0,"damage_taken":0.0,"relics_obtained":["Vajra"]},{"cards_removed":["Doppelganger"],"damage_healed":22.0,"max_hp_gain":10.0,"max_hp_loss":0.0,"gold_gain":0.0,"event_name":"Bonfire Elementals","player_choice":"Offered Rare","floor":27.0,"gold_loss":0.0,"damage_taken":0.0},{"damage_healed":0.0,"max_hp_gain":0.0,"max_hp_loss":0.0,"gold_gain":0.0,"event_name":"Mysterious Sphere","player_choice":"Fight","floor":39.0,"gold_loss":0.0,"damage_taken":0.0}],"is_beta":false,"boss_relics":[{"not_picked":["Coffee Dripper","Orrery"],"picked":"Philosopher\u0027s Stone"},{"not_picked":["White Beast Statue","Runic Dome"],"picked":"Ring of the Serpent"}],"items_purged_floors":[22,41],"is_endless":false,"potions_floor_spawned":[2,7,13,14,18,20,21,31,33,36,38,39,40,42],"ascension_level":20}