{"gold_per_floor":[112,126,201,221,237,237,7,36,88,88,88,8,8,35,35,110,110,128,108,122,68,81,81,81,81,81,81,114,114,125,142,142,214,214,234,66,66,85,105,105,122,122,146,157,177,191,191,206,206,206],"floor_reached":50,"playtime":2951,"items_purged":[],"score":973,"play_id":"767080be-d5a3-46ce-8dc4-93bffa07495e","local_time":"20190412101510","is_ascension_mode":true,"campfire_choices":[{"data":"Predator","floor":6.0,"key":"SMITH"},{"data":"Storm of Steel","floor":11.0,"key":"SMITH"},{"floor":15.0,"key":"REST"},{"data":"Phantasmal Killer","floor":23.0,"key":"SMITH"},{"floor":25.0,"key":"REST"},{"data":"Blade Dance","floor":27.0,"key":"SMITH"},{"floor":29.0,"key":"REST"},{"floor":32.0,"key":"REST"},{"floor":40.0,"key":"REST"},{"data":"After Image","floor":42.0,"key":"SMITH"},{"floor":47.0,"key":"REST"},{"floor":49.0,"key":"REST"}],"neow_cost":"NONE","seed_source_timestamp":0,"circlet_count":0,"master_deck":["AscendersBane","Defend_G","Defend_G","Defend_G","Defend_G","Defend_G","Strike_G","Survivor","Neutralize","Storm of Steel+1","Dagger Spray","Backflip","Predator+1","Cloak And Dagger","Well Laid Plans","Master of Strategy","Infinite Blades","Unload","Phantasmal Killer+1","PiercingWail","Blade Dance+1","PiercingWail","After Image+1","Deflect+1","Deflect+1","Corpse Explosion+1","Backflip+1","Envenom+1","Skewer+1","Dodge and Roll+1","Night Terror+1","Infinite Blades","Footwork","Terror+1","Blade Dance+1","Accuracy+1","Acrobatics+1","Backstab+1","Crippling Poison+1","Accuracy+1"],"special_seed":0,"relics":["Ring of the Snake","Ornamental Fan","PreservedInsect","Happy Flower","Philosopher\u0027s Stone","Enchiridion","Mercury Hourglass","Toxic Egg 2","Astrolabe","Dream Catcher"],"potions_floor_usage":[50,50],"damage_taken":[{"damage":4.0,"enemies":"Jaw Worm","floor":1.0,"turns":3.0},{"damage":0.0,"enemies":"2 Louse","floor":2.0,"turns":2.0},{"damage":1.0,"enemies":"Small Slimes","floor":4.0,"turns":3.0},{"damage":7.0,"enemies":"Blue Slaver","floor":5.0,"turns":5.0},{"damage":20.0,"enemies":"3 Sentries","floor":8.0,"turns":7.0},{"damage":6.0,"enemies":"Gremlin Nob","floor":14.0,"turns":3.0},{"damage":15.0,"enemies":"Slime Boss","floor":16.0,"turns":9.0},{"damage":0.0,"enemies":"3 Byrds","floor":18.0,"turns":3.0},{"damage":0.0,"enemies":"Chosen","floor":20.0,"turns":3.0},{"damage":24.0,"enemies":"Snecko","floor":22.0,"turns":5.0},{"damage":15.0,"enemies":"Book of Stabbing","floor":28.0,"turns":3.0},{"damage":10.0,"enemies":"Sentry and Sphere","floor":30.0,"turns":4.0},{"damage":1.0,"enemies":"Centurion and Healer","floor":31.0,"turns":4.0},{"damage":18.0,"enemies":"Automaton","floor":33.0,"turns":10.0},{"damage":24.0,"enemies":"3 Darklings","floor":35.0,"turns":5.0},{"damage":0.0,"enemies":"Orb Walker","floor":38.0,"turns":2.0},{"damage":17.0,"enemies":"Transient","floor":39.0,"turns":6.0},{"damage":15.0,"enemies":"Jaw Worm Horde","floor":41.0,"turns":2.0},{"damage":2.0,"enemies":"4 Shapes","floor":44.0,"turns":6.0},{"damage":12.0,"enemies":"Maw","floor":45.0,"turns":7.0},{"damage":0.0,"enemies":"Spire Growth","floor":46.0,"turns":5.0},{"damage":2.0,"enemies":"Writhing Mass","floor":48.0,"turns":5.0},{"damage":42,"enemies":"Awakened One","floor":50,"turns":3}],"seed_played":"-196587338409618015","potions_obtained":[{"floor":4.0,"key":"Swift Potion"},{"floor":5.0,"key":"Ancient Potion"},{"floor":8.0,"key":"SpeedPotion"},{"floor":18.0,"key":"Regen Potion"},{"floor":19.0,"key":"EntropicBrew"},{"floor":20.0,"key":"GhostInAJar"},{"floor":39.0,"key":"Ancient Potion"},{"floor":48.0,"key":"Explosive Potion"}],"is_trial":false,"path_per_floor":["M","M","?","M","M","R","$","E","T","?","R","$","?","E","R","B",null,"M","?","M","$","M","R","?","R","T","R","E","R","M","M","R","B",null,"M","$","?","M","M","R","M","R","T","M","M","M","R","M","R","B"],"character_chosen":"THE_SILENT","items_purchased":["Well Laid Plans","Master of Strategy","Infinite Blades","Blade Dance","Night Terror+1","Infinite Blades"],"campfire_rested":7,"item_purchase_floors":[7,7,12,21,36,36],"current_hp_per_floor":[55,55,44,43,36,36,36,16,16,16,16,16,16,10,29,14,53,53,53,53,53,29,29,8,27,27,27,12,31,21,20,39,21,55,31,31,31,31,14,33,18,18,18,16,4,4,23,21,40,0],"gold":206,"neow_bonus":"ONE_RANDOM_RARE_CARD","is_prod":false,"is_daily":false,"chose_seed":false,"campfire_upgraded":5,"win_rate":0,"timestamp":1555056910,"path_taken":["M","M","?","M","M","R","$","E","T","?","R","$","?","E","R","BOSS","M","?","M","?","?","R","?","R","T","R","E","R","M","M","R","BOSS","M","$","?","M","M","R","?","R","T","M","M","M","R","M","R","BOSS"],"build_version":"2019-01-23","purchased_purges":0,"victory":false,"max_hp_per_floor":[66,66,66,66,66,66,66,66,66,66,66,66,66,66,66,66,66,66,66,66,66,66,66,66,66,66,66,66,66,66,66,66,66,66,66,66,66,66,66,66,66,66,66,66,66,66,66,66,66,66],"card_choices":[{"not_picked":["Dodge and Roll","Heel Hook"],"picked":"Dagger Spray","floor":1.0},{"not_picked":["Slice","Deflect"],"picked":"Backflip","floor":2.0},{"not_picked":["Concentrate","Sucker Punch"],"picked":"Predator","floor":4.0},{"not_picked":["Blade Dance","Quick Slash"],"picked":"Cloak And Dagger","floor":5.0},{"not_picked":["Blur","Caltrops","Dagger Spray"],"picked":"SKIP","floor":8.0},{"not_picked":["Blur","Caltrops","Dagger Spray"],"picked":"SKIP","floor":8.0},{"not_picked":["Cloak And Dagger","Dodge and Roll"],"picked":"Unload","floor":14.0},{"not_picked":["Tools of the Trade","Grand Finale"],"picked":"Phantasmal Killer","floor":16.0},{"not_picked":["Outmaneuver+1","Slice"],"picked":"PiercingWail","floor":18.0},{"not_picked":["Slice","Blur+1","Skewer"],"picked":"SKIP","floor":20.0},{"not_picked":["Underhanded Strike","Masterful Stab"],"picked":"PiercingWail","floor":22.0},{"not_picked":["Poisoned Stab","Dagger Throw"],"picked":"After Image","floor":28.0},{"not_picked":["Prepared+1","Well Laid Plans"],"picked":"Deflect+1","floor":30.0},{"not_picked":["Slice","Deadly Poison+1"],"picked":"Deflect+1","floor":31.0},{"not_picked":["Die Die Die","Unload"],"picked":"Corpse Explosion+1","floor":33.0},{"not_picked":["Finisher","Tactician+1"],"picked":"Dodge and Roll+1","floor":35.0},{"not_picked":["Backflip+1","Distraction+1"],"picked":"Footwork","floor":38.0},{"not_picked":["Flying Knee","Skewer"],"picked":"Terror+1","floor":39.0},{"not_picked":["Flechettes","Deadly Poison+1"],"picked":"Blade Dance+1","floor":41.0},{"not_picked":["Outmaneuver+1","Prepared+1"],"picked":"Accuracy+1","floor":44.0},{"not_picked":["Noxious Fumes","Dagger Spray","Flying Knee"],"picked":"SKIP","floor":45.0},{"not_picked":["Choke","Cloak And Dagger+1"],"picked":"Acrobatics+1","floor":46.0},{"not_picked":["Acrobatics+1","Deflect+1"],"picked":"Backstab+1","floor":47.0},{"not_picked":["Outmaneuver+1","Catalyst+1"],"picked":"Crippling Poison+1","floor":48.0},{"not_picked":["Blade Dance+1","Backstab"],"picked":"Accuracy+1","floor":49.0}],"player_experience":595866,"relics_obtained":[{"floor":8.0,"key":"Ornamental Fan"},{"floor":9.0,"key":"PreservedInsect"},{"floor":14.0,"key":"Happy Flower"},{"floor":24.0,"key":"Enchiridion"},{"floor":26.0,"key":"Mercury Hourglass"},{"floor":28.0,"key":"Toxic Egg 2"},{"floor":43.0,"key":"Dream Catcher"}],"event_choices":[{"damage_healed":0.0,"max_hp_gain":0.0,"max_hp_loss":0.0,"gold_gain":75.0,"event_name":"World of Goop","player_choice":"Gather Gold","floor":3.0,"gold_loss":0.0,"damage_taken":11.0},{"damage_healed":0.0,"max_hp_gain":0.0,"max_hp_loss":0.0,"gold_gain":0.0,"event_name":"Scrap Ooze","player_choice":"Fled","floor":10.0,"gold_loss":0.0,"damage_taken":0.0},{"damage_healed":0.0,"max_hp_gain":0.0,"max_hp_loss":0.0,"gold_gain":0.0,"event_name":"Liars Game","player_choice":"Ignored","floor":13.0,"gold_loss":0.0,"damage_taken":0.0},{"damage_healed":0.0,"max_hp_gain":0.0,"max_hp_loss":0.0,"gold_gain":0.0,"event_name":"The Woman in Blue","player_choice":"Bought 1 Potion","floor":19.0,"gold_loss":0.0,"damage_taken":0.0},{"damage_healed":0.0,"max_hp_gain":0.0,"max_hp_loss":0.0,"gold_gain":0.0,"event_name":"Cursed Tome","player_choice":"Obtained Book","floor":24.0,"gold_loss":0.0,"damage_taken":21.0},{"cards_removed":["Strike_G"],"damage_healed":0.0,"max_hp_gain":0.0,"max_hp_loss":0.0,"gold_gain":0.0,"event_name":"Purifier","player_choice":"Purged","floor":37.0,"gold_loss":0.0,"damage_taken":0.0}],"is_beta":false,"boss_relics":[{"not_picked":["Tiny House","Runic Dome"],"picked":"Philosopher\u0027s Stone"},{"not_picked":["Pandora\u0027s Box","White Beast Statue"],"picked":"Astrolabe"}],"items_purged_floors":[],"is_endless":false,"potions_floor_spawned":[4,5,8,14,18,20,30,33,35,39,44,45,48],"killed_by":"Awakened One","ascension_level":20}