{"gold_per_floor":[20,32,32,48,48,74,92,110,110,110,110,130,130,187,187,265,265,265,265,265,265,14,14,14,14,14,14,14,14,14,14,14,14,14,14,14,14,14,14,14,14,14,14,14,14,14,14,14,14,14],"floor_reached":51,"playtime":6560,"items_purged":["Strike_R"],"score":1429,"play_id":"e77d4875-8cd4-429e-adb3-7c7216b6c30d","local_time":"20181106000437","is_ascension_mode":true,"campfire_choices":[{"data":"Bash","floor":10.0,"key":"SMITH"},{"data":"Shockwave","floor":13.0,"key":"SMITH"},{"data":"Bludgeon","floor":15.0,"key":"SMITH"},{"data":"Disarm","floor":23,"key":"SMITH"},{"data":"Flame Barrier","floor":25,"key":"SMITH"},{"floor":29,"key":"REST"},{"data":"Carnage","floor":32,"key":"SMITH"},{"data":"Metallicize","floor":40,"key":"SMITH"},{"data":"Double Tap","floor":47,"key":"SMITH"},{"data":"True Grit","floor":49,"key":"SMITH"}],"neow_cost":"NO_GOLD","seed_source_timestamp":0,"circlet_count":0,"master_deck":["AscendersBane","Strike_R+1","Strike_R+1","Strike_R+1","Strike_R+1","Defend_R+1","Defend_R+1","Defend_R+1","Defend_R+1","Bash+1","Carnage+1","Armaments","Headbutt","Whirlwind","Shockwave+1","Bludgeon+1","Immolate","Shrug It Off","Disarm+1","Flame Barrier+1","Flame Barrier+1","Clothesline","Double Tap+1","Iron Wave","Iron Wave","Metallicize+1","Blood for Blood+1","Iron Wave","True Grit+1"],"special_seed":0,"relics":["Burning Blood","WarpedTongs","Blue Candle","Paper Frog","Spirit Poop","Darkstone Periapt","Ectoplasm","MutagenicStrength","Shuriken","Bronze Scales","Dead Branch","Cursed Key","StoneCalendar","Unceasing Top","Pantograph","WingedGreaves","Matryoshka","Ornamental Fan"],"potions_floor_usage":[30,33,50,50],"damage_taken":[{"damage":7.0,"enemies":"Cultist","floor":1.0,"turns":4.0},{"damage":8.0,"enemies":"2 Louse","floor":2.0,"turns":3.0},{"damage":2.0,"enemies":"Jaw Worm","floor":4.0,"turns":3.0},{"damage":10.0,"enemies":"Gremlin Nob","floor":6.0,"turns":3.0},{"damage":0.0,"enemies":"3 Louse","floor":7.0,"turns":1.0},{"damage":9.0,"enemies":"Large Slime","floor":8.0,"turns":5.0},{"damage":8.0,"enemies":"Looter","floor":12.0,"turns":2.0},{"damage":16.0,"enemies":"Gremlin Nob","floor":14.0,"turns":3.0},{"damage":49.0,"enemies":"Hexaghost","floor":16.0,"turns":8.0},{"damage":15,"enemies":"Shell Parasite","floor":18,"turns":4},{"damage":13,"enemies":"Spheric Guardian","floor":19,"turns":4},{"damage":1,"enemies":"Centurion and Healer","floor":20,"turns":5},{"damage":34,"enemies":"Gremlin Leader","floor":24,"turns":6},{"damage":19,"enemies":"Snake Plant","floor":28,"turns":3},{"damage":0,"enemies":"Book of Stabbing","floor":30,"turns":5},{"damage":42,"enemies":"Champ","floor":33,"turns":12},{"damage":7,"enemies":"3 Shapes","floor":35,"turns":2},{"damage":20,"enemies":"2 Orb Walkers","floor":36,"turns":4},{"damage":8,"enemies":"Orb Walker","floor":37,"turns":2},{"damage":4,"enemies":"Mind Bloom Boss Battle","floor":38,"turns":4},{"damage":6,"enemies":"3 Darklings","floor":39,"turns":3},{"damage":25,"enemies":"Giant Head","floor":41,"turns":7},{"damage":20,"enemies":"Transient","floor":42,"turns":6},{"damage":9,"enemies":"Reptomancer","floor":46,"turns":3},{"damage":1,"enemies":"Nemesis","floor":48,"turns":5},{"damage":47,"enemies":"Awakened One","floor":50,"turns":14}],"seed_played":"2031518640118013502","potions_obtained":[{"floor":1.0,"key":"Swift Potion"},{"floor":2.0,"key":"Fruit Juice"},{"floor":7.0,"key":"Regen Potion"},{"floor":8.0,"key":"Ancient Potion"},{"floor":30,"key":"Weak Potion"},{"floor":35,"key":"Dexterity Potion"},{"floor":46,"key":"Regen Potion"}],"is_trial":false,"path_per_floor":["M","M","?","M","$","E","M","M","T","R","?","M","R","?","R","B",null,"M","M","M","?","$","R","E","R","T","?","M","R","E","?","R","B",null,"M","?","M","?","M","R","E","M","T","?","?","E","R","E","R","B",null],"character_chosen":"IRONCLAD","items_purchased":["Disarm","Flame Barrier"],"campfire_rested":1,"item_purchase_floors":[22,22],"current_hp_per_floor":[81,79,79,88,88,84,90,87,87,87,87,85,85,75,75,32,79,70,63,68,68,68,68,40,40,40,40,27,55,76,76,76,40,81,80,66,64,66,66,66,47,33,39,82,82,79,79,82,82,56],"gold":14,"neow_bonus":"TWENTY_PERCENT_HP_BONUS","is_prod":false,"is_daily":false,"chose_seed":false,"campfire_upgraded":9,"win_rate":0,"timestamp":1541491477,"path_taken":["M","M","?","M","?","E","M","M","T","R","?","?","R","?","R","BOSS","M","M","M","?","$","R","E","R","T","?","M","R","E","?","R","BOSS","M","?","M","?","M","R","E","M","T","?","?","E","R","E","R","BOSS"],"build_version":"2018-11-01","purchased_purges":1,"victory":true,"max_hp_per_floor":[89,89,89,94,94,94,94,94,94,94,94,94,94,94,94,94,94,94,94,94,94,94,94,94,94,94,94,94,94,94,94,94,94,94,94,94,94,94,94,94,94,94,100,82,82,82,82,82,82,82],"card_choices":[{"not_picked":["Body Slam","Anger"],"picked":"Carnage","floor":1.0},{"not_picked":["Anger","Twin Strike"],"picked":"Armaments","floor":2.0},{"not_picked":["Combust","Body Slam"],"picked":"Headbutt","floor":4.0},{"not_picked":["Cleave","Battle Trance"],"picked":"Whirlwind","floor":6.0},{"not_picked":["Hemokinesis","Flex","Headbutt"],"picked":"SKIP","floor":7.0},{"not_picked":["Power Through","Headbutt"],"picked":"Shockwave","floor":8.0},{"not_picked":["Twin Strike","Perfected Strike"],"picked":"Bludgeon","floor":12.0},{"not_picked":["Brutality","Dark Embrace"],"picked":"Immolate","floor":16.0},{"not_picked":["Headbutt","Warcry","Flex"],"picked":"SKIP","floor":18},{"not_picked":["Burning Pact","Thunderclap"],"picked":"Shrug It Off","floor":19},{"not_picked":["Sword Boomerang","Perfected Strike","Armaments+1"],"picked":"SKIP","floor":20},{"not_picked":["Rage","Juggernaut","Twin Strike"],"picked":"SKIP","floor":24},{"not_picked":["Power Through","Warcry"],"picked":"Flame Barrier+1","floor":28},{"not_picked":["Pommel Strike","Spot Weakness"],"picked":"Clothesline","floor":30},{"not_picked":["Exhume","Juggernaut"],"picked":"Double Tap","floor":33},{"not_picked":["Body Slam","Twin Strike"],"picked":"Iron Wave","floor":35},{"not_picked":["Feel No Pain","Headbutt+1"],"picked":"Iron Wave","floor":36},{"not_picked":["Cleave","Sentinel","Sword Boomerang+1"],"picked":"SKIP","floor":37},{"not_picked":["Havoc","Warcry"],"picked":"Metallicize","floor":38},{"not_picked":["Headbutt","Thunderclap"],"picked":"Blood for Blood+1","floor":39},{"not_picked":["Dark Embrace","Armaments","Rage"],"picked":"SKIP","floor":41},{"not_picked":["Pummel+1","Twin Strike"],"picked":"Iron Wave","floor":42},{"not_picked":["Bloodletting","Seeing Red","Fire Breathing"],"picked":"SKIP","floor":46},{"not_picked":["Bloodletting","Seeing Red","Fire Breathing"],"picked":"SKIP","floor":46},{"not_picked":["Corruption","Whirlwind"],"picked":"True Grit","floor":48}],"player_experience":1013856,"relics_obtained":[{"floor":6.0,"key":"Blue Candle"},{"floor":9.0,"key":"Paper Frog"},{"floor":14.0,"key":"Darkstone Periapt"},{"floor":24,"key":"Shuriken"},{"floor":26,"key":"Bronze Scales"},{"floor":30,"key":"Dead Branch"},{"floor":36,"key":"StoneCalendar"},{"floor":38,"key":"Unceasing Top"},{"floor":41,"key":"Pantograph"},{"floor":43,"key":"WingedGreaves"},{"floor":46,"key":"Matryoshka"},{"floor":48,"key":"Ornamental Fan"}],"event_choices":[{"damage_healed":0.0,"max_hp_gain":0.0,"max_hp_loss":0.0,"gold_gain":0.0,"event_name":"Accursed Blacksmith","player_choice":"Rummage","floor":3.0,"gold_loss":0.0,"damage_taken":0.0,"relics_obtained":["WarpedTongs"],"cards_obtained":["Pain"]},{"cards_removed":["Pain"],"damage_healed":0.0,"max_hp_gain":0.0,"max_hp_loss":0.0,"gold_gain":0.0,"event_name":"Bonfire Elementals","player_choice":"Offered Curse","floor":11.0,"gold_loss":0.0,"damage_taken":0.0,"relics_obtained":["Spirit Poop"]},{"damage_healed":0.0,"max_hp_gain":0.0,"max_hp_loss":0.0,"gold_gain":0.0,"event_name":"Dead Adventurer","player_choice":"Searched \u00272\u0027 times","floor":14.0,"gold_loss":0.0,"damage_taken":0.0},{"damage_healed":0,"gold_gain":0,"player_choice":"Inject Mutagens","damage_taken":0,"relics_obtained":["MutagenicStrength"],"max_hp_gain":0,"max_hp_loss":0,"event_name":"Drug Dealer","floor":21,"gold_loss":0},{"damage_healed":0,"gold_gain":0,"player_choice":"Ignored","damage_taken":0,"max_hp_gain":0,"max_hp_loss":0,"event_name":"Vampires","floor":27,"gold_loss":0},{"damage_healed":0,"gold_gain":0,"player_choice":"Simplicity","damage_taken":0,"max_hp_gain":0,"max_hp_loss":0,"event_name":"Back to Basics","floor":31,"gold_loss":0,"cards_upgraded":["Strike_R","Strike_R","Strike_R","Strike_R","Defend_R","Defend_R","Defend_R","Defend_R"]},{"damage_healed":0,"gold_gain":0,"player_choice":"Fight","damage_taken":0,"max_hp_gain":0,"max_hp_loss":0,"event_name":"Mysterious Sphere","floor":36,"gold_loss":0},{"damage_healed":0,"gold_gain":0,"player_choice":"Fight","damage_taken":0,"max_hp_gain":0,"max_hp_loss":0,"event_name":"MindBloom","floor":38,"gold_loss":0},{"damage_healed":82,"gold_gain":0,"player_choice":"Heal","damage_taken":0,"max_hp_gain":0,"max_hp_loss":18,"event_name":"The Moai Head","floor":44,"gold_loss":0},{"cards_removed":["Writhe"],"damage_healed":0,"gold_gain":0,"player_choice":"Removed Curses","damage_taken":0,"max_hp_gain":0,"max_hp_loss":0,"event_name":"Fountain of Cleansing","floor":45,"gold_loss":0}],"is_beta":false,"boss_relics":[{"not_picked":["White Beast Statue","Pandora\u0027s Box"],"picked":"Ectoplasm"},{"not_picked":["Empty Cage","Calling Bell"],"picked":"Cursed Key"}],"items_purged_floors":[22],"is_endless":false,"potions_floor_spawned":[1,2,7,8,12,19,28,30,35,42,46,48],"ascension_level":17}