{"gold_per_floor":[115,40,52,52,66,91,91,118,118,153,210,210,245,263,263,363,413,430,345,345,156,174,206,206,219,243,243,275,275,292,323,323,421,421,431,306,306,84,95,130,130,158,158,176,176,203,203,15,15,15],"floor_reached":51,"playtime":2576,"items_purged":["Strike_R","Defend_R","Strike_R","Defend_R"],"score":958,"play_id":"396e6049-61c4-41c8-a42b-b2ff0e71cd96","local_time":"20190418172926","is_ascension_mode":true,"campfire_choices":[{"data":"Battle Trance","floor":7.0,"key":"SMITH"},{"floor":12.0,"key":"REST"},{"data":"Clash","floor":15.0,"key":"SMITH"},{"data":"Anger","floor":24.0,"key":"SMITH"},{"floor":27.0,"key":"REST"},{"floor":32.0,"key":"REST"},{"data":"Feed","floor":41.0,"key":"SMITH"},{"floor":49.0,"key":"REST"}],"neow_cost":"NONE","seed_source_timestamp":19007658734885,"circlet_count":0,"master_deck":["Strike_R+1","Strike_R+1","Strike_R+1","Defend_R","Defend_R","Bash+1","Battle Trance+1","Anger+1","Flex+1","Clash+1","Flex+1","Purity+1","Clash+1","Warcry+1","Feed+1","Warcry+1","Warcry+1","Jack Of All Trades+1"],"special_seed":0,"relics":["Burning Blood","Dodecahedron","Strawberry","Orichalcum","Paper Frog","Toxic Egg 2","Red Skull","Pen Nib","Tiny House","Singing Bowl","Mercury Hourglass","Bag of Preparation","Regal Pillow","Whetstone","Black Star","Anchor","Vajra","Boot","Ornamental Fan","Bronze Scales","PreservedInsect","Prayer Wheel"],"potions_floor_usage":[50,50,50,50,50,50],"damage_taken":[{"damage":8.0,"enemies":"Jaw Worm","floor":1.0,"turns":3.0},{"damage":0.0,"enemies":"2 Louse","floor":3.0,"turns":3.0},{"damage":1.0,"enemies":"Cultist","floor":5.0,"turns":3.0},{"damage":16.0,"enemies":"Gremlin Nob","floor":6.0,"turns":3.0},{"damage":55.0,"enemies":"Lagavulin","floor":8.0,"turns":7.0},{"damage":24.0,"enemies":"3 Sentries","floor":10.0,"turns":10.0},{"damage":0.0,"enemies":"Gremlin Nob","floor":11.0,"turns":2.0},{"damage":0.0,"enemies":"Lagavulin","floor":13.0,"turns":2.0},{"damage":12.0,"enemies":"3 Louse","floor":14.0,"turns":4.0},{"damage":35.0,"enemies":"The Guardian","floor":16.0,"turns":6.0},{"damage":0.0,"enemies":"Chosen","floor":18.0,"turns":3.0},{"damage":0.0,"enemies":"2 Thieves","floor":22.0,"turns":1.0},{"damage":31.0,"enemies":"Gremlin Leader","floor":23.0,"turns":3.0},{"damage":15.0,"enemies":"Shelled Parasite and Fungi","floor":25.0,"turns":4.0},{"damage":15.0,"enemies":"Book of Stabbing","floor":28.0,"turns":3.0},{"damage":27.0,"enemies":"Snecko","floor":30.0,"turns":5.0},{"damage":2.0,"enemies":"Slavers","floor":31.0,"turns":3.0},{"damage":21.0,"enemies":"Champ","floor":33.0,"turns":4.0},{"damage":10.0,"enemies":"3 Shapes","floor":35.0,"turns":3.0},{"damage":0.0,"enemies":"3 Darklings","floor":39.0,"turns":2.0},{"damage":0.0,"enemies":"Reptomancer","floor":40.0,"turns":1.0},{"damage":10.0,"enemies":"Giant Head","floor":42.0,"turns":4.0},{"damage":5.0,"enemies":"Transient","floor":44.0,"turns":5.0},{"damage":43.0,"enemies":"Nemesis","floor":46.0,"turns":3.0},{"damage":78,"enemies":"Awakened One","floor":50,"turns":6}],"seed_played":"8009670377394079828","potions_obtained":[{"floor":1.0,"key":"Poison Potion"},{"floor":8.0,"key":"AttackPotion"},{"floor":10.0,"key":"AttackPotion"},{"floor":11.0,"key":"FearPotion"},{"floor":16.0,"key":"SkillPotion"},{"floor":17.0,"key":"BloodPotion"},{"floor":18.0,"key":"AttackPotion"},{"floor":22.0,"key":"Poison Potion"},{"floor":33.0,"key":"AttackPotion"},{"floor":35.0,"key":"BloodPotion"},{"floor":42.0,"key":"Dexterity Potion"},{"floor":46.0,"key":"SkillPotion"}],"is_trial":false,"path_per_floor":["M","$","M","?","M","E","R","E","T","E","?","R","E","M","R","B",null,"M","?","?","$","M","E","R","M","T","R","E","?","M","E","R","B",null,"M","$","?","$","M","E","R","E","T","M","?","E","$","$","R","B",null],"character_chosen":"IRONCLAD","items_purchased":["Purity+1","SteroidPotion","Warcry+1","EntropicBrew","Jack Of All Trades+1"],"campfire_rested":4,"item_purchase_floors":[21,38,38,48,48],"current_hp_per_floor":[78,78,80,77,80,77,77,28,28,10,16,42,48,42,42,13,92,92,92,92,92,92,69,69,62,62,90,83,83,62,68,100,85,100,101,101,101,101,110,115,115,113,113,114,114,83,83,83,123,51],"gold":15,"neow_bonus":"UPGRADE_CARD","is_prod":false,"is_daily":false,"chose_seed":false,"campfire_upgraded":4,"win_rate":0,"timestamp":1555626566,"path_taken":["M","$","M","?","M","E","R","E","T","E","?","R","E","M","R","BOSS","M","?","?","$","M","E","R","M","T","R","E","?","M","E","R","BOSS","M","$","?","$","M","E","R","E","T","?","?","E","?","$","R","BOSS"],"build_version":"2019-01-23","purchased_purges":4,"victory":true,"max_hp_per_floor":[80,80,80,80,80,87,87,87,87,87,87,87,87,87,87,87,92,92,92,92,92,92,94,94,96,96,96,98,98,98,100,100,100,100,105,105,105,105,110,115,115,117,117,117,117,123,123,123,123,123],"card_choices":[{"not_picked":["Sever Soul","Warcry","Cleave"],"picked":"SKIP","floor":1.0},{"not_picked":["Carnage","Headbutt","Pommel Strike"],"picked":"SKIP","floor":3.0},{"not_picked":["Clothesline","Reckless Charge"],"picked":"Battle Trance","floor":5.0},{"not_picked":["Pummel","Cleave","Berserk"],"picked":"SKIP","floor":6.0},{"not_picked":["Combust","Flex","Havoc"],"picked":"SKIP","floor":8.0},{"not_picked":["Shrug It Off","Bloodletting"],"picked":"Anger","floor":10.0},{"not_picked":["True Grit+1","Iron Wave"],"picked":"Flex+1","floor":11.0},{"not_picked":["Flame Barrier+1","Cleave"],"picked":"Clash","floor":13.0},{"not_picked":["Brutality","Thunderclap","Ghostly Armor+1"],"picked":"SKIP","floor":14.0},{"not_picked":["Sword Boomerang","Perfected Strike","Infernal Blade+1"],"picked":"SKIP","floor":18.0},{"not_picked":["Cleave","Body Slam+1"],"picked":"Clash+1","floor":22.0},{"not_picked":["Armaments+1","Combust","Anger"],"picked":"Singing Bowl","floor":23.0},{"not_picked":["Battle Trance+1","Infernal Blade+1","Thunderclap+1"],"picked":"Singing Bowl","floor":25.0},{"not_picked":["Juggernaut","Flex+1","Inflame"],"picked":"Singing Bowl","floor":28.0},{"not_picked":["Havoc+1","Clothesline"],"picked":"Warcry+1","floor":30.0},{"not_picked":["Iron Wave","Metallicize+1","Pummel"],"picked":"Singing Bowl","floor":31.0},{"not_picked":["Exhume+1","Berserk"],"picked":"Feed","floor":33.0},{"not_picked":["Searing Blow+1","Pommel Strike+1","Wild Strike+1"],"picked":"Singing Bowl","floor":35.0},{"not_picked":["Rampage","Heavy Blade+1","Anger+1"],"picked":"Singing Bowl","floor":39.0},{"not_picked":["Pommel Strike+1","Twin Strike+1","Havoc+1"],"picked":"Singing Bowl","floor":40.0},{"not_picked":["Thunderclap","Rampage+1","Rupture"],"picked":"Singing Bowl","floor":42.0},{"not_picked":["Pommel Strike","Carnage+1"],"picked":"Warcry+1","floor":44.0},{"not_picked":["True Grit+1","Sword Boomerang","Flex+1"],"picked":"Singing Bowl","floor":46.0}],"player_experience":771881,"relics_obtained":[{"floor":6.0,"key":"Strawberry"},{"floor":8.0,"key":"Orichalcum"},{"floor":9.0,"key":"Paper Frog"},{"floor":10.0,"key":"Toxic Egg 2"},{"floor":13.0,"key":"Pen Nib"},{"floor":23.0,"key":"Mercury Hourglass"},{"floor":26.0,"key":"Bag of Preparation"},{"floor":28.0,"key":"Regal Pillow"},{"floor":31.0,"key":"Whetstone"},{"floor":40.0,"key":"Anchor"},{"floor":40.0,"key":"Vajra"},{"floor":42.0,"key":"Boot"},{"floor":42.0,"key":"Ornamental Fan"},{"floor":43.0,"key":"Bronze Scales"},{"floor":46.0,"key":"PreservedInsect"},{"floor":46.0,"key":"Prayer Wheel"}],"event_choices":[{"damage_healed":0.0,"max_hp_gain":0.0,"max_hp_loss":0.0,"gold_gain":0.0,"event_name":"Scrap Ooze","player_choice":"Success","floor":4.0,"gold_loss":0.0,"damage_taken":3.0,"relics_obtained":["Dodecahedron"]},{"damage_healed":0.0,"max_hp_gain":0.0,"max_hp_loss":0.0,"gold_gain":0.0,"event_name":"Dead Adventurer","player_choice":"Searched \u00273\u0027 times","floor":11.0,"gold_loss":0.0,"damage_taken":0.0,"relics_obtained":["Red Skull"]},{"damage_healed":0.0,"max_hp_gain":0.0,"max_hp_loss":0.0,"gold_gain":0.0,"event_name":"Addict","player_choice":"Obtained Relic","floor":19.0,"gold_loss":85.0,"damage_taken":0.0,"relics_obtained":["Singing Bowl"]},{"damage_healed":0.0,"max_hp_gain":0.0,"max_hp_loss":0.0,"gold_gain":0.0,"event_name":"The Library","player_choice":"Read","floor":20.0,"gold_loss":0.0,"damage_taken":0.0,"cards_obtained":["Flex"]},{"damage_healed":0.0,"max_hp_gain":0.0,"max_hp_loss":0.0,"gold_gain":0.0,"event_name":"Ghosts","player_choice":"Ignored","floor":29.0,"gold_loss":0.0,"damage_taken":0.0},{"damage_healed":0.0,"max_hp_gain":0.0,"max_hp_loss":0.0,"gold_gain":0.0,"event_name":"NoteForYourself","player_choice":"Ignored","floor":37.0,"gold_loss":0.0,"damage_taken":0.0},{"damage_healed":0.0,"max_hp_gain":0.0,"max_hp_loss":0.0,"gold_gain":0.0,"event_name":"Tomb of Lord Red Mask","player_choice":"Ignored","floor":45.0,"gold_loss":0.0,"damage_taken":0.0}],"is_beta":false,"boss_relics":[{"not_picked":["Orrery","Calling Bell"],"picked":"Tiny House"},{"not_picked":["Runic Pyramid","White Beast Statue"],"picked":"Black Star"}],"items_purged_floors":[2,21,36,38],"is_endless":false,"potions_floor_spawned":[1,8,10,11,16,18,22,33,35,42,46],"ascension_level":1}