{"gold_per_floor":[119,137,147,72,84,113,123,123,148,178,189,201,211,246,246,246],"floor_reached":16,"playtime":1098,"items_purged":["Strike_R"],"score":203,"play_id":"38463a4e-fafa-4f36-bd34-c68625ced81b","local_time":"20180821113500","is_ascension_mode":true,"campfire_choices":[{"data":"Clothesline","floor":8.0,"key":"SMITH"},{"floor":15,"key":"REST"}],"neow_cost":"NONE","seed_source_timestamp":0,"circlet_count":0,"master_deck":["Strike_R","Strike_R","Strike_R","Strike_R","Defend_R","Defend_R+1","Defend_R","Defend_R+1","Bash","AscendersBane","Clothesline+1","Power Through","Anger","Armaments","Shrug It Off","Regret","Whirlwind","True Grit","Shrug It Off","Metallicize","Hemokinesis"],"special_seed":0,"relics":["Burning Blood","Dream Catcher","War Paint","Tiny Chest","Oddly Smooth Stone"],"potions_floor_usage":[13,14,16],"damage_taken":[{"damage":2.0,"enemies":"2 Louse","floor":1.0,"turns":3.0},{"damage":12.0,"enemies":"Jaw Worm","floor":2.0,"turns":4.0},{"damage":0.0,"enemies":"Cultist","floor":3.0,"turns":3.0},{"damage":0.0,"enemies":"Large Slime","floor":5.0,"turns":4.0},{"damage":25.0,"enemies":"3 Sentries","floor":6.0,"turns":8.0},{"damage":6.0,"enemies":"3 Louse","floor":7.0,"turns":6.0},{"damage":6.0,"enemies":"Blue Slaver","floor":11.0,"turns":5.0},{"damage":16,"enemies":"Looter","floor":12,"turns":3},{"damage":29,"enemies":"Gremlin Gang","floor":13,"turns":6},{"damage":14,"enemies":"Lagavulin","floor":14,"turns":9},{"damage":47,"enemies":"Slime Boss","floor":16,"turns":15}],"seed_played":"6310069100962993732","potions_obtained":[{"floor":2.0,"key":"Weak Potion"},{"floor":3.0,"key":"Weak Potion"},{"floor":5.0,"key":"Explosive Potion"},{"floor":13,"key":"SkillPotion"},{"floor":14,"key":"GamblersBrew"}],"is_trial":false,"path_per_floor":["M","M","M","$","M","E","M","R","T","?","M","M","M","E","R"],"character_chosen":"IRONCLAD","items_purchased":[],"campfire_rested":1,"item_purchase_floors":[],"current_hp_per_floor":[79,73,79,79,82,63,63,63,63,63,63,53,30,22,46,0],"gold":246,"neow_bonus":"TEN_PERCENT_HP_BONUS","is_prod":false,"is_daily":false,"chose_seed":false,"campfire_upgraded":1,"win_rate":0,"timestamp":1534876500,"path_taken":["M","M","M","$","M","E","M","R","T","?","M","M","M","E","R","BOSS"],"build_version":"2018-08-16","purchased_purges":1,"victory":false,"max_hp_per_floor":[82,82,82,82,82,82,82,82,82,82,82,82,82,82,82,82],"card_choices":[{"not_picked":["Seeing Red","Burning Pact"],"picked":"Clothesline","floor":1.0},{"not_picked":["Reckless Charge","Headbutt"],"picked":"Power Through","floor":2.0},{"not_picked":["Evolve","Warcry"],"picked":"Anger","floor":3.0},{"not_picked":["Havoc","Perfected Strike"],"picked":"Armaments","floor":5.0},{"not_picked":["Sentinel","Thunderclap","Warcry"],"picked":"SKIP","floor":6.0},{"not_picked":["Clash","Thunderclap"],"picked":"Shrug It Off","floor":7.0},{"not_picked":["Pommel Strike","Barricade"],"picked":"Whirlwind","floor":11.0},{"not_picked":["Entrench","Thunderclap"],"picked":"True Grit","floor":12},{"not_picked":["Sword Boomerang","Clash"],"picked":"Shrug It Off","floor":13},{"not_picked":["Hemokinesis","Pommel Strike"],"picked":"Metallicize","floor":14},{"not_picked":["Feel No Pain","Rampage"],"picked":"Hemokinesis","floor":15}],"player_experience":777622,"relics_obtained":[{"floor":6.0,"key":"Dream Catcher"},{"floor":9.0,"key":"War Paint"},{"floor":14,"key":"Oddly Smooth Stone"}],"event_choices":[{"event_name":"Big Fish","player_choice":"Box","floor":10.0,"damage_taken":0.0}],"is_beta":false,"boss_relics":[],"items_purged_floors":[4],"is_endless":false,"potions_floor_spawned":[2,3,5,13,14],"killed_by":"Slime Boss","ascension_level":15}