{"gold_per_floor":[111,36,36,48,67,67,99,99,99,99,116,134,154,166,166,238,238,253,253,18,31,51,51,64,64,109,109,29,29,29,59,59,59],"floor_reached":33,"playtime":1204,"items_purged":["Defend_R"],"score":532,"play_id":"de1def2e-cc84-460d-b03f-d55d92e978d9","local_time":"20190118014638","is_ascension_mode":true,"campfire_choices":[{"data":"Inflame","floor":6.0,"key":"SMITH"},{"floor":8.0,"key":"REST"},{"data":"Strike_R","floor":10.0,"key":"PURGE"},{"data":"Flame Barrier","floor":15.0,"key":"SMITH"},{"data":"Metallicize","floor":23,"key":"SMITH"},{"data":"Iron Wave","floor":25,"key":"SMITH"},{"data":"Whirlwind","floor":30,"key":"SMITH"},{"data":"Bash","floor":32,"key":"SMITH"}],"neow_cost":"CURSE","seed_source_timestamp":0,"circlet_count":0,"master_deck":["AscendersBane","Defend_R","Defend_R","Bash+1","Shrug It Off","Pommel Strike","Inflame+1","Metallicize+1","Shrug It Off","Flame Barrier+1","Offering","Wild Strike+1","Battle Trance","Iron Wave+1","Iron Wave+1","Writhe","Whirlwind+1","Bite","Bite","Bite","Bite","Bite","Inflame+1"],"special_seed":0,"relics":["Burning Blood","Peace Pipe","Mercury Hourglass","Ice Cream","Runic Dome","Red Skull","Meat on the Bone","Darkstone Periapt"],"potions_floor_usage":[16,16,31,31],"damage_taken":[{"damage":15.0,"enemies":"Jaw Worm","floor":1.0,"turns":5.0},{"damage":1.0,"enemies":"2 Louse","floor":4.0,"turns":4.0},{"damage":0.0,"enemies":"Cultist","floor":5.0,"turns":3.0},{"damage":51.0,"enemies":"Lagavulin","floor":7.0,"turns":10.0},{"damage":9.0,"enemies":"Looter","floor":11.0,"turns":3.0},{"damage":8.0,"enemies":"3 Louse","floor":12.0,"turns":4.0},{"damage":6.0,"enemies":"Large Slime","floor":13.0,"turns":5.0},{"damage":10.0,"enemies":"Red Slaver","floor":14.0,"turns":4.0},{"damage":13,"enemies":"The Guardian","floor":16,"turns":15},{"damage":6,"enemies":"Chosen","floor":18,"turns":4},{"damage":23,"enemies":"2 Thieves","floor":21,"turns":4},{"damage":11,"enemies":"Centurion and Healer","floor":22,"turns":4},{"damage":17,"enemies":"Snake Plant","floor":24,"turns":4},{"damage":18,"enemies":"Slavers","floor":31,"turns":2},{"damage":71,"enemies":"Automaton","floor":33,"turns":6}],"seed_played":"6539624009181680559","potions_obtained":[{"floor":5.0,"key":"Ancient Potion"},{"floor":11.0,"key":"SneckoOil"},{"floor":13.0,"key":"Block Potion"},{"floor":14.0,"key":"Dexterity Potion"},{"floor":18,"key":"FearPotion"},{"floor":22,"key":"Ancient Potion"}],"is_trial":false,"path_per_floor":["M","?","?","M","M","R","E","R","T","R","M","M","M","M","R","B",null,"M","?","$","M","M","R","M","R","T","?","$","?","R","E","R","B"],"character_chosen":"IRONCLAD","items_purchased":["Red Skull","Whirlwind"],"campfire_rested":1,"item_purchase_floors":[20,28],"current_hp_per_floor":[59,59,52,57,63,63,18,40,40,40,37,35,35,31,31,24,62,62,62,62,45,40,40,29,29,29,29,29,29,29,31,31,0],"gold":59,"neow_bonus":"ONE_RARE_RELIC","is_prod":false,"is_daily":false,"chose_seed":false,"campfire_upgraded":6,"win_rate":0,"timestamp":1547804798,"path_taken":["M","?","?","M","M","R","E","R","T","R","M","M","M","M","R","BOSS","M","?","?","M","?","R","M","R","T","?","$","?","R","E","R","BOSS"],"build_version":"2019-01-17","purchased_purges":1,"victory":false,"max_hp_per_floor":[75,75,75,75,75,75,75,75,75,75,75,75,75,75,75,75,75,75,75,75,75,75,75,75,75,75,75,75,75,75,75,75,75],"card_choices":[{"not_picked":["Perfected Strike","Twin Strike"],"picked":"Shrug It Off","floor":1.0},{"not_picked":["Heavy Blade","Reckless Charge"],"picked":"Pommel Strike","floor":4.0},{"not_picked":["Flex","Wild Strike"],"picked":"Inflame","floor":5.0},{"not_picked":["Pommel Strike","Rampage","Infernal Blade"],"picked":"SKIP","floor":7.0},{"not_picked":["Shrug It Off","Heavy Blade"],"picked":"Metallicize","floor":11.0},{"not_picked":["Heavy Blade","Sever Soul"],"picked":"Shrug It Off","floor":12.0},{"not_picked":["Offering","Dropkick"],"picked":"Flame Barrier","floor":13.0},{"not_picked":["Body Slam","Second Wind","Perfected Strike"],"picked":"SKIP","floor":14.0},{"not_picked":["Brutality","Reaper"],"picked":"Offering","floor":16},{"not_picked":["Perfected Strike","Power Through"],"picked":"Wild Strike+1","floor":18},{"not_picked":["Warcry","Thunderclap"],"picked":"Battle Trance","floor":21},{"not_picked":["Dual Wield","Perfected Strike"],"picked":"Iron Wave","floor":22},{"not_picked":["Infernal Blade","Twin Strike"],"picked":"Iron Wave+1","floor":24},{"not_picked":["Clothesline","Ghostly Armor"],"picked":"Inflame+1","floor":31}],"player_experience":1153783,"relics_obtained":[{"floor":7.0,"key":"Mercury Hourglass"},{"floor":9.0,"key":"Ice Cream"},{"floor":26,"key":"Blood Vial"},{"floor":31,"key":"Darkstone Periapt"}],"event_choices":[{"cards_removed":["Pain"],"damage_healed":0.0,"max_hp_gain":0.0,"max_hp_loss":0.0,"gold_gain":0.0,"event_name":"The Cleric","player_choice":"Card Removal","floor":2.0,"gold_loss":75.0,"damage_taken":0.0},{"cards_removed":["Defend_R"],"damage_healed":0.0,"max_hp_gain":0.0,"max_hp_loss":0.0,"gold_gain":0.0,"event_name":"Golden Wing","player_choice":"Card Removal","floor":3.0,"gold_loss":0.0,"damage_taken":7.0},{"damage_healed":0,"gold_gain":0,"player_choice":"Ignored","damage_taken":0,"max_hp_gain":0,"max_hp_loss":0,"event_name":"Ghosts","floor":19,"gold_loss":0},{"damage_healed":0,"gold_gain":0,"player_choice":"Opened","damage_taken":0,"relics_obtained":["Meat on the Bone"],"max_hp_gain":0,"max_hp_loss":0,"event_name":"The Mausoleum","floor":27,"gold_loss":0,"cards_obtained":["Writhe"]},{"damage_healed":0,"gold_gain":0,"player_choice":"Became a vampire (Vial)","damage_taken":0,"max_hp_gain":0,"max_hp_loss":0,"event_name":"Vampires","floor":29,"relics_lost":["Blood Vial"],"gold_loss":0,"cards_obtained":["Bite","Bite","Bite","Bite","Bite"]}],"is_beta":false,"boss_relics":[{"not_picked":["Orrery","Tiny House"],"picked":"Runic Dome"}],"items_purged_floors":[20],"is_endless":false,"potions_floor_spawned":[5,11,13,14,18,22],"killed_by":"Automaton","ascension_level":18}