{"gold_per_floor":[369,385,398,418,418,450,450,475,524,524,544,544,554,572,572,651,651,661,626,676,9,22,22],"floor_reached":23,"playtime":951,"items_purged":["Strike_B"],"score":359,"play_id":"3834683a-a4b5-4fff-8b51-0b547c2a09b1","local_time":"20181018203658","is_ascension_mode":true,"campfire_choices":[{"floor":7,"key":"REST"},{"floor":10,"key":"REST"},{"floor":12,"key":"REST"},{"data":"Defragment","floor":15,"key":"SMITH"}],"neow_cost":"CURSE","seed_source_timestamp":4080390397526,"circlet_count":0,"master_deck":["Strike_B","Defend_B","Defend_B","Defend_B","Defend_B","Zap","Dualcast","AscendersBane","Leap","Conserve Battery","Auto Shields","Defragment+1","FTL","Ball Lightning","Creative AI","Cold Snap","Hologram","Loop","Go for the Eyes","Conserve Battery","Genetic Algorithm+1"],"relics":["Cracked Core","Gremlin Horn","Sundial","Juzu Bracelet","Empty Cage","Strawberry","Cables"],"potions_floor_usage":[6,8,16,23],"damage_taken":[{"damage":2,"enemies":"Small Slimes","floor":1,"turns":3},{"damage":8,"enemies":"2 Louse","floor":2,"turns":2},{"damage":8,"enemies":"Jaw Worm","floor":3,"turns":4},{"damage":8,"enemies":"Blue Slaver","floor":4,"turns":4},{"damage":36,"enemies":"Gremlin Nob","floor":6,"turns":4},{"damage":34,"enemies":"Lagavulin","floor":8,"turns":10},{"damage":2,"enemies":"Exordium Wildlife","floor":11,"turns":4},{"damage":2,"enemies":"Red Slaver","floor":13,"turns":5},{"damage":0,"enemies":"3 Louse","floor":14,"turns":3},{"damage":16,"enemies":"Slime Boss","floor":16,"turns":7},{"damage":11,"enemies":"Chosen","floor":18,"turns":6},{"damage":26,"enemies":"2 Thieves","floor":19,"turns":5},{"damage":22,"enemies":"Shelled Parasite and Fungi","floor":22,"turns":7},{"damage":12,"enemies":"Slavers","floor":23,"turns":2}],"seed_played":"3703413585167990739","potions_obtained":[{"floor":1,"key":"Regen Potion"},{"floor":2,"key":"SteroidPotion"},{"floor":13,"key":"PowerPotion"}],"is_trial":false,"path_per_floor":["M","M","M","M","?","E","R","E","T","R","M","R","M","M","R","B",null,"M","M","?","$","M"],"character_chosen":"DEFECT","items_purchased":["Loop","Go for the Eyes","Conserve Battery","Strawberry","Cables","PowerPotion"],"campfire_rested":3,"item_purchase_floors":[21,21,21,21,21,21],"current_hp_per_floor":[62,54,46,38,38,2,23,4,4,25,23,44,42,42,42,26,60,49,23,23,30,8,0],"gold":22,"neow_bonus":"TWO_FIFTY_GOLD","is_prod":false,"is_daily":false,"chose_seed":false,"campfire_upgraded":1,"win_rate":0,"timestamp":1539920218,"path_taken":["M","M","M","M","?","E","R","E","T","R","M","R","M","M","R","BOSS","M","M","?","$","M","E"],"build_version":"2018-10-18","purchased_purges":1,"victory":false,"max_hp_per_floor":[71,71,71,71,71,71,71,71,71,71,71,71,71,71,71,71,71,71,71,71,78,78,78],"card_choices":[{"not_picked":["Reprogram","Beam Cell"],"picked":"Leap","floor":1},{"not_picked":["Rebound","Blizzard","Beam Cell"],"picked":"SKIP","floor":2},{"not_picked":["Gash","Redo","Stack"],"picked":"SKIP","floor":3},{"not_picked":["Sweeping Beam","Barrage"],"picked":"Conserve Battery","floor":4},{"not_picked":["Streamline","Force Field","Reinforced Body"],"picked":"SKIP","floor":6},{"not_picked":["Gash","Leap"],"picked":"Auto Shields","floor":8},{"not_picked":["Blizzard","Reprogram"],"picked":"Defragment","floor":11},{"not_picked":["Thunder Strike","Hologram"],"picked":"FTL","floor":13},{"not_picked":["Redo","Streamline"],"picked":"Ball Lightning","floor":14},{"not_picked":["Fission","Multi-Cast"],"picked":"Creative AI","floor":16},{"not_picked":["Hologram","Doom and Gloom"],"picked":"Cold Snap","floor":18},{"not_picked":["Doom and Gloom","Streamline"],"picked":"Hologram","floor":19},{"not_picked":["Barrage","Redo"],"picked":"Genetic Algorithm+1","floor":22}],"player_experience":957426,"relics_obtained":[{"floor":6,"key":"Gremlin Horn"},{"floor":8,"key":"Sundial"},{"floor":9,"key":"Juzu Bracelet"}],"event_choices":[{"cards_removed":["Regret"],"damage_healed":0,"gold_gain":0,"player_choice":"Forget","damage_taken":0,"max_hp_gain":0,"max_hp_loss":0,"event_name":"Living Wall","floor":5,"gold_loss":0},{"damage_healed":0,"gold_gain":50,"player_choice":"Stole From Cult","damage_taken":0,"max_hp_gain":0,"max_hp_loss":0,"event_name":"Nest","floor":20,"gold_loss":0}],"is_beta":false,"boss_relics":[{"not_picked":["Astrolabe","Lizard Tail"],"picked":"Empty Cage"}],"items_purged_floors":[21],"is_endless":false,"potions_floor_spawned":[1,2,3,13],"killed_by":"Slavers","ascension_level":15}