{"path_per_floor":["M","M","M","M","M","R","M","R","T","M","M","R","?","E","R","B",null,"M","M","$","M","?","R","E","R","T","M","$","M","E","?","R","B",null,"M","M","?","$","M","R","M","E","T"],"character_chosen":"IRONCLAD","items_purchased":["True Grit","Paper Frog","Metallicize","True Grit"],"gold_per_floor":[116,126,146,162,172,172,187,187,187,198,208,208,208,243,243,340,340,352,367,292,304,304,304,334,334,357,368,244,254,281,281,281,384,384,401,412,459,119,136,136,151,185,185,185],"floor_reached":44,"campfire_rested":0,"playtime":2079,"current_hp_per_floor":[71,76,80,76,80,80,75,75,75,69,66,66,50,49,49,36,69,65,64,64,52,52,52,51,51,51,44,44,43,35,35,35,32,68,74,50,53,53,50,50,35,25,25,0],"items_purged":["Strike_R","Strike_R"],"gold":185,"score":727,"play_id":"2ed809b8-dfcb-404d-955f-446ad1e83140","local_time":"20180427120640","is_prod":false,"is_daily":false,"chose_seed":false,"is_ascension_mode":true,"campfire_upgraded":8,"timestamp":1524856000,"path_taken":["M","M","M","M","M","R","M","R","T","M","M","R","?","E","R","BOSS","M","M","$","M","?","R","E","R","T","M","$","M","E","?","R","BOSS","M","M","?","$","M","R","M","E","T","M"],"build_version":"2018-04-26","seed_source_timestamp":173461359362047,"purchased_purges":3,"victory":false,"master_deck":["Strike_R","Defend_R","Defend_R","Defend_R","Defend_R","Bash","Cleave","Demon Form+1","Wild Strike+1","Shrug It Off+1","Immolate+1","Thunderclap+1","Headbutt","Power Through+1","Berserk+1","Shrug It Off+1","Twin Strike+1","Warcry+1","Heavy Blade+1","Shrug It Off+1","True Grit+1","Uppercut+1","Dropkick+1","Limit Break+1","Shrug It Off+1","Clothesline","Metallicize+1","True Grit+1","Shockwave+1","Sword Boomerang+1"],"max_hp_per_floor":[80,80,80,80,80,80,80,80,80,80,80,80,80,80,80,80,80,80,80,80,80,80,80,80,80,80,80,80,80,80,80,80,80,80,80,80,80,80,80,80,80,80,80,80],"relics":["Burning Blood","Bottled Flame","Du-Vu Doll","Sozu","Toxic Egg 2","Omamori","Toolbox","Charon\u0027s Ashes","Velvet Choker","Sundial","Paper Frog","Kunai","Shuriken"],"card_choices":[{"not_picked":["Anger","Twin Strike"],"picked":"Cleave","floor":1},{"not_picked":["Body Slam","True Grit"],"picked":"Demon Form","floor":2},{"not_picked":["Body Slam","Pommel Strike"],"picked":"Wild Strike","floor":3},{"not_picked":["Flame Barrier","Warcry"],"picked":"Shrug It Off","floor":4},{"not_picked":["Headbutt","Pommel Strike"],"picked":"Immolate","floor":5},{"not_picked":["Dropkick","Flex"],"picked":"Thunderclap","floor":7},{"not_picked":["Dropkick","Body Slam"],"picked":"Headbutt","floor":10},{"not_picked":["Wild Strike","Armaments"],"picked":"Power Through","floor":14},{"not_picked":["Fiend Fire","Exhume"],"picked":"Berserk","floor":16},{"not_picked":["Sentinel","Havoc"],"picked":"Shrug It Off","floor":18},{"not_picked":["Flex","Dual Wield"],"picked":"Twin Strike","floor":19},{"not_picked":["Reckless Charge","Intimidate"],"picked":"Warcry","floor":21},{"not_picked":["Twin Strike","Carnage"],"picked":"Heavy Blade","floor":24},{"not_picked":["Blood for Blood","Warcry"],"picked":"Shrug It Off","floor":27},{"not_picked":["Anger","Wild Strike"],"picked":"Uppercut","floor":29},{"not_picked":["Power Through","Barricade"],"picked":"Dropkick","floor":30},{"not_picked":["Berserk","Reaper"],"picked":"Limit Break","floor":33},{"not_picked":["Pommel Strike","Perfected Strike"],"picked":"Shrug It Off","floor":36},{"not_picked":["Rage","Rampage"],"picked":"Clothesline","floor":37},{"not_picked":["Flex","Anger"],"picked":"Shockwave","floor":39},{"not_picked":["Flex","Havoc"],"picked":"Sword Boomerang","floor":41}],"player_experience":394550,"potions_floor_usage":[24,33],"damage_taken":[{"damage":7,"enemies":"Small Slimes","floor":1,"turns":3},{"damage":1,"enemies":"Cultist","floor":2,"turns":3},{"damage":0,"enemies":"2 Louse","floor":3,"turns":3},{"damage":10,"enemies":"2 Fungi Beasts","floor":4,"turns":4},{"damage":0,"enemies":"3 Louse","floor":5,"turns":3},{"damage":11,"enemies":"Blue Slaver","floor":7,"turns":3},{"damage":12,"enemies":"Exordium Wildlife","floor":10,"turns":2},{"damage":9,"enemies":"Red Slaver","floor":11,"turns":3},{"damage":7,"enemies":"Gremlin Nob","floor":14,"turns":3},{"damage":19,"enemies":"Hexaghost","floor":16,"turns":8},{"damage":10,"enemies":"Spheric Guardian","floor":18,"turns":4},{"damage":7,"enemies":"Shell Parasite","floor":19,"turns":4},{"damage":18,"enemies":"Centurion and Healer","floor":21,"turns":5},{"damage":7,"enemies":"Slavers","floor":24,"turns":2},{"damage":13,"enemies":"Snake Plant","floor":27,"turns":2},{"damage":7,"enemies":"Snecko","floor":29,"turns":5},{"damage":14,"enemies":"Gremlin Leader","floor":30,"turns":5},{"damage":9,"enemies":"Collector","floor":33,"turns":5},{"damage":0,"enemies":"3 Shapes","floor":35,"turns":2},{"damage":30,"enemies":"3 Darklings","floor":36,"turns":3},{"damage":3,"enemies":"Mysterious Sphere","floor":37,"turns":3},{"damage":9,"enemies":"Maw","floor":39,"turns":7},{"damage":21,"enemies":"Sphere and 2 Shapes","floor":41,"turns":2},{"damage":16,"enemies":"Nemesis","floor":42,"turns":3},{"damage":28,"enemies":"4 Shapes","floor":44,"turns":1}],"event_choices":[{"event_name":"Shining Light","player_choice":"Entered Light","floor":13,"damage_taken":0},{"event_name":"Back to Basics","player_choice":"Elegance","floor":22,"damage_taken":0},{"event_name":"The Mausoleum","player_choice":"Yes","floor":31,"damage_taken":0},{"event_name":"Mysterious Sphere","player_choice":"Fight","floor":37,"damage_taken":0}],"boss_relics":[{"not_picked":["Black Blood","Pandora\u0027s Box"],"picked":"Sozu"},{"not_picked":["Runic Cube","Eternal Feather"],"picked":"Velvet Choker"}],"potions_floor_spawned":[3,7,11,14,16,18,27,29,33,35,37,42],"seed_played":"-743873404657129456","killed_by":"4 Shapes","ascension_level":9,"is_trial":false}