{"gold_per_floor":[112,112,126,276,92,92,117,129,141,181,207,232,274,296,308,394,406,435,447,477,93,108,108,143,143,170,186,214,214,227,247,247,247],"floor_reached":33,"playtime":1807,"items_purged":["Doubt","Strike_B"],"score":625,"play_id":"b19396ff-af64-426e-babc-4ddcaa8f539b","local_time":"20180827161312","is_ascension_mode":true,"campfire_choices":[{"data":"Zap","floor":6,"key":"SMITH"},{"data":"Dualcast","floor":8,"key":"SMITH"},{"floor":15,"key":"REST"},{"floor":23,"key":"REST"},{"floor":25,"key":"REST"},{"floor":29,"key":"REST"},{"floor":32,"key":"REST"}],"neow_cost":"NONE","seed_source_timestamp":0,"circlet_count":0,"master_deck":["Strike_B","Strike_B","Defend_B","Defend_B","Defend_B","Defend_B","Zap+1","Dualcast+1","AscendersBane","Cold Snap","Leap","Go for the Eyes","BootSequence","Glacier","Chaos","White Noise","All For One","Go for the Eyes","Streamline","Rainbow","Conserve Battery+1","Necronomicurse","Coolheaded","Force Field","All For One","Sunder","Coolheaded","Sunder","Creative AI","Compile Driver"],"special_seed":0,"relics":["Cracked Core","Pen Nib","MawBank","Mummified Hand","Oddly Smooth Stone","Odd Mushroom","Snecko Eye","Necronomicon","Anchor","Strawberry","Bottled Lightning"],"potions_floor_usage":[10,20,20,22,22,24,28,28],"damage_taken":[{"damage":4.0,"enemies":"Jaw Worm","floor":1.0,"turns":4.0},{"damage":2,"enemies":"Small Slimes","floor":3,"turns":3},{"damage":17,"enemies":"Lagavulin","floor":7,"turns":7},{"damage":7,"enemies":"3 Sentries","floor":10,"turns":12},{"damage":0,"enemies":"2 Louse","floor":11,"turns":2},{"damage":6,"enemies":"Lots of Slimes","floor":12,"turns":5},{"damage":5,"enemies":"The Mushroom Lair","floor":13,"turns":5},{"damage":0,"enemies":"Blue Slaver","floor":14,"turns":2},{"damage":0,"enemies":"The Guardian","floor":16,"turns":13},{"damage":39,"enemies":"3 Byrds","floor":18,"turns":4},{"damage":0,"enemies":"Chosen","floor":20,"turns":4},{"damage":0,"enemies":"Centurion and Healer","floor":22,"turns":6},{"damage":13,"enemies":"Gremlin Leader","floor":24,"turns":6},{"damage":15,"enemies":"Cultist and Chosen","floor":27,"turns":5},{"damage":22,"enemies":"Slavers","floor":28,"turns":6},{"damage":0,"enemies":"Snake Plant","floor":30,"turns":5},{"damage":19,"enemies":"3 Cultists","floor":31,"turns":6},{"damage":51,"enemies":"Collector","floor":33,"turns":10}],"seed_played":"-840461222324512622","potions_obtained":[{"floor":1,"key":"FocusPotion"},{"floor":10,"key":"Ancient Potion"},{"floor":11,"key":"Weak Potion"},{"floor":14,"key":"Poison Potion"},{"floor":20,"key":"PowerPotion"},{"floor":22,"key":"LiquidBronze"},{"floor":24,"key":"Energy Potion"},{"floor":27,"key":"Swift Potion"}],"is_trial":false,"path_per_floor":["M","?","M","?","$","R","E","R","T","E","M","M","?","M","R","B",null,"M","?","M","$","M","R","E","R","T","M","E","R","M","M","R"],"character_chosen":"DEFECT","items_purchased":["Go for the Eyes","BootSequence","Force Field","All For One","Regen Potion"],"campfire_rested":5,"item_purchase_floors":[5,5,21,21,21],"current_hp_per_floor":[60,53,51,51,51,51,34,34,34,27,27,21,16,16,37,37,63,24,3,3,3,18,39,26,47,54,39,17,40,40,21,44,0],"gold":247,"neow_bonus":"RANDOM_COMMON_RELIC","is_prod":false,"is_daily":false,"chose_seed":false,"campfire_upgraded":2,"win_rate":0,"timestamp":1535411592,"path_taken":["M","?","M","?","?","R","E","R","T","E","M","?","?","M","R","BOSS","M","?","M","$","M","R","E","R","T","M","E","R","M","M","R","BOSS"],"build_version":"2018-08-23v2","purchased_purges":2,"victory":false,"max_hp_per_floor":[71,71,71,71,71,71,71,71,71,71,71,71,71,71,71,71,71,71,71,71,71,71,71,71,71,78,78,78,78,78,78,78,78],"card_choices":[{"not_picked":["Scrape","Sweeping Beam"],"picked":"Cold Snap","floor":1},{"not_picked":["Stack","Hologram"],"picked":"Leap","floor":3},{"not_picked":["Sweeping Beam","Hello World"],"picked":"Glacier","floor":7},{"not_picked":["Tempest","Leap"],"picked":"Chaos","floor":10},{"not_picked":["Gash","Hologram"],"picked":"White Noise","floor":11},{"not_picked":["Sweeping Beam","Self Repair"],"picked":"All For One","floor":12},{"not_picked":["Hologram","Gash"],"picked":"Go for the Eyes","floor":13},{"not_picked":["Go for the Eyes","Aggregate"],"picked":"Streamline","floor":14},{"not_picked":["Fission","Multi-Cast"],"picked":"Rainbow","floor":16},{"not_picked":["Gash","Hologram+1"],"picked":"Conserve Battery+1","floor":18},{"not_picked":["Gash","Stack"],"picked":"Coolheaded","floor":20},{"not_picked":["Skim","Leap"],"picked":"Sunder","floor":22},{"not_picked":["Self Repair","Steam"],"picked":"Coolheaded","floor":24},{"not_picked":["Chaos+1","Lockon+1"],"picked":"Sunder","floor":27},{"not_picked":["BootSequence","Storm","Coolheaded"],"picked":"SKIP","floor":28},{"not_picked":["Aggregate","Darkness"],"picked":"Creative AI","floor":30},{"not_picked":["Ball Lightning","Reprogram"],"picked":"Compile Driver","floor":31}],"player_experience":800984,"relics_obtained":[{"floor":7,"key":"MawBank"},{"floor":9,"key":"Mummified Hand"},{"floor":10,"key":"Oddly Smooth Stone"},{"floor":13,"key":"Odd Mushroom"},{"floor":19,"key":"Necronomicon"},{"floor":24,"key":"Anchor"},{"floor":26,"key":"Strawberry"},{"floor":28,"key":"Bottled Lightning"}],"event_choices":[{"event_name":"Golden Wing","player_choice":"Card Removal","floor":2,"damage_taken":0},{"event_name":"Liars Game","player_choice":"agreed","floor":4,"damage_taken":0},{"event_name":"Mushrooms","player_choice":"Fought Mushrooms","floor":13,"damage_taken":0},{"event_name":"Cursed Tome","player_choice":"Obtained Book","floor":19,"damage_taken":0}],"is_beta":false,"boss_relics":[{"not_picked":["White Beast Statue","FrozenCore"],"picked":"Snecko Eye"}],"items_purged_floors":[5,21],"is_endless":false,"potions_floor_spawned":[1,10,11,13,14,20,22,24,27],"killed_by":"Collector","ascension_level":16}