{"gold_per_floor":[362,362,362,4,14,14,32,32,58,88,108,33,33,58,58,137,137,153,16,16,16,31,31,49,63,63,88,88,115,126,152,152,226,226,237,290,303,184,284,584,600,625,625,35,54,70,70,87,87,87],"floor_reached":50,"playtime":1945,"items_purged":["Strike_G+1"],"score":1130,"play_id":"aa9f8270-28db-4934-a373-87b0928c0781","local_time":"20190411153214","is_ascension_mode":true,"campfire_choices":[{"data":"Cloak And Dagger","floor":6.0,"key":"SMITH"},{"data":"Neutralize","floor":8.0,"key":"SMITH"},{"data":"Finisher","floor":13.0,"key":"SMITH"},{"data":"Blade Dance","floor":15.0,"key":"SMITH"},{"data":"Blade Dance","floor":23.0,"key":"SMITH"},{"data":"Adrenaline","floor":28.0,"key":"SMITH"},{"floor":32.0,"key":"REST"},{"floor":40.0,"key":"DIG"},{"floor":47.0,"key":"REST"},{"floor":49.0,"key":"REST"}],"neow_cost":"TEN_PERCENT_HP_LOSS","seed_source_timestamp":0,"circlet_count":0,"master_deck":["AscendersBane","Defend_G+1","Defend_G+1","Defend_G+1","Defend_G+1","Defend_G+1","Strike_G+1","Strike_G+1","Strike_G+1","Survivor","Neutralize+1","Noxious Fumes+1","Cloak And Dagger+1","Footwork+1","Finisher+1","Adrenaline+1","Blade Dance+1","A Thousand Cuts+1","Blade Dance+1","Infinite Blades+1","Blade Dance+1","Noxious Fumes+1","Escape Plan","Backflip","Wraith Form v2+1","A Thousand Cuts+1","Night Terror+1","Cloak And Dagger+1","PiercingWail+1","Deflect+1","Caltrops+1","Accuracy+1","Caltrops+1","Noxious Fumes+1","Finisher","Prepared+1","Deflect+1","Infinite Blades+1","Backflip+1"],"special_seed":0,"relics":["Ring of the Snake","Lantern","Frozen Egg 2","Oddly Smooth Stone","Orichalcum","Bag of Marbles","Cursed Key","PreservedInsect","Toxic Egg 2","Ancient Tea Set","Runic Pyramid","Shovel","Prayer Wheel","Old Coin","Blue Candle","Medical Kit","Letter Opener"],"potions_floor_usage":[50],"damage_taken":[{"damage":5.0,"enemies":"Small Slimes","floor":1.0,"turns":6.0},{"damage":0.0,"enemies":"Jaw Worm","floor":5.0,"turns":3.0},{"damage":0.0,"enemies":"Cultist","floor":7.0,"turns":3.0},{"damage":3.0,"enemies":"Lagavulin","floor":10.0,"turns":8.0},{"damage":0.0,"enemies":"3 Louse","floor":11.0,"turns":3.0},{"damage":15.0,"enemies":"Gremlin Nob","floor":14.0,"turns":4.0},{"damage":4.0,"enemies":"Hexaghost","floor":16.0,"turns":9.0},{"damage":7.0,"enemies":"2 Thieves","floor":18.0,"turns":4.0},{"damage":0.0,"enemies":"Chosen","floor":22.0,"turns":3.0},{"damage":0.0,"enemies":"Snecko","floor":24.0,"turns":4.0},{"damage":8.0,"enemies":"Chosen and Byrds","floor":25.0,"turns":5.0},{"damage":4.0,"enemies":"Gremlin Leader","floor":27.0,"turns":4.0},{"damage":4.0,"enemies":"Slavers","floor":29.0,"turns":3.0},{"damage":0.0,"enemies":"Snake Plant","floor":30.0,"turns":2.0},{"damage":4.0,"enemies":"Book of Stabbing","floor":31.0,"turns":4.0},{"damage":12.0,"enemies":"Collector","floor":33.0,"turns":6.0},{"damage":11.0,"enemies":"Orb Walker","floor":35.0,"turns":3.0},{"damage":0.0,"enemies":"2 Orb Walkers","floor":36.0,"turns":4.0},{"damage":13.0,"enemies":"3 Darklings","floor":37.0,"turns":6.0},{"damage":0.0,"enemies":"Mind Bloom Boss Battle","floor":39.0,"turns":6.0},{"damage":7.0,"enemies":"Writhing Mass","floor":41.0,"turns":5.0},{"damage":19.0,"enemies":"Reptomancer","floor":42.0,"turns":4.0},{"damage":0.0,"enemies":"Jaw Worm Horde","floor":45.0,"turns":4.0},{"damage":13.0,"enemies":"Spire Growth","floor":46.0,"turns":3.0},{"damage":16.0,"enemies":"Maw","floor":48.0,"turns":6.0},{"damage":31,"enemies":"Time Eater","floor":50,"turns":3}],"seed_played":"-2196658605127398021","potions_obtained":[{"floor":5.0,"key":"Regen Potion"},{"floor":11.0,"key":"Regen Potion"},{"floor":48.0,"key":"FearPotion"}],"is_trial":false,"path_per_floor":["M","?","?","$","M","R","M","R","T","E","M","?","R","E","R","B",null,"M","$","?","?","M","R","M","M","T","E","R","E","M","E","R","B",null,"M","?","M","$","?","R","M","E","T","$","M","M","R","M","R","B"],"character_chosen":"THE_SILENT","items_purchased":["Frozen Egg 2","Noxious Fumes+1","Infinite Blades+1","Strength Potion","Caltrops+1","Medical Kit","Letter Opener","Noxious Fumes+1"],"campfire_rested":3,"item_purchase_floors":[4,4,19,19,38,44,44,44],"current_hp_per_floor":[54,36,36,36,36,36,36,36,36,33,33,33,33,18,18,14,49,42,42,42,42,42,42,42,34,34,30,30,26,26,22,40,28,52,41,41,28,28,28,28,21,14,14,14,14,1,19,3,21,0],"gold":87,"neow_bonus":"TWO_FIFTY_GOLD","is_prod":false,"is_daily":false,"chose_seed":false,"campfire_upgraded":6,"win_rate":0,"timestamp":1554989534,"path_taken":["M","?","?","$","?","R","M","R","T","E","M","?","R","E","R","BOSS","M","$","?","?","M","R","M","M","T","E","R","E","?","E","R","BOSS","M","?","M","$","?","R","M","E","T","$","M","M","R","M","R","BOSS"],"build_version":"2019-01-23","purchased_purges":1,"victory":false,"max_hp_per_floor":[60,60,60,60,60,60,60,60,60,60,60,60,60,60,60,60,60,60,60,60,60,60,60,60,60,60,60,60,60,60,60,60,60,60,60,60,60,60,60,60,60,60,60,60,60,60,60,60,60,60],"card_choices":[{"not_picked":["Acrobatics","Underhanded Strike"],"picked":"Choke","floor":1.0},{"not_picked":["Eviscerate","Dodge and Roll"],"picked":"Cloak And Dagger","floor":5.0},{"not_picked":["Outmaneuver","Sucker Punch"],"picked":"Footwork+1","floor":7.0},{"not_picked":["Accuracy+1","Prepared"],"picked":"Finisher","floor":10.0},{"not_picked":["Sucker Punch","Deadly Poison"],"picked":"Adrenaline","floor":11.0},{"not_picked":["Dodge and Roll","Dagger Spray"],"picked":"Blade Dance","floor":14.0},{"not_picked":["Adrenaline","Envenom+1"],"picked":"A Thousand Cuts+1","floor":16.0},{"not_picked":["Deflect","Flying Knee"],"picked":"Blade Dance","floor":18.0},{"not_picked":["Dagger Spray+1","Sucker Punch"],"picked":"Blade Dance","floor":22.0},{"not_picked":["Deflect","Dagger Throw"],"picked":"Noxious Fumes+1","floor":24.0},{"not_picked":["Noxious Fumes+1","Dagger Throw"],"picked":"Escape Plan","floor":25.0},{"not_picked":["Reflex","Acrobatics"],"picked":"Backflip","floor":27.0},{"not_picked":["Accuracy+1","Dagger Throw"],"picked":"Wraith Form v2+1","floor":29.0},{"not_picked":["Noxious Fumes+1","Acrobatics+1","Underhanded Strike"],"picked":"SKIP","floor":30.0},{"not_picked":["Calculated Gamble+1","Underhanded Strike"],"picked":"A Thousand Cuts+1","floor":31.0},{"not_picked":["Die Die Die","Phantasmal Killer+1"],"picked":"Night Terror+1","floor":33.0},{"not_picked":["Skewer+1","Dodge and Roll+1"],"picked":"Cloak And Dagger+1","floor":35.0},{"not_picked":["Cloak And Dagger+1","Outmaneuver+1"],"picked":"PiercingWail+1","floor":36.0},{"not_picked":["Outmaneuver+1","Masterful Stab"],"picked":"Deflect+1","floor":37.0},{"not_picked":["Well Laid Plans+1","Underhanded Strike"],"picked":"Accuracy+1","floor":39.0},{"not_picked":["Blur+1","Dagger Spray+1"],"picked":"Caltrops+1","floor":41.0},{"not_picked":["Prepared+1","Finisher+1","Footwork+1"],"picked":"SKIP","floor":41.0},{"not_picked":["Outmaneuver+1","Dagger Throw","Well Laid Plans+1"],"picked":"SKIP","floor":42.0},{"not_picked":["Accuracy+1","Poisoned Stab+1"],"picked":"Finisher","floor":45.0},{"not_picked":["Backstab+1","Dagger Spray+1"],"picked":"Prepared+1","floor":45.0},{"not_picked":["Slice","Poisoned Stab+1","Deflect+1"],"picked":"SKIP","floor":46.0},{"not_picked":["Poisoned Stab","Catalyst+1","Underhanded Strike"],"picked":"SKIP","floor":46.0},{"not_picked":["Slice","Poisoned Stab+1"],"picked":"Deflect+1","floor":46.0},{"not_picked":["Poisoned Stab","Catalyst+1","Underhanded Strike"],"picked":"SKIP","floor":46.0},{"not_picked":["Expertise+1","Deadly Poison+1"],"picked":"Infinite Blades+1","floor":48.0},{"not_picked":["Dagger Spray","Dagger Throw"],"picked":"Backflip+1","floor":48.0}],"player_experience":593391,"relics_obtained":[{"floor":9.0,"key":"Oddly Smooth Stone"},{"floor":10.0,"key":"Orichalcum"},{"floor":14.0,"key":"Bag of Marbles"},{"floor":27.0,"key":"PreservedInsect"},{"floor":29.0,"key":"Toxic Egg 2"},{"floor":31.0,"key":"Ancient Tea Set"},{"floor":36.0,"key":"Shovel"},{"floor":39.0,"key":"Prayer Wheel"},{"floor":40.0,"key":"Old Coin"},{"floor":42.0,"key":"Blue Candle"}],"event_choices":[{"damage_healed":0.0,"max_hp_gain":0.0,"max_hp_loss":0.0,"gold_gain":0.0,"event_name":"Shining Light","player_choice":"Entered Light","floor":2.0,"gold_loss":0.0,"damage_taken":18.0,"cards_upgraded":["Strike_G","Strike_G"]},{"cards_removed":["Choke"],"damage_healed":0.0,"max_hp_gain":0.0,"max_hp_loss":0.0,"gold_gain":0.0,"event_name":"WeMeetAgain","player_choice":"Gave Card","floor":3.0,"gold_loss":0.0,"damage_taken":0.0,"relics_obtained":["Lantern"]},{"cards_removed":["Strike_G"],"damage_healed":0.0,"max_hp_gain":0.0,"max_hp_loss":0.0,"gold_gain":0.0,"event_name":"The Cleric","player_choice":"Card Removal","floor":12.0,"gold_loss":75.0,"damage_taken":0.0},{"damage_healed":0.0,"max_hp_gain":0.0,"max_hp_loss":0.0,"gold_gain":0.0,"event_name":"Back to Basics","player_choice":"Simplicity","floor":20.0,"gold_loss":0.0,"damage_taken":0.0,"cards_upgraded":["Defend_G","Defend_G","Defend_G","Defend_G","Defend_G","Strike_G","Strike_G"]},{"damage_healed":0.0,"max_hp_gain":0.0,"max_hp_loss":0.0,"gold_gain":0.0,"event_name":"Upgrade Shrine","player_choice":"Upgraded","floor":21.0,"gold_loss":0.0,"damage_taken":0.0,"cards_upgraded":["Blade Dance"]},{"damage_healed":0.0,"max_hp_gain":0.0,"max_hp_loss":0.0,"gold_gain":0.0,"event_name":"Mysterious Sphere","player_choice":"Fight","floor":36.0,"gold_loss":0.0,"damage_taken":0.0},{"damage_healed":0.0,"max_hp_gain":0.0,"max_hp_loss":0.0,"gold_gain":0.0,"event_name":"MindBloom","player_choice":"Fight","floor":39.0,"gold_loss":0.0,"damage_taken":0.0}],"is_beta":false,"boss_relics":[{"not_picked":["Eternal Feather","Black Star"],"picked":"Cursed Key"},{"not_picked":["Velvet Choker","Sozu"],"picked":"Runic Pyramid"}],"items_purged_floors":[38],"is_endless":false,"potions_floor_spawned":[5,11,14,16,25,27,29,30,31,37,39,48],"killed_by":"Time Eater","ascension_level":20}