{"path_per_floor":["M","?","M","?","?","R","E","R","T","$","E","R","E","M","R","B",null,"M","?","M","$"],"character_chosen":"THE_SILENT","items_purchased":["Bane","Meat on the Bone"],"gold_per_floor":[113,113,133,133,208,208,234,234,258,129,159,159,191,204,204,308,308,318,318,336,91,91],"floor_reached":22,"campfire_rested":2,"playtime":1134,"current_hp_per_floor":[62,55,55,42,31,49,33,33,33,33,29,47,39,38,38,4,63,23,23,9,9,0],"items_purged":["Strike_G"],"gold":91,"score":220,"play_id":"841c3c49-ab76-409c-bd21-3fecab708d62","local_time":"20180407221916","is_prod":false,"is_daily":false,"is_ascension_mode":true,"campfire_upgraded":2,"timestamp":1523164756,"path_taken":["M","?","M","?","?","R","E","R","T","$","E","R","E","M","R","BOSS","M","?","M","$","M"],"build_version":"2018-04-05v2","purchased_purges":1,"victory":false,"master_deck":["Defend_G","Defend_G","Defend_G","Defend_G","Defend_G","Strike_G","Strike_G","Strike_G","Survivor+1","Neutralize+1","Poisoned Stab+1","Deadly Poison","Bane","Bouncing Flask+1","Corpse Explosion","Decay","Footwork"],"max_hp_per_floor":[63,63,63,63,63,63,63,63,63,63,63,63,63,63,63,63,63,63,63,63,63,63],"relics":["Ring of the Snake","Torii","Happy Flower","Vajra","Lantern","Tingsha","Velvet Choker","Meat on the Bone"],"card_choices":[{"not_picked":["Masterful Stab","Slice"],"picked":"Poisoned Stab","floor":1.0},{"not_picked":["Flying Knee","Underhanded Strike"],"picked":"Deadly Poison","floor":3},{"not_picked":["Terror","Flechettes"],"picked":"Bouncing Flask","floor":11},{"not_picked":["Glass Knife","Bullet Time"],"picked":"Corpse Explosion","floor":16},{"not_picked":["Bane","Deadly Poison"],"picked":"Footwork","floor":20}],"player_experience":240070,"potions_floor_usage":[16],"damage_taken":[{"damage":1.0,"enemies":"Small Slimes","floor":1.0,"turns":5.0},{"damage":0.0,"enemies":"2 Louse","floor":3.0,"turns":3.0},{"damage":16,"enemies":"Gremlin Nob","floor":7,"turns":5},{"damage":4,"enemies":"3 Sentries","floor":11,"turns":9},{"damage":8,"enemies":"Lagavulin","floor":13,"turns":5},{"damage":1,"enemies":"2 Fungi Beasts","floor":14,"turns":2},{"damage":34,"enemies":"Slime Boss","floor":16,"turns":9},{"damage":40,"enemies":"3 Byrds","floor":18,"turns":6},{"damage":14,"enemies":"Shell Parasite","floor":20,"turns":4},{"damage":12,"enemies":"Centurion and Healer","floor":22,"turns":2}],"event_choices":[{"event_name":"Golden Wing","player_choice":"Card Removal","floor":2.0,"damage_taken":0.0},{"event_name":"Shining Light","player_choice":"Entered Light","floor":4,"damage_taken":0},{"event_name":"World of Goop","player_choice":"Gather Gold","floor":5,"damage_taken":0},{"event_name":"Wheel of Change","player_choice":"Curse","floor":19,"damage_taken":0}],"boss_relics":[{"not_picked":["Black Star","Tiny House"],"picked":"Velvet Choker"}],"potions_floor_spawned":[1,11,14],"seed_played":"5255936972141887184","killed_by":"Centurion and Healer","ascension_level":2,"is_trial":false}