{"gold_per_floor":[110,120,120,139,154,154,189,189,189,189,219,219,169,208,208,327,327,342,358,7,7,7,7,51,51,103,103,128,172,195,220,220,346,346,359,23,23,23,37,75,75,110,110,23,23,23,23,47,47,47],"floor_reached":50,"playtime":3445,"items_purged":["Strike_B+1"],"score":621,"play_id":"d03af6f4-f25b-44a4-9aa7-9f85f478253c","local_time":"20181206212515","is_ascension_mode":true,"campfire_choices":[{"floor":6,"key":"REST"},{"data":"Hologram","floor":8,"key":"SMITH"},{"data":"Electrodynamics","floor":12,"key":"SMITH"},{"floor":15,"key":"REST"},{"data":"Defragment","floor":23,"key":"SMITH"},{"data":"Amplify","floor":25,"key":"SMITH"},{"data":"Coolheaded","floor":27,"key":"SMITH"},{"floor":32,"key":"REST"},{"data":"White Noise","floor":41,"key":"SMITH"},{"floor":47,"key":"REST"},{"floor":49,"key":"REST"}],"neow_cost":"NONE","seed_source_timestamp":1216658976271221,"circlet_count":0,"master_deck":["Strike_B+1","Strike_B+1","Defend_B+1","Defend_B+1","Defend_B+1","Zap","Dualcast","Electrodynamics+1","Hologram+1","Doom and Gloom","Injury","Fusion","Coolheaded+1","Gash","Leap","Amplify+1","Cold Snap+1","Leap+1","Defragment+1","Shame","White Noise+1","Coolheaded","Hello World","Chill","Multi-Cast","Conserve Battery+1","White Noise+1","Hologram+1","Conserve Battery","Static Discharge","Normality","Blizzard","Dramatic Entrance","Leap+1"],"relics":["Cracked Core","Golden Idol","Blood Vial","Oddly Smooth Stone","Pear","War Paint","Bag of Marbles","Philosopher\u0027s Stone","Ice Cream","Kunai","Du-Vu Doll","Regal Pillow","Dodecahedron","Strawberry","Cursed Key","Bottled Lightning","Potion Belt","Happy Flower","Frozen Egg 2"],"potions_floor_usage":[14,24,24,29,50,50,50,50],"damage_taken":[{"damage":0,"enemies":"Small Slimes","floor":1,"turns":2},{"damage":6,"enemies":"2 Louse","floor":2,"turns":3},{"damage":7,"enemies":"Jaw Worm","floor":4,"turns":2},{"damage":15,"enemies":"Red Slaver","floor":5,"turns":4},{"damage":14,"enemies":"3 Sentries","floor":7,"turns":5},{"damage":26,"enemies":"Gremlin Nob","floor":14,"turns":4},{"damage":46,"enemies":"Hexaghost","floor":16,"turns":11},{"damage":12,"enemies":"2 Thieves","floor":18,"turns":3},{"damage":1,"enemies":"Shell Parasite","floor":19,"turns":4},{"damage":15,"enemies":"Slavers","floor":24,"turns":5},{"damage":9,"enemies":"Centurion and Healer","floor":28,"turns":4},{"damage":29,"enemies":"Gremlin Leader","floor":29,"turns":7},{"damage":21,"enemies":"Snake Plant","floor":31,"turns":4},{"damage":33,"enemies":"Automaton","floor":33,"turns":10},{"damage":2,"enemies":"Orb Walker","floor":35,"turns":5},{"damage":12,"enemies":"3 Shapes","floor":39,"turns":2},{"damage":14,"enemies":"Reptomancer","floor":40,"turns":4},{"damage":50,"enemies":"Nemesis","floor":42,"turns":7},{"damage":34,"enemies":"Maw","floor":48,"turns":7},{"damage":79,"enemies":"Time Eater","floor":50,"turns":14}],"seed_played":"95006709493732511","potions_obtained":[{"floor":2,"key":"AttackPotion"},{"floor":4,"key":"SteroidPotion"},{"floor":16,"key":"Block Potion"},{"floor":19,"key":"Fire Potion"},{"floor":29,"key":"Explosive Potion"},{"floor":42,"key":"FearPotion"},{"floor":48,"key":"PowerPotion"}],"is_trial":false,"path_per_floor":["M","M","?","M","M","R","E","R","T","?","?","R","?","E","R","B",null,"M","M","$","?","?","R","E","R","T","R","M","E","T","M","R","B",null,"M","$","?","$","M","E","R","E","T","$","$","?","R","M","R","B"],"character_chosen":"DEFECT","items_purchased":["Defragment","Ice Cream","Bottled Lightning","Blizzard","PowerPotion"],"campfire_rested":5,"item_purchase_floors":[20,20,36,44,44],"current_hp_per_floor":[75,69,69,62,47,69,55,55,55,62,62,62,62,38,63,19,85,73,74,74,74,74,74,61,61,61,61,54,27,34,15,57,26,92,90,90,90,90,80,68,68,20,20,20,20,20,62,30,72,0],"gold":47,"neow_bonus":"ONE_RANDOM_RARE_CARD","is_prod":false,"is_daily":false,"chose_seed":false,"campfire_upgraded":6,"win_rate":0,"timestamp":1544127915,"path_taken":["M","M","?","M","M","R","E","R","T","?","?","R","?","E","R","BOSS","M","M","$","?","?","R","E","R","T","R","M","E","?","M","R","BOSS","M","?","?","$","?","E","R","E","T","?","$","?","R","M","R","BOSS"],"build_version":"2018-11-15","purchased_purges":1,"victory":false,"max_hp_per_floor":[75,75,75,75,75,75,75,75,75,85,85,85,85,85,85,85,85,85,85,85,85,85,85,85,85,85,85,85,85,92,92,92,92,92,92,92,92,92,92,92,92,92,92,92,92,92,92,92,92,92],"card_choices":[{"not_picked":["Recycle","Redo"],"picked":"Hologram","floor":1},{"not_picked":["Ball Lightning","Sweeping Beam"],"picked":"Doom and Gloom","floor":2},{"not_picked":["Barrage","Ball Lightning"],"picked":"Fusion","floor":4},{"not_picked":["Double Energy","Stack"],"picked":"Coolheaded","floor":5},{"not_picked":["Rebound","Leap"],"picked":"Gash","floor":7},{"not_picked":["Compile Driver","Streamline"],"picked":"Leap","floor":14},{"not_picked":["Meteor Strike","Reboot"],"picked":"Amplify","floor":16},{"not_picked":["Compile Driver+1","Aggregate"],"picked":"Cold Snap+1","floor":18},{"not_picked":["Ball Lightning","Rebound+1"],"picked":"Leap+1","floor":19},{"not_picked":["Conserve Battery+1","Rainbow"],"picked":"White Noise+1","floor":24},{"not_picked":["Fusion","Leap+1"],"picked":"Coolheaded","floor":28},{"not_picked":["Seek","Biased Cognition"],"picked":"Hello World","floor":29},{"not_picked":["Skim+1","Gash"],"picked":"Chill","floor":31},{"not_picked":["Hyperbeam","Fission"],"picked":"Multi-Cast","floor":33},{"not_picked":["Turbo+1","Streamline+1"],"picked":"Conserve Battery+1","floor":35},{"not_picked":["Steam","Doom and Gloom+1"],"picked":"Hologram+1","floor":39},{"not_picked":["Rebound","Turbo+1"],"picked":"Conserve Battery","floor":40},{"not_picked":["FTL+1","Core Surge"],"picked":"Static Discharge","floor":42},{"not_picked":["Metamorphosis","Secret Weapon"],"picked":"Dramatic Entrance","floor":46},{"not_picked":["Beam Cell","Chaos"],"picked":"Leap+1","floor":48}],"player_experience":147329,"relics_obtained":[{"floor":7,"key":"Blood Vial"},{"floor":9,"key":"Oddly Smooth Stone"},{"floor":14,"key":"Bag of Marbles"},{"floor":24,"key":"Du-Vu Doll"},{"floor":26,"key":"Regal Pillow"},{"floor":29,"key":"Dodecahedron"},{"floor":30,"key":"Strawberry"},{"floor":40,"key":"Potion Belt"},{"floor":42,"key":"Happy Flower"},{"floor":43,"key":"Frozen Egg 2"}],"event_choices":[{"damage_healed":0,"gold_gain":0,"player_choice":"Take Wound","damage_taken":0,"relics_obtained":["Golden Idol"],"max_hp_gain":0,"max_hp_loss":0,"event_name":"Golden Idol","floor":3,"gold_loss":0,"cards_obtained":["Injury"]},{"damage_healed":0,"gold_gain":0,"player_choice":"Success","damage_taken":3,"relics_obtained":["Pear"],"max_hp_gain":0,"max_hp_loss":0,"event_name":"Scrap Ooze","floor":10,"gold_loss":0},{"damage_healed":0,"gold_gain":30,"player_choice":"Searched \u00272\u0027 times","damage_taken":0,"relics_obtained":["War Paint"],"max_hp_gain":0,"max_hp_loss":0,"event_name":"Dead Adventurer","floor":11,"gold_loss":0},{"cards_removed":["Strike_B"],"damage_healed":0,"gold_gain":0,"player_choice":"Card Removal","damage_taken":0,"max_hp_gain":0,"max_hp_loss":0,"event_name":"The Cleric","floor":13,"gold_loss":50},{"damage_healed":0,"gold_gain":0,"player_choice":"Stole Relic","damage_taken":0,"relics_obtained":["Kunai"],"max_hp_gain":0,"max_hp_loss":0,"event_name":"Addict","floor":21,"gold_loss":0,"cards_obtained":["Shame"]},{"damage_healed":0,"gold_gain":0,"player_choice":"Simplicity","damage_taken":0,"max_hp_gain":0,"max_hp_loss":0,"event_name":"Back to Basics","floor":22,"gold_loss":0,"cards_upgraded":["Strike_B","Strike_B","Strike_B","Defend_B","Defend_B"]},{"damage_healed":0,"gold_gain":0,"cards_transformed":["Defend_B"],"player_choice":"Transformed","damage_taken":0,"max_hp_gain":0,"max_hp_loss":0,"event_name":"Transmorgrifier","floor":37,"gold_loss":0,"cards_obtained":["White Noise"]},{"damage_healed":0,"gold_gain":0,"player_choice":"Memory 1","damage_taken":0,"max_hp_gain":0,"max_hp_loss":0,"event_name":"SensoryStone","floor":46,"gold_loss":0}],"is_beta":false,"boss_relics":[{"not_picked":["White Beast Statue","Velvet Choker"],"picked":"Philosopher\u0027s Stone"},{"not_picked":["Runic Dome","Orrery"],"picked":"Cursed Key"}],"items_purged_floors":[36],"is_endless":false,"potions_floor_spawned":[2,4,16,19,29,42,48],"killed_by":"Time Eater","ascension_level":2}