{"gold_per_floor":[114,132,3,13,13,43,53,53,76,89,89,114,59,59,59,135,135,154,168,148,73,83,115,115,145,145,145,145,158,176,194,194,194],"floor_reached":33,"playtime":1780,"items_purged":["Strike_R"],"score":549,"play_id":"60f312e1-029f-4eec-8d15-2b18fe2cf04a","local_time":"20190207220644","is_ascension_mode":true,"campfire_choices":[{"data":"True Grit","floor":8.0,"key":"SMITH"},{"data":"Uppercut","floor":11.0,"key":"SMITH"},{"data":"Heavy Blade","floor":15.0,"key":"SMITH"},{"data":"Flame Barrier","floor":24.0,"key":"SMITH"},{"data":"Double Tap","floor":27.0,"key":"SMITH"},{"floor":32.0,"key":"REST"}],"neow_cost":"NONE","seed_source_timestamp":0,"circlet_count":0,"master_deck":["AscendersBane","Strike_R","Strike_R","Strike_R","Strike_R","Defend_R","Defend_R","Defend_R","Defend_R","Bash","Flame Barrier+1","Uppercut+1","Spot Weakness","Twin Strike","Headbutt","True Grit+1","Sword Boomerang","Shrug It Off","Heavy Blade+1","Immolate","Power Through","Dropkick","Double Tap+1","Ghostly Armor"],"special_seed":0,"relics":["Burning Blood","Potion Belt","Anchor","Bronze Scales","Omamori","Incense Burner","Philosopher\u0027s Stone","Sundial","Shuriken","Strawberry","Centennial Puzzle"],"potions_floor_usage":[33,33,33],"damage_taken":[{"damage":5.0,"enemies":"Small Slimes","floor":1.0,"turns":3.0},{"damage":6.0,"enemies":"Cultist","floor":2.0,"turns":3.0},{"damage":5.0,"enemies":"Jaw Worm","floor":4.0,"turns":4.0},{"damage":30.0,"enemies":"3 Sentries","floor":6.0,"turns":7.0},{"damage":0.0,"enemies":"Large Slime","floor":7.0,"turns":6.0},{"damage":13.0,"enemies":"Gremlin Gang","floor":10.0,"turns":4.0},{"damage":21.0,"enemies":"Lagavulin","floor":12.0,"turns":4.0},{"damage":16.0,"enemies":"Hexaghost","floor":16.0,"turns":10.0},{"damage":16.0,"enemies":"Spheric Guardian","floor":18.0,"turns":4.0},{"damage":21.0,"enemies":"2 Thieves","floor":19.0,"turns":3.0},{"damage":3.0,"enemies":"Snecko","floor":22.0,"turns":4.0},{"damage":3.0,"enemies":"Book of Stabbing","floor":23.0,"turns":4.0},{"damage":20.0,"enemies":"Slavers","floor":25.0,"turns":3.0},{"damage":16.0,"enemies":"Shelled Parasite and Fungi","floor":29.0,"turns":4.0},{"damage":12.0,"enemies":"3 Cultists","floor":30.0,"turns":3.0},{"damage":0.0,"enemies":"Centurion and Healer","floor":31.0,"turns":6.0},{"damage":85,"enemies":"Automaton","floor":33,"turns":6}],"seed_played":"5060617296108945371","potions_obtained":[{"floor":1.0,"key":"Energy Potion"},{"floor":6.0,"key":"EssenceOfSteel"},{"floor":7.0,"key":"Strength Potion"},{"floor":10.0,"key":"SteroidPotion"},{"floor":16.0,"key":"Weak Potion"},{"floor":20.0,"key":"FearPotion"},{"floor":22.0,"key":"GamblersBrew"},{"floor":25.0,"key":"FearPotion"},{"floor":29.0,"key":"Dexterity Potion"},{"floor":31.0,"key":"LiquidBronze"}],"is_trial":false,"path_per_floor":["M","M","$","M","?","E","M","R","T","M","R","E","$","?","R","B",null,"M","M","?","$","M","E","R","E","T","R","?","M","M","M","R","B"],"character_chosen":"IRONCLAD","items_purchased":["Spot Weakness","Explosive Potion","Heavy Blade"],"campfire_rested":1,"item_purchase_floors":[3,3,13],"current_hp_per_floor":[69,69,69,70,70,46,52,52,52,45,45,30,30,30,30,20,61,51,36,36,36,39,42,42,28,35,35,35,25,19,25,49,0],"gold":194,"neow_bonus":"RANDOM_COMMON_RELIC","is_prod":false,"is_daily":false,"chose_seed":false,"campfire_upgraded":5,"win_rate":0,"timestamp":1549573604,"path_taken":["M","M","$","M","?","E","?","R","T","?","R","E","$","?","R","BOSS","M","M","?","$","?","E","R","E","T","R","?","?","M","M","R","BOSS"],"build_version":"2019-01-23","purchased_purges":1,"victory":false,"max_hp_per_floor":[75,75,75,75,75,75,75,75,75,75,75,75,75,75,75,75,75,75,75,75,75,75,75,75,75,82,82,82,82,82,82,82,82],"card_choices":[{"not_picked":["Disarm","Clothesline"],"picked":"Flame Barrier","floor":1.0},{"not_picked":["Heavy Blade","Dual Wield"],"picked":"Uppercut","floor":2.0},{"not_picked":["Anger","Hemokinesis"],"picked":"Twin Strike","floor":4.0},{"not_picked":["Pommel Strike","Bloodletting"],"picked":"Headbutt","floor":6.0},{"not_picked":["Havoc","Cleave"],"picked":"True Grit","floor":7.0},{"not_picked":["Whirlwind","Hemokinesis"],"picked":"Sword Boomerang","floor":10.0},{"not_picked":["Searing Blow","Headbutt"],"picked":"Shrug It Off","floor":12.0},{"not_picked":["Juggernaut","Demon Form"],"picked":"Immolate","floor":16.0},{"not_picked":["Twin Strike+1","Armaments"],"picked":"Power Through","floor":18.0},{"not_picked":["Thunderclap","Havoc","Burning Pact"],"picked":"SKIP","floor":19.0},{"not_picked":["Seeing Red","Clothesline"],"picked":"Dropkick","floor":22.0},{"not_picked":["Hemokinesis","Combust"],"picked":"Double Tap","floor":23.0},{"not_picked":["Armaments","Wild Strike"],"picked":"Ghostly Armor","floor":25.0},{"not_picked":["Sever Soul","Rage","Seeing Red"],"picked":"SKIP","floor":29.0},{"not_picked":["Body Slam","Thunderclap","Havoc"],"picked":"SKIP","floor":30.0},{"not_picked":["Body Slam","Thunderclap","Havoc"],"picked":"SKIP","floor":30.0},{"not_picked":["Carnage","True Grit","Thunderclap"],"picked":"SKIP","floor":31.0}],"player_experience":334047,"relics_obtained":[{"floor":6.0,"key":"Anchor"},{"floor":9.0,"key":"Bronze Scales"},{"floor":12.0,"key":"Omamori"},{"floor":23.0,"key":"Sundial"},{"floor":25.0,"key":"Shuriken"},{"floor":26.0,"key":"Strawberry"}],"event_choices":[{"damage_healed":0.0,"max_hp_gain":0.0,"max_hp_loss":0.0,"gold_gain":0.0,"event_name":"Match and Keep!","player_choice":"0 cards matched","floor":5.0,"gold_loss":0.0,"damage_taken":0.0,"cards_obtained":[]},{"damage_healed":0.0,"max_hp_gain":0.0,"max_hp_loss":0.0,"gold_gain":0.0,"event_name":"Dead Adventurer","player_choice":"Searched \u00271\u0027 times","floor":14.0,"gold_loss":0.0,"damage_taken":0.0,"relics_obtained":["Incense Burner"]},{"damage_healed":0.0,"max_hp_gain":0.0,"max_hp_loss":0.0,"gold_gain":0.0,"event_name":"The Woman in Blue","player_choice":"Bought 1 Potion","floor":20.0,"gold_loss":0.0,"damage_taken":0.0},{"damage_healed":0.0,"max_hp_gain":0.0,"max_hp_loss":0.0,"gold_gain":0.0,"event_name":"WeMeetAgain","player_choice":"Gave Potion","floor":28.0,"gold_loss":0.0,"damage_taken":0.0,"relics_obtained":["Centennial Puzzle"]}],"is_beta":false,"boss_relics":[{"not_picked":["Runic Dome","Runic Pyramid"],"picked":"Philosopher\u0027s Stone"}],"items_purged_floors":[21],"is_endless":false,"potions_floor_spawned":[1,6,7,10,16,22,25,29,31],"killed_by":"Automaton","ascension_level":17}