{"gold_per_floor":[118,132,152,152,172,172,186,186,186,186],"floor_reached":10,"playtime":235,"items_purged":[],"score":105,"play_id":"ee2d9d60-e13e-4014-85d0-0037464a6232","local_time":"20181102105513","is_ascension_mode":true,"campfire_choices":[{"data":"Zap","floor":6,"key":"SMITH"},{"floor":8,"key":"REST"}],"neow_cost":"PERCENT_DAMAGE","seed_source_timestamp":12163821148887,"circlet_count":0,"master_deck":["AscendersBane","Strike_B","Strike_B","Strike_B","Defend_B","Defend_B","Defend_B","Defend_B","Zap+1","Dualcast","Genetic Algorithm","Steam","Chill"],"relics":["Cracked Core","Ornamental Fan"],"potions_floor_usage":[10],"damage_taken":[{"damage":0,"enemies":"Small Slimes","floor":1,"turns":3},{"damage":17,"enemies":"Jaw Worm","floor":2,"turns":4},{"damage":1,"enemies":"Cultist","floor":3,"turns":3},{"damage":7,"enemies":"Blue Slaver","floor":5,"turns":3},{"damage":3,"enemies":"Exordium Wildlife","floor":7,"turns":3},{"damage":54,"enemies":"Gremlin Nob","floor":10,"turns":5}],"seed_played":"-4326362012251917558","potions_obtained":[{"floor":2,"key":"Block Potion"},{"floor":7,"key":"LiquidBronze"}],"is_trial":false,"path_per_floor":["M","M","M","?","M","R","M","R","T","E"],"character_chosen":"DEFECT","items_purchased":[],"campfire_rested":1,"item_purchase_floors":[],"current_hp_per_floor":[60,43,42,35,28,28,25,50,50,0],"gold":186,"neow_bonus":"TWENTY_PERCENT_HP_BONUS","is_prod":false,"is_daily":false,"chose_seed":false,"campfire_upgraded":1,"win_rate":0,"timestamp":1541181313,"path_taken":["M","M","M","?","M","R","M","R","T","E"],"build_version":"2018-11-01","purchased_purges":0,"victory":false,"max_hp_per_floor":[85,85,85,85,85,85,85,85,85,85],"card_choices":[{"not_picked":["Barrage","Steam Power"],"picked":"Genetic Algorithm","floor":1},{"not_picked":["Consume","Double Energy","Fusion"],"picked":"SKIP","floor":2},{"not_picked":["Blizzard","Turbo"],"picked":"Steam","floor":3},{"not_picked":["Recycle","Stack","Sweeping Beam"],"picked":"SKIP","floor":5},{"not_picked":["Double Energy","Auto Shields"],"picked":"Chill","floor":7}],"player_experience":999868,"relics_obtained":[{"floor":9,"key":"Ornamental Fan"}],"event_choices":[{"cards_removed":["Strike_B"],"damage_healed":0,"gold_gain":0,"player_choice":"Card Removal","damage_taken":7,"max_hp_gain":0,"max_hp_loss":0,"event_name":"Golden Wing","floor":4,"gold_loss":0}],"is_beta":false,"boss_relics":[],"items_purged_floors":[],"is_endless":false,"potions_floor_spawned":[2,7],"killed_by":"Gremlin Nob","ascension_level":15}