{"path_per_floor":["M","M","M","?","$","E","R","?","T","M","R","M","M","M","R","B",null,"M","M","?","M","$"],"character_chosen":"THE_SILENT","items_purchased":["Cloak And Dagger","Footwork"],"gold_per_floor":[109,123,142,217,17,49,49,49,49,67,67,85,96,111,111,207,207,221,206,156,166,66],"floor_reached":23,"campfire_rested":1,"playtime":2563,"current_hp_per_floor":[70,68,68,57,57,43,43,43,57,57,57,47,42,38,63,54,84,77,59,59,31,31],"items_purged":["Strike_G","Eviscerate"],"gold":66,"score":195,"play_id":"6eda8178-a875-4ef8-a913-9dfc5d81d5b7","local_time":"20180316185319","is_prod":false,"is_daily":false,"is_ascension_mode":false,"campfire_upgraded":2,"timestamp":1521251599,"path_taken":["M","M","M","?","?","E","R","?","T","M","R","M","M","?","R","BOSS","M","M","?","?","$","E"],"build_version":"2018-03-15v2","purchased_purges":2,"victory":false,"master_deck":["Defend_G","Defend_G","Defend_G","Defend_G","Defend_G","Strike_G","Strike_G","Strike_G","Strike_G","Survivor","Neutralize+1","Infinite Blades","Cloak And Dagger","Footwork+1","Endless Agony","Accuracy+1","Sucker Punch","Storm of Steel","Unload","Flechettes"],"max_hp_per_floor":[70,70,70,70,70,70,70,70,84,84,84,84,84,84,84,84,84,84,84,84,84,84],"relics":["Ring of the Snake","Orichalcum","Mango","White Beast Statue"],"card_choices":[{"not_picked":["Acrobatics","Expertise"],"picked":"Infinite Blades"},{"not_picked":["Acrobatics","Bane"],"picked":"Endless Agony"},{"not_picked":["Deflect","Deadly Poison"],"picked":"Accuracy"},{"not_picked":["Crippling Poison","Quick Slash"],"picked":"Sucker Punch"},{"not_picked":["Backflip","Footwork"],"picked":"Storm of Steel"},{"not_picked":["Dagger Spray","Acrobatics"],"picked":"Eviscerate"},{"not_picked":["Corpse Explosion","Burst"],"picked":"Unload"},{"not_picked":["Masterful Stab","Dodge and Roll"],"picked":"Flechettes"}],"player_experience":117678,"potions_floor_usage":[6,14,19,21,23,23,23],"damage_taken":[{"damage":0,"enemies":"2 Louse","floor":1,"turns":5},{"damage":2,"enemies":"Cultist","floor":2,"turns":5},{"damage":0,"enemies":"Small Slimes","floor":3,"turns":4},{"damage":14,"enemies":"Lagavulin","floor":6,"turns":13},{"damage":0,"enemies":"Red Slaver","floor":10,"turns":5},{"damage":10,"enemies":"Lots of Slimes","floor":12,"turns":6},{"damage":5,"enemies":"Large Slime","floor":13,"turns":7},{"damage":16,"enemies":"Gremlin Gang","floor":14,"turns":6},{"damage":9,"enemies":"The Guardian","floor":16,"turns":14},{"damage":7,"enemies":"Chosen","floor":18,"turns":5},{"damage":18,"enemies":"2 Thieves","floor":19,"turns":4},{"damage":28,"enemies":"Cultist and Chosen","floor":21,"turns":9},{"damage":34,"enemies":"Slavers","floor":23,"turns":3}],"event_choices":[{"event_name":"World of Goop","player_choice":"Gather Gold","floor":4,"damage_taken":0},{"event_name":"Living Wall","player_choice":"Grow","floor":8,"damage_taken":0},{"event_name":"The Joust","player_choice":"Bet on Murderer","floor":20,"damage_taken":0}],"boss_relics":[{"not_picked":["Snecko Eye","Orrery"],"picked":"White Beast Statue"}],"potions_floor_spawned":[3,6,12,14,18,19,21],"seed_played":"347830402973517166","killed_by":"Slavers","ascension_level":0,"is_trial":false}