{"gold_per_floor":[109,109,120,137,156,156,184,194,242,242,253,271,346,366,366,445,445,458,7,24,74,74],"floor_reached":22,"playtime":853,"items_purged":["Shame"],"score":371,"play_id":"7e3d0fcd-d347-4549-b27a-f4c8403ad12c","local_time":"20190223182653","is_ascension_mode":true,"campfire_choices":[{"data":"Bash","floor":6.0,"key":"SMITH"},{"data":"True Grit","floor":10.0,"key":"SMITH"},{"data":"Clothesline","floor":15.0,"key":"SMITH"}],"neow_cost":"NONE","seed_source_timestamp":19038240444299,"circlet_count":0,"master_deck":["AscendersBane","Strike_R","Strike_R","Strike_R","Defend_R","Defend_R","Defend_R","Defend_R","Bash+1","Rage","Battle Trance","Feed","True Grit+1","Shrug It Off","Wild Strike","Clothesline+1","Offering","Uppercut","Flame Barrier","Sword Boomerang","Armaments"],"special_seed":0,"relics":["Burning Blood","Omamori","Vajra","Calling Bell","Red Skull","Singing Bowl","Champion Belt","Mercury Hourglass"],"potions_floor_usage":[],"damage_taken":[{"damage":6.0,"enemies":"Cultist","floor":1.0,"turns":4.0},{"damage":2.0,"enemies":"2 Louse","floor":3.0,"turns":3.0},{"damage":4.0,"enemies":"Jaw Worm","floor":4.0,"turns":3.0},{"damage":27.0,"enemies":"Red Slaver","floor":5.0,"turns":5.0},{"damage":26.0,"enemies":"Gremlin Nob","floor":7.0,"turns":4.0},{"damage":7.0,"enemies":"2 Fungi Beasts","floor":8.0,"turns":4.0},{"damage":0.0,"enemies":"3 Louse","floor":11.0,"turns":4.0},{"damage":6.0,"enemies":"Exordium Wildlife","floor":12.0,"turns":5.0},{"damage":2.0,"enemies":"Looter","floor":14.0,"turns":4.0},{"damage":40.0,"enemies":"The Guardian","floor":16.0,"turns":11.0},{"damage":22.0,"enemies":"3 Byrds","floor":18.0,"turns":4.0},{"damage":15.0,"enemies":"Chosen","floor":20.0,"turns":6.0},{"damage":37,"enemies":"3 Cultists","floor":22,"turns":5}],"seed_played":"-5090625023310205163","potions_obtained":[{"floor":4.0,"key":"Weak Potion"},{"floor":5.0,"key":"BloodPotion"},{"floor":7.0,"key":"LiquidBronze"},{"floor":16.0,"key":"LiquidBronze"}],"is_trial":false,"path_per_floor":["M","?","M","M","M","R","E","M","T","R","M","M","?","M","R","B",null,"M","$","M","?","M"],"character_chosen":"IRONCLAD","items_purchased":["Flame Barrier","Mercury Hourglass","Sword Boomerang"],"campfire_rested":0,"item_purchase_floors":[19,19,19],"current_hp_per_floor":[68,68,72,74,56,56,36,38,38,38,47,47,36,48,48,14,67,51,51,42,34,0],"gold":74,"neow_bonus":"TRANSFORM_CARD","is_prod":false,"is_daily":false,"chose_seed":false,"campfire_upgraded":3,"win_rate":0,"timestamp":1550975213,"path_taken":["M","?","M","M","M","R","E","M","T","R","M","M","?","M","R","BOSS","M","$","M","?","?"],"build_version":"2019-01-23","purchased_purges":1,"victory":false,"max_hp_per_floor":[75,75,75,75,78,78,78,81,81,81,84,84,84,84,84,84,84,84,84,84,84,84],"card_choices":[{"not_picked":["Body Slam","Thunderclap","Headbutt"],"picked":"SKIP","floor":1.0},{"not_picked":["Iron Wave","Sword Boomerang"],"picked":"Battle Trance","floor":3.0},{"not_picked":["Reckless Charge","Wild Strike"],"picked":"Feed","floor":4.0},{"not_picked":["Infernal Blade","Bloodletting"],"picked":"True Grit","floor":5.0},{"not_picked":["Flex","Rampage","Body Slam"],"picked":"SKIP","floor":7.0},{"not_picked":["Iron Wave","Fire Breathing"],"picked":"Shrug It Off","floor":8.0},{"not_picked":["Headbutt","Intimidate","Twin Strike"],"picked":"SKIP","floor":11.0},{"not_picked":["Second Wind","Havoc"],"picked":"Wild Strike","floor":12.0},{"not_picked":["Thunderclap","Warcry"],"picked":"Clothesline","floor":14.0},{"not_picked":["Bludgeon","Fiend Fire"],"picked":"Offering","floor":16.0},{"not_picked":["Flex","Body Slam"],"picked":"Uppercut","floor":18.0},{"not_picked":["Warcry","Pommel Strike"],"picked":"Armaments","floor":20.0}],"player_experience":1229557,"relics_obtained":[{"floor":7.0,"key":"Omamori"},{"floor":9.0,"key":"Vajra"},{"floor":17.0,"key":"Red Skull"},{"floor":17.0,"key":"Singing Bowl"},{"floor":17.0,"key":"Champion Belt"}],"event_choices":[{"cards_removed":["Strike_R"],"damage_healed":0.0,"max_hp_gain":0.0,"max_hp_loss":0.0,"gold_gain":0.0,"event_name":"Living Wall","player_choice":"Forget","floor":2.0,"gold_loss":0.0,"damage_taken":0.0},{"damage_healed":0.0,"max_hp_gain":0.0,"max_hp_loss":0.0,"gold_gain":75.0,"event_name":"World of Goop","player_choice":"Gather Gold","floor":13.0,"gold_loss":0.0,"damage_taken":11.0},{"damage_healed":0.0,"max_hp_gain":0.0,"max_hp_loss":0.0,"gold_gain":50.0,"event_name":"FaceTrader","player_choice":"Touch","floor":21.0,"gold_loss":0.0,"damage_taken":8.0}],"is_beta":false,"boss_relics":[{"not_picked":["Fusion Hammer","Sozu"],"picked":"Calling Bell"}],"items_purged_floors":[19],"is_endless":false,"potions_floor_spawned":[4,5,7,8,16],"killed_by":"3 Cultists","ascension_level":19}