{"gold_per_floor":[364,364,364,464,2,40,60,60,60,60,81,114,129,163,163,292,292,313,329,329,343,433,433,456,62,111,111,136,169,182,220,220,350,350,363,238,238,257,35,35,66,66,89,127,147,186,186,11,11,11],"floor_reached":51,"playtime":4600,"items_purged":["Regret","Strike_R","Strike_R","Perfected Strike","Strike_R"],"score":1531,"play_id":"cb0f1537-f231-49fa-9bad-8b4a0c5dac3b","local_time":"20190330015212","is_ascension_mode":true,"campfire_choices":[{"data":"Metallicize","floor":8,"key":"SMITH"},{"data":"Metallicize","floor":10,"key":"SMITH"},{"data":"Shockwave","floor":15,"key":"SMITH"},{"data":"Evolve","floor":23,"key":"SMITH"},{"data":"Fiend Fire","floor":27,"key":"SMITH"},{"data":"Feel No Pain","floor":32,"key":"SMITH"},{"data":"Corruption","floor":40,"key":"SMITH"},{"data":"Juggernaut","floor":47,"key":"SMITH"},{"data":"Mayhem","floor":49,"key":"SMITH"}],"neow_cost":"PERCENT_DAMAGE","seed_source_timestamp":36457272323302,"circlet_count":0,"master_deck":["AscendersBane","Strike_R","Strike_R","Defend_R","Defend_R","Defend_R+1","Defend_R","Bash","Pommel Strike+1","Metallicize+1","Metallicize+1","Headbutt+1","Wild Strike","Shockwave+1","Fiend Fire+1","Evolve+1","Feel No Pain+1","Disarm+1","Havoc+1","Dark Embrace","Havoc+1","Sentinel","Juggernaut+1","Havoc","Infernal Blade+1","Corruption+1","Body Slam+1","Mayhem+1","True Grit","Seeing Red+1"],"relics":["Burning Blood","Thread and Needle","Golden Idol","Bird Faced Urn","Calipers","Mercury Hourglass","Dead Branch","Incense Burner","Runic Dome","Molten Egg 2","War Paint","Ancient Tea Set","Strawberry","Dodecahedron","Black Star","Omamori","Ice Cream","Whetstone","Question Card","Bottled Tornado","Frozen Egg 2","Regal Pillow"],"potions_floor_usage":[6,14,16,19,29,50,50],"damage_taken":[{"damage":2,"enemies":"Small Slimes","floor":1,"turns":4},{"damage":33,"enemies":"Lagavulin","floor":6,"turns":8},{"damage":0,"enemies":"2 Louse","floor":7,"turns":4},{"damage":0,"enemies":"Cultist","floor":11,"turns":4},{"damage":0,"enemies":"3 Sentries","floor":12,"turns":6},{"damage":7,"enemies":"Gremlin Gang","floor":13,"turns":4},{"damage":0,"enemies":"Lagavulin","floor":14,"turns":7},{"damage":16,"enemies":"Hexaghost","floor":16,"turns":9},{"damage":11,"enemies":"3 Byrds","floor":18,"turns":5},{"damage":2,"enemies":"2 Thieves","floor":19,"turns":3},{"damage":25,"enemies":"Snecko","floor":21,"turns":5},{"damage":0,"enemies":"Centurion and Healer","floor":24,"turns":5},{"damage":15,"enemies":"Sentry and Sphere","floor":28,"turns":6},{"damage":0,"enemies":"Gremlin Leader","floor":29,"turns":4},{"damage":9,"enemies":"Snake Plant","floor":30,"turns":6},{"damage":15,"enemies":"Slavers","floor":31,"turns":3},{"damage":17,"enemies":"Collector","floor":33,"turns":8},{"damage":3,"enemies":"3 Shapes","floor":35,"turns":4},{"damage":6,"enemies":"3 Darklings","floor":38,"turns":3},{"damage":0,"enemies":"Nemesis","floor":41,"turns":5},{"damage":6,"enemies":"Reptomancer","floor":44,"turns":3},{"damage":15,"enemies":"Spire Growth","floor":45,"turns":3},{"damage":2,"enemies":"Nemesis","floor":46,"turns":3},{"damage":6,"enemies":"Donu and Deca","floor":50,"turns":3}],"seed_played":"-4657275046461654354","potions_obtained":[{"floor":7,"key":"SpeedPotion"},{"floor":11,"key":"EssenceOfSteel"},{"floor":12,"key":"SteroidPotion"},{"floor":16,"key":"Strength Potion"},{"floor":18,"key":"Fire Potion"},{"floor":24,"key":"Strength Potion"},{"floor":31,"key":"Dexterity Potion"}],"is_trial":false,"path_per_floor":["M","?","?","?","$","E","M","R","T","R","M","E","M","E","R","B",null,"M","M","T","M","?","R","M","$","T","R","M","E","M","E","R","B",null,"M","$","?","M","$","R","E","?","T","E","M","E","R","$","R","B",null],"character_chosen":"IRONCLAD","items_purchased":["Metallicize","Bird Faced Urn","Explosive Potion","EssenceOfSteel","Disarm","War Paint","Corruption"],"campfire_rested":0,"item_purchase_floors":[5,5,5,25,25,25,39],"current_hp_per_floor":[55,55,55,55,55,30,40,40,40,40,50,60,63,74,74,64,72,71,74,74,55,34,34,46,46,46,46,45,66,77,70,70,75,80,81,81,81,81,81,81,81,81,81,81,81,81,81,81,81,81],"gold":11,"neow_bonus":"TWO_FIFTY_GOLD","is_prod":false,"is_daily":false,"chose_seed":false,"campfire_upgraded":9,"win_rate":0,"timestamp":1553928732,"path_taken":["M","?","?","?","$","E","?","R","T","R","M","E","M","E","R","BOSS","M","?","?","M","?","R","M","$","T","R","M","E","?","E","R","BOSS","M","$","?","?","$","R","E","?","T","E","M","E","R","?","R","BOSS"],"build_version":"2019-01-23","purchased_purges":5,"victory":true,"max_hp_per_floor":[80,80,74,74,74,74,74,74,74,74,74,74,74,74,74,74,74,74,74,74,74,74,74,74,74,74,74,74,81,81,81,81,81,81,81,81,81,81,81,81,81,81,81,81,81,81,81,81,81,81],"card_choices":[{"not_picked":["Ghostly Armor","True Grit"],"picked":"Pommel Strike","floor":1},{"not_picked":["Perfected Strike","Burning Pact"],"picked":"Metallicize","floor":6},{"not_picked":["Pummel","Spot Weakness"],"picked":"Headbutt","floor":7},{"not_picked":["Shockwave","Entrench"],"picked":"Wild Strike","floor":11},{"not_picked":["Hemokinesis","Exhume"],"picked":"Perfected Strike","floor":12},{"not_picked":["Rage","Warcry"],"picked":"Shockwave","floor":13},{"not_picked":["Warcry","Thunderclap","Cleave"],"picked":"SKIP","floor":14},{"not_picked":["Demon Form","Reaper"],"picked":"Fiend Fire","floor":16},{"not_picked":["Twin Strike","Wild Strike","Sword Boomerang"],"picked":"SKIP","floor":18},{"not_picked":["Clash+1","Shockwave","Body Slam"],"picked":"SKIP","floor":19},{"not_picked":["Anger+1","Clash+1"],"picked":"Evolve","floor":21},{"not_picked":["Headbutt+1","Spot Weakness"],"picked":"Feel No Pain","floor":24},{"not_picked":["Burning Pact","Sever Soul+1"],"picked":"Havoc+1","floor":28},{"not_picked":["Pommel Strike+1","Dual Wield"],"picked":"Dark Embrace","floor":29},{"not_picked":["Blood for Blood+1","Warcry"],"picked":"Havoc","floor":30},{"not_picked":["Immolate+1","Pummel+1"],"picked":"Sentinel","floor":31},{"not_picked":["Offering","Impervious"],"picked":"Juggernaut","floor":33},{"not_picked":["Cleave+1","Clothesline+1"],"picked":"Havoc","floor":35},{"not_picked":["Iron Wave+1","Bloodletting+1"],"picked":"Infernal Blade+1","floor":38},{"not_picked":["Havoc","Infernal Blade"],"picked":"Body Slam+1","floor":41},{"not_picked":["Transmutation","Panacea"],"picked":"Mayhem","floor":42},{"not_picked":["Flex","Evolve+1","Clash+1"],"picked":"SKIP","floor":44},{"not_picked":["Pommel Strike+1","Sword Boomerang+1","Power Through"],"picked":"True Grit","floor":45},{"not_picked":["Hemokinesis+1","Body Slam+1","Battle Trance"],"picked":"Seeing Red+1","floor":46}],"player_experience":658498,"relics_obtained":[{"floor":6,"key":"Calipers"},{"floor":9,"key":"Mercury Hourglass"},{"floor":12,"key":"Dead Branch"},{"floor":14,"key":"Incense Burner"},{"floor":20,"key":"Molten Egg 2"},{"floor":26,"key":"Ancient Tea Set"},{"floor":29,"key":"Strawberry"},{"floor":31,"key":"Dodecahedron"},{"floor":41,"key":"Omamori"},{"floor":41,"key":"Ice Cream"},{"floor":43,"key":"Whetstone"},{"floor":44,"key":"Question Card"},{"floor":44,"key":"Bottled Tornado"},{"floor":46,"key":"Frozen Egg 2"},{"floor":46,"key":"Regal Pillow"}],"event_choices":[{"damage_healed":0,"gold_gain":0,"player_choice":"Box","damage_taken":0,"relics_obtained":["Thread and Needle"],"max_hp_gain":0,"max_hp_loss":0,"event_name":"Big Fish","floor":2,"gold_loss":0,"cards_obtained":["Regret"]},{"damage_healed":0,"gold_gain":0,"player_choice":"Lose Max HP","damage_taken":0,"relics_obtained":["Golden Idol"],"max_hp_gain":0,"max_hp_loss":6,"event_name":"Golden Idol","floor":3,"gold_loss":0},{"damage_healed":0,"gold_gain":100,"player_choice":"Gold","damage_taken":0,"max_hp_gain":0,"max_hp_loss":0,"event_name":"Wheel of Change","floor":4,"gold_loss":0},{"damage_healed":0,"gold_gain":90,"player_choice":"POTION GOLD ","damage_taken":21,"max_hp_gain":0,"max_hp_loss":0,"event_name":"Knowing Skull","floor":22,"potions_obtained":["SteroidPotion"],"gold_loss":0,"cards_obtained":[]},{"damage_healed":0,"gold_gain":0,"player_choice":"Upgraded","damage_taken":0,"max_hp_gain":0,"max_hp_loss":0,"event_name":"Upgrade Shrine","floor":37,"gold_loss":0,"cards_upgraded":["Havoc"]},{"damage_healed":0,"gold_gain":0,"player_choice":"Memory 1","damage_taken":0,"max_hp_gain":0,"max_hp_loss":0,"event_name":"SensoryStone","floor":42,"gold_loss":0}],"is_beta":false,"boss_relics":[{"not_picked":["Eternal Feather","Empty Cage"],"picked":"Runic Dome"},{"not_picked":["Calling Bell","Lizard Tail"],"picked":"Black Star"}],"items_purged_floors":[5,25,36,39,48],"is_endless":false,"potions_floor_spawned":[7,11,12,16,18,24,31,35,46],"ascension_level":12}