{"gold_per_floor":[117,117,135,135,135,135,170,14,38,48,48,62,62,91,103,189,201,231,260,286,309,333,345,370,400,412,424,0,0,0],"floor_reached":30,"playtime":1119,"items_purged":["Injury"],"score":449,"play_id":"ab5bf35d-80c5-442c-acf6-2ed1fee85ea0","local_time":"20180908150643","is_ascension_mode":true,"campfire_choices":[{"floor":6.0,"key":"REST"},{"floor":11.0,"key":"REST"},{"data":"Loop","floor":15.0,"key":"SMITH"},{"floor":23,"key":"REST"}],"neow_cost":"CURSE","seed_source_timestamp":0,"circlet_count":0,"master_deck":["Strike_B+1","Strike_B+1","Strike_B+1","Strike_B+1","Defend_B+1","Defend_B+1","Defend_B+1","Defend_B+1","Zap","Dualcast+1","AscendersBane","Coolheaded","Genetic Algorithm+1","Barrage","Loop+1","Defragment","Cold Snap","Electrodynamics","Electrodynamics","Conserve Battery","Leap","Decay"],"special_seed":0,"relics":["Cracked Core","Boot","WarpedTongs","Bottled Flame","Strawberry","MawBank","Busted Crown","Dodecahedron","Runic Capacitor","Symbiotic Virus"],"potions_floor_usage":[22,25,30,30],"damage_taken":[{"damage":0.0,"enemies":"2 Louse","floor":1.0,"turns":2.0},{"damage":2.0,"enemies":"Small Slimes","floor":3.0,"turns":4.0},{"damage":19.0,"enemies":"Lagavulin","floor":7.0,"turns":9.0},{"damage":9.0,"enemies":"Jaw Worm","floor":10.0,"turns":4.0},{"damage":3.0,"enemies":"2 Fungi Beasts","floor":12.0,"turns":5.0},{"damage":9.0,"enemies":"3 Sentries","floor":14.0,"turns":7.0},{"damage":28.0,"enemies":"Hexaghost","floor":16.0,"turns":12.0},{"damage":3,"enemies":"Spheric Guardian","floor":18,"turns":4},{"damage":13,"enemies":"Shell Parasite","floor":19,"turns":4},{"damage":2,"enemies":"Centurion and Healer","floor":20,"turns":5},{"damage":24,"enemies":"Snake Plant","floor":21,"turns":3},{"damage":22,"enemies":"Sentry and Sphere","floor":22,"turns":5},{"damage":0,"enemies":"Chosen and Byrds","floor":24,"turns":6},{"damage":29,"enemies":"Shelled Parasite and Fungi","floor":25,"turns":5},{"damage":9,"enemies":"3 Cultists","floor":30,"turns":3}],"seed_played":"-4910570848737286157","potions_obtained":[{"floor":7.0,"key":"PowerPotion"},{"floor":12.0,"key":"Block Potion"},{"floor":16.0,"key":"Energy Potion"},{"floor":18,"key":"Block Potion"},{"floor":21,"key":"FocusPotion"},{"floor":22,"key":"Weak Potion"},{"floor":25,"key":"Poison Potion"}],"is_trial":false,"path_per_floor":["M","?","M","?","?","R","E","$","T","M","R","M","?","E","R","B",null,"M","M","M","M","M","R","M","M","T","?","$","?"],"character_chosen":"DEFECT","items_purchased":["Loop","Runic Capacitor","Symbiotic Virus"],"campfire_rested":3,"item_purchase_floors":[8,28,28],"current_hp_per_floor":[78,52,50,24,24,49,30,30,37,28,55,52,52,43,43,15,73,70,57,55,31,9,36,36,7,7,7,7,7,0],"gold":0,"neow_bonus":"TWENTY_PERCENT_HP_BONUS","is_prod":false,"is_daily":false,"chose_seed":false,"campfire_upgraded":1,"win_rate":0,"timestamp":1536444403,"path_taken":["M","?","M","?","?","R","E","$","T","?","R","M","?","E","R","BOSS","M","M","M","M","?","R","?","M","T","?","?","?","M"],"build_version":"2018-09-06","purchased_purges":1,"victory":false,"max_hp_per_floor":[85,85,85,85,85,85,85,85,92,92,92,92,92,92,92,92,92,92,92,92,92,92,92,92,92,92,92,92,92,92],"card_choices":[{"not_picked":["Heatsinks","Fusion"],"picked":"Coolheaded","floor":1.0},{"not_picked":["Leap","Coolheaded"],"picked":"Genetic Algorithm","floor":3.0},{"not_picked":["Double Energy","Scrape"],"picked":"Barrage","floor":7.0},{"not_picked":["Streamline","Conserve Battery"],"picked":"Defragment","floor":10.0},{"not_picked":["Chill","Rebound"],"picked":"Cold Snap","floor":12.0},{"not_picked":["Barrage","Steam"],"picked":"Electrodynamics","floor":14.0},{"not_picked":["Machine Learning","Reboot"],"picked":"Electrodynamics","floor":16.0},{"not_picked":["Gash"],"picked":"SKIP","floor":18},{"not_picked":["Scrape"],"picked":"SKIP","floor":19},{"not_picked":["Barrage"],"picked":"SKIP","floor":20},{"not_picked":[],"picked":"Conserve Battery","floor":21},{"not_picked":["Compile Driver"],"picked":"SKIP","floor":22},{"not_picked":[],"picked":"Leap","floor":24},{"not_picked":["Undo"],"picked":"SKIP","floor":25}],"player_experience":823668,"relics_obtained":[{"floor":7.0,"key":"Bottled Flame"},{"floor":9.0,"key":"Strawberry"},{"floor":14.0,"key":"MawBank"},{"floor":26,"key":"Dodecahedron"}],"event_choices":[{"event_name":"Scrap Ooze","player_choice":"success","floor":2.0,"damage_taken":26.0},{"event_name":"Shining Light","player_choice":"Entered Light","floor":4.0,"damage_taken":0.0},{"event_name":"Accursed Blacksmith","player_choice":"Rummage","floor":5.0,"damage_taken":0.0},{"event_name":"Purifier","player_choice":"One Purge","floor":13.0,"damage_taken":0.0},{"event_name":"Back to Basics","player_choice":"Simplicity","floor":27,"damage_taken":0},{"event_name":"Forgotten Altar","player_choice":"Smashed Altar","floor":29,"damage_taken":0}],"is_beta":false,"boss_relics":[{"not_picked":["Philosopher\u0027s Stone","Orrery"],"picked":"Busted Crown"}],"items_purged_floors":[8],"is_endless":false,"potions_floor_spawned":[7,12,16,18,21,22,25],"killed_by":"3 Cultists","ascension_level":15}