{"gold_per_floor":[115,135,9,28,38,38,38,38,63,95,95,95,27,46,46,148,148,167,267,34,52,52,52,64,64,135,135,147,158,192,8,8,105,105,123,123,170,170,181,181,198,225,225,225,236,38,53,70,70,70],"floor_reached":51,"playtime":3321,"items_purged":["Pain","Strike_R"],"score":923,"play_id":"806d6831-dda3-41be-9905-db07b75ebb90","local_time":"20190126225242","is_ascension_mode":true,"campfire_choices":[{"data":"Armaments","floor":6.0,"key":"SMITH"},{"data":"Body Slam","floor":8.0,"key":"SMITH"},{"data":"Clothesline","floor":15.0,"key":"SMITH"},{"data":"Armaments","floor":23.0,"key":"SMITH"},{"data":"Uppercut","floor":27.0,"key":"SMITH"},{"data":"Spot Weakness","floor":32.0,"key":"SMITH"},{"data":"Fiend Fire","floor":40.0,"key":"SMITH"},{"data":"Flex","floor":44.0,"key":"SMITH"},{"floor":49.0,"key":"REST"}],"neow_cost":"NONE","seed_source_timestamp":129783620840943,"circlet_count":0,"master_deck":["Strike_R","Strike_R+1","Strike_R","Strike_R","Defend_R","Defend_R","Defend_R","Defend_R","Bash","Carnage","Body Slam+1","Power Through","Pommel Strike+1","Ghostly Armor","Armaments+1","Corruption+1","Feel No Pain","Clothesline+1","Double Tap","Uppercut+1","Impervious","Blind","Armaments+1","Spot Weakness+1","Flame Barrier","Reckless Charge+1","Shrug It Off","Panacea","Fiend Fire+1","Madness","Madness","Chrysalis","True Grit+1","Flex+1","Shockwave+1","Sentinel"],"special_seed":0,"relics":["Burning Blood","Potion Belt","Mummified Hand","Happy Flower","Darkstone Periapt","Philosopher\u0027s Stone","Magic Flower","Mercury Hourglass","WarpedTongs","Pantograph","MawBank","Eternal Feather","Shovel","Bag of Marbles","Dodecahedron"],"potions_floor_usage":[50,50,50,50],"damage_taken":[{"damage":1.0,"enemies":"Cultist","floor":1.0,"turns":4.0},{"damage":7.0,"enemies":"Jaw Worm","floor":2.0,"turns":2.0},{"damage":4.0,"enemies":"Small Slimes","floor":4.0,"turns":4.0},{"damage":9.0,"enemies":"Blue Slaver","floor":5.0,"turns":5.0},{"damage":12.0,"enemies":"3 Sentries","floor":10.0,"turns":7.0},{"damage":8.0,"enemies":"Exordium Wildlife","floor":14.0,"turns":3.0},{"damage":35.0,"enemies":"The Guardian","floor":16.0,"turns":9.0},{"damage":4.0,"enemies":"Chosen","floor":18.0,"turns":4.0},{"damage":5.0,"enemies":"Colosseum Slavers","floor":19.0,"turns":3.0},{"damage":5.0,"enemies":"Colosseum Nobs","floor":19.0,"turns":4.0},{"damage":0.0,"enemies":"Spheric Guardian","floor":21.0,"turns":3.0},{"damage":14.0,"enemies":"Snake Plant","floor":24.0,"turns":4.0},{"damage":17.0,"enemies":"Sentry and Sphere","floor":28.0,"turns":4.0},{"damage":16.0,"enemies":"Snecko","floor":29.0,"turns":5.0},{"damage":19.0,"enemies":"Slavers","floor":30.0,"turns":5.0},{"damage":65.0,"enemies":"Champ","floor":33.0,"turns":14.0},{"damage":24.0,"enemies":"3 Shapes","floor":35.0,"turns":5.0},{"damage":19.0,"enemies":"2 Orb Walkers","floor":37.0,"turns":5.0},{"damage":42.0,"enemies":"3 Darklings","floor":39.0,"turns":7.0},{"damage":22.0,"enemies":"Transient","floor":41.0,"turns":5.0},{"damage":26.0,"enemies":"Reptomancer","floor":42.0,"turns":10.0},{"damage":17.0,"enemies":"Sphere and 2 Shapes","floor":45.0,"turns":8.0},{"damage":33.0,"enemies":"3 Darklings","floor":47.0,"turns":7.0},{"damage":19.0,"enemies":"Jaw Worm Horde","floor":48.0,"turns":5.0},{"damage":69,"enemies":"Donu and Deca","floor":50,"turns":12}],"seed_played":"-8695860890464598867","potions_obtained":[{"floor":1.0,"key":"Regen Potion"},{"floor":5.0,"key":"FairyPotion"},{"floor":10.0,"key":"Ancient Potion"},{"floor":18.0,"key":"Dexterity Potion"},{"floor":19.0,"key":"Energy Potion"},{"floor":33.0,"key":"SteroidPotion"},{"floor":37.0,"key":"Dexterity Potion"},{"floor":41.0,"key":"SpeedPotion"},{"floor":47.0,"key":"EssenceOfSteel"}],"is_trial":false,"path_per_floor":["M","M","$","M","M","R","T","R","T","E","?","?","$","M","R","B",null,"M","?","$","M","$","R","M","?","T","R","M","M","E","$","R","B",null,"M","?","?","?","M","R","M","E","T","R","M","$","M","M","R","B",null],"character_chosen":"IRONCLAD","items_purchased":["Power Through","Pommel Strike","Feel No Pain","Impervious","Blind","Shrug It Off","Panacea","Strength Potion","Strength Potion"],"campfire_rested":1,"item_purchase_floors":[3,3,13,20,20,31,31,46,46],"current_hp_per_floor":[77,76,76,78,75,75,75,75,75,69,69,53,53,51,51,22,66,68,70,70,79,79,79,74,80,80,80,72,65,55,55,55,30,72,57,46,36,36,21,39,26,33,33,54,46,46,22,12,58,26],"gold":70,"neow_bonus":"RANDOM_COMMON_RELIC","is_prod":false,"is_daily":false,"chose_seed":false,"campfire_upgraded":8,"win_rate":0,"timestamp":1548539562,"path_taken":["M","?","?","M","M","R","?","R","T","E","?","?","$","?","R","BOSS","M","?","$","M","?","R","M","?","T","R","?","M","E","$","R","BOSS","M","?","?","?","?","R","M","E","T","R","M","$","M","M","R","BOSS"],"build_version":"2019-01-23","purchased_purges":2,"victory":true,"max_hp_per_floor":[80,80,80,80,80,80,80,80,80,80,80,80,80,80,80,80,80,80,80,80,80,80,80,80,86,86,86,86,86,86,86,86,86,86,86,86,86,86,86,86,86,86,86,86,86,86,86,86,86,86],"card_choices":[{"not_picked":["Rupture","Warcry"],"picked":"Carnage","floor":1.0},{"not_picked":["Perfected Strike","Searing Blow"],"picked":"Body Slam","floor":2.0},{"not_picked":["Rage","Sword Boomerang"],"picked":"Ghostly Armor","floor":4.0},{"not_picked":["Body Slam","Heavy Blade"],"picked":"Armaments","floor":5.0},{"not_picked":["Fire Breathing","Sentinel"],"picked":"Corruption","floor":10.0},{"not_picked":["Body Slam","Flex"],"picked":"Clothesline","floor":14.0},{"not_picked":["Juggernaut","Reaper"],"picked":"Double Tap","floor":16.0},{"not_picked":["Body Slam","Whirlwind","Heavy Blade"],"picked":"SKIP","floor":18.0},{"not_picked":["Rampage+1","Heavy Blade"],"picked":"Uppercut","floor":19.0},{"not_picked":["Havoc","Cleave"],"picked":"Armaments","floor":21.0},{"not_picked":["Flex","Thunderclap+1","Blood for Blood"],"picked":"SKIP","floor":24.0},{"not_picked":["Iron Wave","Entrench+1"],"picked":"Spot Weakness","floor":28.0},{"not_picked":["Power Through","Metallicize"],"picked":"Flame Barrier","floor":29.0},{"not_picked":["Bloodletting","Wild Strike+1"],"picked":"Reckless Charge+1","floor":30.0},{"not_picked":["Dark Embrace","Brutality"],"picked":"Fiend Fire","floor":33.0},{"not_picked":["Headbutt","Thunderclap","Clash+1"],"picked":"SKIP","floor":35.0},{"not_picked":["Jack Of All Trades","Dramatic Entrance"],"picked":"Chrysalis","floor":38.0},{"not_picked":["Armaments","Havoc+1"],"picked":"True Grit+1","floor":39.0},{"not_picked":["Anger+1","Sword Boomerang+1","Armaments+1"],"picked":"SKIP","floor":41.0},{"not_picked":["Brutality","Battle Trance"],"picked":"Flex","floor":42.0},{"not_picked":["Second Wind","Sever Soul+1","Wild Strike"],"picked":"SKIP","floor":45.0},{"not_picked":["Burning Pact+1","Rage+1"],"picked":"Shockwave+1","floor":47.0},{"not_picked":["Dual Wield","Heavy Blade"],"picked":"Sentinel","floor":48.0}],"player_experience":149776,"relics_obtained":[{"floor":7.0,"key":"Mummified Hand"},{"floor":9.0,"key":"Happy Flower"},{"floor":10.0,"key":"Darkstone Periapt"},{"floor":19.0,"key":"Magic Flower"},{"floor":19.0,"key":"Mercury Hourglass"},{"floor":26.0,"key":"Pantograph"},{"floor":30.0,"key":"MawBank"},{"floor":37.0,"key":"Shovel"},{"floor":42.0,"key":"Bag of Marbles"},{"floor":43.0,"key":"Dodecahedron"}],"event_choices":[{"damage_healed":0.0,"max_hp_gain":0.0,"max_hp_loss":0.0,"gold_gain":0.0,"event_name":"Living Wall","player_choice":"Grow","floor":11.0,"gold_loss":0.0,"damage_taken":0.0,"cards_upgraded":["Corruption"]},{"damage_healed":0.0,"max_hp_gain":0.0,"max_hp_loss":0.0,"gold_gain":0.0,"event_name":"Shining Light","player_choice":"Entered Light","floor":12.0,"gold_loss":0.0,"damage_taken":16.0,"cards_upgraded":["Pommel Strike","Strike_R"]},{"damage_healed":0.0,"max_hp_gain":0.0,"max_hp_loss":0.0,"gold_gain":0.0,"event_name":"Colosseum","player_choice":"Fight","floor":19.0,"gold_loss":0.0,"damage_taken":0.0},{"damage_healed":0.0,"max_hp_gain":0.0,"max_hp_loss":0.0,"gold_gain":0.0,"event_name":"Colosseum","player_choice":"Fled From Nobs","floor":19.0,"gold_loss":0.0,"damage_taken":0.0},{"damage_healed":0.0,"max_hp_gain":0.0,"max_hp_loss":0.0,"gold_gain":0.0,"event_name":"Colosseum","player_choice":"Fought Nobs","floor":19.0,"gold_loss":0.0,"damage_taken":0.0},{"damage_healed":0.0,"max_hp_gain":0.0,"max_hp_loss":0.0,"gold_gain":0.0,"event_name":"Accursed Blacksmith","player_choice":"Rummage","floor":25.0,"gold_loss":0.0,"damage_taken":0.0,"relics_obtained":["WarpedTongs"],"cards_obtained":["Pain"]},{"damage_healed":0.0,"max_hp_gain":0.0,"max_hp_loss":0.0,"gold_gain":0.0,"event_name":"Winding Halls","player_choice":"Embrace Madness","floor":36.0,"gold_loss":0.0,"damage_taken":11.0,"cards_obtained":["Madness","Madness"]},{"damage_healed":0.0,"max_hp_gain":0.0,"max_hp_loss":0.0,"gold_gain":0.0,"event_name":"Mysterious Sphere","player_choice":"Fight","floor":37.0,"gold_loss":0.0,"damage_taken":0.0},{"damage_healed":0.0,"max_hp_gain":0.0,"max_hp_loss":0.0,"gold_gain":0.0,"event_name":"SensoryStone","player_choice":"Memory 1","floor":38.0,"gold_loss":0.0,"damage_taken":0.0}],"is_beta":false,"boss_relics":[{"not_picked":["Lizard Tail","Cursed Key"],"picked":"Philosopher\u0027s Stone"},{"not_picked":["Sozu","Runic Dome"],"picked":"Eternal Feather"}],"items_purged_floors":[31,46],"is_endless":false,"potions_floor_spawned":[1,5,10,18,19,33,35,37,41,47],"ascension_level":7}