{"gold_per_floor":[112,37,47,63,80,105,105,105,131,161,172,183,193,203,203,302,302,312,292,292,307,232,232,55,74,152,163,163,163,180,279,279,381,381,397,202,202,212,0,0,0],"floor_reached":41,"playtime":2868,"items_purged":["Defend_B","Strike_B","FTL"],"score":457,"play_id":"4a7f3ee1-7f41-4909-b5a6-fec7b6d38ba0","local_time":"20180715230439","is_ascension_mode":true,"campfire_choices":[{"data":"Coolheaded","floor":7.0,"key":"SMITH"},{"floor":15,"key":"REST"},{"floor":23,"key":"REST"},{"data":"Scrape","floor":28,"key":"SMITH"},{"data":"Zap","floor":32,"key":"SMITH"},{"data":"Loop","floor":40,"key":"SMITH"}],"neow_cost":"NONE","seed_source_timestamp":0,"circlet_count":0,"master_deck":["Defend_B","Defend_B","Zap+1","Dualcast","Go for the Eyes","Go for the Eyes","Coolheaded+1","Conserve Battery","Streamline","Scrape+1","Leap","Core Surge","Cold Snap","Rebound","Rebound","Conserve Battery+1","Sweeping Beam","Core Surge","Ball Lightning","Cold Snap","Static Discharge+1","Recycle+1","Rebound+1","Doom and Gloom+1","Loop+1"],"special_seed":0,"relics":["Cracked Core","Boot","Blood Vial","Odd Mushroom","Orrery","Pen Nib","Meat on the Bone","Astrolabe","Red Mask"],"potions_floor_usage":[10,16,19,33,33,33,33,41,41],"damage_taken":[{"damage":0.0,"enemies":"Cultist","floor":1.0,"turns":3.0},{"damage":9.0,"enemies":"Jaw Worm","floor":3.0,"turns":2.0},{"damage":0.0,"enemies":"2 Louse","floor":4.0,"turns":2.0},{"damage":3.0,"enemies":"Looter","floor":5.0,"turns":3.0},{"damage":25.0,"enemies":"Gremlin Nob","floor":6.0,"turns":4.0},{"damage":24,"floor":10,"turns":4},{"damage":6,"enemies":"Gremlin Gang","floor":11,"turns":4},{"damage":0,"enemies":"3 Louse","floor":12,"turns":2},{"damage":0,"enemies":"Blue Slaver","floor":13,"turns":2},{"damage":18,"enemies":"Exordium Thugs","floor":14,"turns":4},{"damage":13,"enemies":"The Guardian","floor":16,"turns":14},{"damage":11,"enemies":"3 Byrds","floor":18,"turns":6},{"damage":34,"enemies":"2 Thieves","floor":19,"turns":4},{"damage":13,"enemies":"Chosen and Byrds","floor":21,"turns":7},{"damage":28,"enemies":"Snake Plant","floor":25,"turns":4},{"damage":8,"enemies":"Centurion and Healer","floor":27,"turns":8},{"damage":0,"enemies":"Snecko","floor":30,"turns":4},{"damage":33,"enemies":"Champ","floor":33,"turns":11},{"damage":0,"enemies":"3 Shapes","floor":35,"turns":4},{"damage":4,"enemies":"Orb Walker","floor":38,"turns":3},{"damage":115,"enemies":"Giant Head","floor":41,"turns":9}],"seed_played":"6215851749379260613","potions_obtained":[{"floor":4.0,"key":"LiquidBronze"},{"floor":5.0,"key":"Swift Potion"},{"floor":11,"key":"FearPotion"},{"floor":13,"key":"Regen Potion"},{"floor":25,"key":"EntropicBrew"},{"floor":33,"key":"Swift Potion"},{"floor":38,"key":"Swift Potion"}],"is_trial":false,"path_per_floor":["M","$","M","M","M","E","R","?","T","?","M","M","M","M","R","B",null,"M","M","?","M","?","R","$","M","T","M","R","?","M","?","R","B",null,"M","$","?","M","?","R"],"character_chosen":"DEFECT","items_purchased":["Core Surge","Loop"],"campfire_rested":2,"item_purchase_floors":[24,36],"current_hp_per_floor":[82,82,73,73,70,45,45,45,45,23,19,21,23,7,31,35,82,71,39,39,28,28,52,52,26,26,32,32,24,38,38,38,19,82,82,82,82,78,78,78,0],"gold":0,"neow_bonus":"TEN_PERCENT_HP_BONUS","is_prod":false,"is_daily":false,"chose_seed":false,"campfire_upgraded":4,"win_rate":0,"timestamp":1531721079,"path_taken":["M","?","M","M","M","E","R","?","T","?","M","M","M","?","R","BOSS","M","M","?","M","?","R","$","M","T","M","R","?","M","?","R","BOSS","M","$","?","M","?","R","E"],"build_version":"2018-07-12","purchased_purges":3,"victory":false,"max_hp_per_floor":[82,82,82,82,82,82,82,82,82,82,82,82,82,82,82,82,82,82,82,82,82,82,82,82,82,82,82,82,82,82,82,82,82,82,82,82,82,82,82,82,82],"card_choices":[{"not_picked":["Scrape","Ball Lightning"],"picked":"Go for the Eyes","floor":1.0},{"not_picked":["Gash","Sweeping Beam"],"picked":"Go for the Eyes","floor":3.0},{"not_picked":["Hello World","Coolheaded","Steam"],"picked":"SKIP","floor":4.0},{"not_picked":["Hologram","Redo"],"picked":"Coolheaded","floor":5.0},{"not_picked":["Skim","Hologram","Biased Cognition"],"picked":"SKIP","floor":6.0},{"not_picked":["Streamline","Rebound"],"picked":"Conserve Battery","floor":10},{"not_picked":["Hologram","Storm"],"picked":"Streamline","floor":11},{"not_picked":["Steam","Ball Lightning"],"picked":"Scrape","floor":12},{"not_picked":["Hello World","Barrage"],"picked":"Leap","floor":13},{"not_picked":["Ball Lightning","Capacitor","Reinforced Body"],"picked":"SKIP","floor":14},{"not_picked":["Machine Learning","Fission"],"picked":"Core Surge","floor":16},{"not_picked":["Lockon","Rebound"],"picked":"Cold Snap","floor":17},{"not_picked":["Hello World","Tempest"],"picked":"Rebound","floor":17},{"not_picked":["Hologram","Ball Lightning"],"picked":"Rebound","floor":17},{"not_picked":["Self Repair","Auto Shields"],"picked":"Conserve Battery+1","floor":18},{"not_picked":["Hologram+1","Coolheaded"],"picked":"Sweeping Beam","floor":19},{"not_picked":["Fusion","Stack"],"picked":"FTL","floor":21},{"not_picked":["Undo","Compile Driver"],"picked":"BootSequence","floor":25},{"not_picked":["Undo","Aggregate"],"picked":"Ball Lightning","floor":27},{"not_picked":["Skim","Machine Learning"],"picked":"Cold Snap","floor":30},{"not_picked":["Skim+1","Redo"],"picked":"Doom and Gloom+1","floor":35},{"not_picked":["Hologram+1","Go for the Eyes","Redo+1"],"picked":"SKIP","floor":38}],"player_experience":608967,"relics_obtained":[{"floor":6.0,"key":"Boot"},{"floor":9,"key":"Blood Vial"},{"floor":10,"key":"Odd Mushroom"},{"floor":26,"key":"Meat on the Bone"}],"event_choices":[{"event_name":"Living Wall","player_choice":"Forget","floor":8,"damage_taken":0},{"event_name":"Mushrooms","player_choice":"Fought Mushrooms","floor":10,"damage_taken":0},{"event_name":"Accursed Blacksmith","player_choice":"Rummage","floor":20,"damage_taken":0},{"event_name":"Beggar","player_choice":"Gave Gold","floor":22,"damage_taken":0},{"event_name":"Wheel of Change","player_choice":"Damage","floor":29,"damage_taken":0},{"event_name":"Nest","player_choice":"Stole From Cult","floor":31,"damage_taken":0},{"event_name":"Falling","player_choice":"Removed Skill","floor":37,"damage_taken":0},{"event_name":"Tomb of Lord Red Mask","player_choice":"Paid","floor":39,"damage_taken":0}],"boss_relics":[{"not_picked":["Empty Cage","White Beast Statue"],"picked":"Orrery"},{"not_picked":["Lizard Tail","Pandora\u0027s Box"],"picked":"Astrolabe"}],"items_purged_floors":[2,24,36],"is_endless":false,"potions_floor_spawned":[4,5,11,13,25,33,38],"killed_by":"Giant Head","ascension_level":3}