{"path_per_floor":["M","?","M","?","M","E","M","R","T","E","$","M","R","M","R","B",null,"M","M","$","M","M"],"character_chosen":"THE_SILENT","items_purchased":["Ornamental Fan","Deflect","Underhanded Strike","Infinite Blades"],"gold_per_floor":[117,117,134,209,225,257,274,274,298,328,48,63,63,81,81,176,176,192,208,39,53,73,73],"floor_reached":23,"campfire_rested":2,"playtime":5894,"current_hp_per_floor":[63,63,65,54,53,19,16,37,37,32,32,32,32,34,55,22,58,52,47,47,64,37,0],"items_purged":["Strike_G"],"gold":73,"score":277,"play_id":"41cb401e-55e4-47a8-9548-af970a6da7a6","local_time":"20180421202423","is_prod":false,"is_daily":false,"chose_seed":false,"is_ascension_mode":true,"campfire_upgraded":1,"timestamp":1524367463,"path_taken":["M","?","?","?","?","E","M","R","T","E","$","M","R","?","R","BOSS","M","M","?","M","M","E"],"build_version":"2018-04-19","seed_source_timestamp":115879047723282,"purchased_purges":1,"victory":false,"master_deck":["Defend_G","Defend_G","Defend_G","Defend_G","Defend_G","Survivor","Neutralize","Dagger Throw","Slice","Cloak And Dagger","Tools of the Trade+1","Cloak And Dagger","Backflip","Deflect","Slice","A Thousand Cuts","Deflect+1","Accuracy+1","Underhanded Strike+1","Flying Knee+1","Deflect","Underhanded Strike","Infinite Blades","Cloak And Dagger"],"max_hp_per_floor":[70,70,70,70,70,70,70,70,70,70,70,70,70,70,70,70,70,70,70,70,70,70,70],"relics":["Ring of the Snake","Blood Vial","Bag of Preparation","Snake Skull","Ancient Tea Set","Ornamental Fan","Astrolabe"],"card_choices":[{"not_picked":["Blur","Choke"],"picked":"Dagger Throw","floor":1},{"not_picked":["Cloak And Dagger","Poisoned Stab"],"picked":"Slice","floor":3},{"not_picked":["Dodge and Roll","Eviscerate"],"picked":"Cloak And Dagger","floor":5},{"not_picked":["Dodge and Roll","Expertise"],"picked":"Tools of the Trade","floor":6},{"not_picked":["Outmaneuver","Deadly Poison"],"picked":"Cloak And Dagger","floor":7},{"not_picked":["Distraction","Setup"],"picked":"Backflip","floor":10},{"not_picked":["Flying Knee","Acrobatics"],"picked":"Slice","floor":14},{"not_picked":["Storm of Steel","Glass Knife"],"picked":"A Thousand Cuts","floor":16},{"not_picked":["Bane","Sucker Punch"],"picked":"Flying Knee","floor":18},{"not_picked":["Choke","Sucker Punch"],"picked":"Deflect","floor":19},{"not_picked":["Skewer","Unload"],"picked":"Cloak And Dagger","floor":22}],"player_experience":345364,"potions_floor_usage":[10,16,16,18,21,23,23],"damage_taken":[{"damage":2,"enemies":"2 Louse","floor":1,"turns":3},{"damage":0,"enemies":"Cultist","floor":3,"turns":4},{"damage":3,"enemies":"Jaw Worm","floor":5,"turns":3},{"damage":36,"enemies":"Gremlin Nob","floor":6,"turns":5},{"damage":5,"enemies":"Exordium Wildlife","floor":7,"turns":4},{"damage":7,"enemies":"3 Sentries","floor":10,"turns":6},{"damage":2,"enemies":"Gremlin Gang","floor":12,"turns":8},{"damage":0,"enemies":"Lots of Slimes","floor":14,"turns":5},{"damage":50,"enemies":"The Guardian","floor":16,"turns":19},{"damage":8,"enemies":"Chosen","floor":18,"turns":7},{"damage":7,"enemies":"Spheric Guardian","floor":19,"turns":4},{"damage":0,"enemies":"Centurion and Healer","floor":21,"turns":7},{"damage":29,"enemies":"Slaver and Parasite","floor":22,"turns":8},{"damage":42,"enemies":"Gremlin Leader","floor":23,"turns":4}],"event_choices":[{"event_name":"Wheel of Change","player_choice":"Card Removal","floor":2,"damage_taken":0},{"event_name":"World of Goop","player_choice":"Gather Gold","floor":4,"damage_taken":0}],"boss_relics":[{"not_picked":["Philosopher\u0027s Stone","White Beast Statue"],"picked":"Astrolabe"}],"potions_floor_spawned":[5,6,7,14,16,18,19,22],"seed_played":"-6325543315240859854","killed_by":"Gremlin Leader","ascension_level":7,"is_trial":false}