{"gold_per_floor":[116,216,226,179,199,227,244,256,335,362,362,382,352,362,362,467,467,478,498,523,573,163,163,180,180,180,194,37,57,57,70,70,70],"floor_reached":33,"playtime":4775,"items_purged":["Strike_R"],"score":261,"play_id":"45fa0b3e-ce0d-4c9f-b97d-06d83dc78f4d","local_time":"20180629014053","is_ascension_mode":false,"campfire_choices":[{"floor":15,"key":"REST"},{"data":"Barricade","floor":23,"key":"SMITH"},{"data":"1","floor":25,"key":"LIFT"},{"floor":30,"key":"REST"},{"floor":32,"key":"REST"}],"neow_cost":"","seed_source_timestamp":713354535342521,"circlet_count":0,"master_deck":["Strike_R","Strike_R","Strike_R","Strike_R","Defend_R","Defend_R","Defend_R","Defend_R","Bash","Metallicize","Armaments","Iron Wave","Double Tap","Thunderclap","Metallicize","Flame Barrier","Battle Trance","Whirlwind","Pommel Strike","Perfected Strike","Barricade+1","Iron Wave","Uppercut+1","True Grit+1","Cleave+1","Uppercut","True Grit+1"],"relics":["Burning Blood","Strawberry","Centennial Puzzle","Girya","Blood Vial","Runic Pyramid","Red Mask","Self Forming Clay","Toxic Egg 2","Anchor"],"potions_floor_usage":[6,16,16,19,20,24,29,29,33,33],"damage_taken":[{"damage":5,"enemies":"Small Slimes","floor":1,"turns":3},{"damage":1,"enemies":"Cultist","floor":3,"turns":5},{"damage":7,"enemies":"2 Louse","floor":5,"turns":4},{"damage":59,"enemies":"Gremlin Nob","floor":6,"turns":7},{"damage":10,"enemies":"Exordium Wildlife","floor":7,"turns":5},{"damage":6,"enemies":"Blue Slaver","floor":8,"turns":6},{"damage":12,"enemies":"3 Sentries","floor":10,"turns":11},{"damage":6,"enemies":"Large Slime","floor":12,"turns":10},{"damage":0,"enemies":"Looter","floor":13,"turns":4},{"damage":11,"enemies":"Gremlin Gang","floor":14,"turns":3},{"damage":49,"enemies":"The Guardian","floor":16,"turns":15},{"damage":0,"enemies":"Chosen","floor":18,"turns":11},{"damage":15,"enemies":"Shell Parasite","floor":19,"turns":14},{"damage":57,"floor":20,"turns":8},{"damage":18,"enemies":"Sentry and Sphere","floor":24,"turns":17},{"damage":24,"enemies":"3 Cultists","floor":27,"turns":6},{"damage":12,"enemies":"Centurion and Healer","floor":29,"turns":13},{"damage":27,"enemies":"Sentry and Sphere","floor":31,"turns":14},{"damage":44,"enemies":"Champ","floor":33,"turns":25}],"seed_played":"8142679111499757663","potions_obtained":[{"floor":1,"key":"Energy Potion"},{"floor":8,"key":"Swift Potion"},{"floor":10,"key":"Dexterity Potion"},{"floor":14,"key":"GamblersBrew"},{"floor":16,"key":"AttackPotion"},{"floor":18,"key":"EssenceOfSteel"},{"floor":19,"key":"Weak Potion"},{"floor":29,"key":"FearPotion"},{"floor":31,"key":"Dexterity Potion"}],"is_trial":false,"path_per_floor":["M","?","M","$","M","E","M","M","T","E","?","M","M","M","R","B",null,"M","M","?","?","$","R","M","R","T","M","$","M","R","M","R"],"character_chosen":"IRONCLAD","items_purchased":["Iron Wave","BloodPotion","Self Forming Clay","Anchor"],"campfire_rested":3,"item_purchase_floors":[4,22,22,28],"current_hp_per_floor":[80,80,80,80,79,33,29,29,29,23,23,25,33,30,56,15,87,87,78,29,29,29,29,27,27,27,11,11,7,33,14,40,0],"gold":70,"neow_bonus":"","is_prod":false,"is_daily":false,"chose_seed":false,"campfire_upgraded":1,"win_rate":0.0,"timestamp":1530229253,"path_taken":["M","?","M","$","M","E","M","M","T","E","?","M","M","M","R","BOSS","M","M","?","?","?","R","M","R","T","M","$","M","R","M","R","BOSS"],"build_version":"2018-06-21v2","purchased_purges":1,"victory":false,"max_hp_per_floor":[80,80,80,80,80,87,87,87,87,87,87,87,87,87,87,87,87,87,87,87,87,87,87,87,87,87,87,87,87,87,87,87,87],"card_choices":[{"not_picked":["Armaments","Body Slam"],"picked":"Metallicize","floor":1},{"not_picked":["Burning Pact","Battle Trance"],"picked":"Armaments","floor":3},{"not_picked":["Perfected Strike","Body Slam"],"picked":"Double Tap","floor":5},{"not_picked":["Body Slam","Flex"],"picked":"Thunderclap","floor":6},{"not_picked":["Body Slam","Anger"],"picked":"Metallicize","floor":7},{"not_picked":["Pommel Strike","Clash"],"picked":"Flame Barrier","floor":8},{"not_picked":["Armaments","Double Tap"],"picked":"Battle Trance","floor":10},{"not_picked":["Armaments","Inflame"],"picked":"Whirlwind","floor":12},{"not_picked":["Metallicize","Warcry"],"picked":"Pommel Strike","floor":13},{"not_picked":["Dropkick","Clothesline"],"picked":"Perfected Strike","floor":14},{"not_picked":["Brutality","Dark Embrace"],"picked":"Barricade","floor":16},{"not_picked":["Clash+1","Inflame+1"],"picked":"Iron Wave","floor":18},{"not_picked":["Feel No Pain+1","Perfected Strike"],"picked":"Uppercut+1","floor":19},{"not_picked":["Whirlwind","Blood for Blood"],"picked":"True Grit+1","floor":20},{"not_picked":["Reckless Charge","Twin Strike"],"picked":"Cleave+1","floor":24},{"not_picked":["Brutality","Corruption"],"picked":"Uppercut","floor":27},{"not_picked":["Clothesline","Clash"],"picked":"True Grit+1","floor":29},{"not_picked":["Headbutt+1","Infernal Blade+1","Whirlwind"],"picked":"SKIP","floor":31}],"player_experience":0,"relics_obtained":[{"floor":6,"key":"Strawberry"},{"floor":9,"key":"Centennial Puzzle"},{"floor":10,"key":"Girya"},{"floor":20,"key":"Red Mask"},{"floor":26,"key":"Toxic Egg 2"}],"event_choices":[{"event_name":"Wheel of Change","player_choice":"Gold","floor":2,"damage_taken":0},{"event_name":"Dead Adventurer","player_choice":"Searched \u00271\u0027 times","floor":11,"damage_taken":0},{"event_name":"Masked Bandits","player_choice":"Fought over 498 gold","floor":20,"damage_taken":0},{"event_name":"The Joust","player_choice":"Bet on Murderer","floor":21,"damage_taken":0}],"boss_relics":[{"not_picked":["White Beast Statue","Empty Cage"],"picked":"Runic Pyramid"}],"items_purged_floors":[22],"is_endless":false,"potions_floor_spawned":[1,8,10,14,16,18,19,29,31],"killed_by":"Champ","ascension_level":0}