{"gold_per_floor":[117,117,131,5,19,49,68,68,117,151,116,128,47,79,79,152,152,167,167,8,8,20,20,38,56,56,156,156,73,89,139,139,139],"floor_reached":33,"playtime":1305,"items_purged":["Strike_G"],"score":530,"play_id":"c2f9dd3c-8bad-4087-82c7-e7e4c5c7bec2","local_time":"20190412115848","is_ascension_mode":true,"campfire_choices":[{"data":"Dagger Spray","floor":8.0,"key":"SMITH"},{"data":"Trip","floor":15.0,"key":"SMITH"},{"floor":23.0,"key":"REST"},{"data":"Burst","floor":28,"key":"SMITH"},{"floor":32,"key":"REST"}],"neow_cost":"NONE","seed_source_timestamp":173017335778453,"circlet_count":0,"master_deck":["AscendersBane","Defend_G","Defend_G","Defend_G","Defend_G","Defend_G","Strike_G","Strike_G","Strike_G","Survivor","Neutralize+1","Doppelganger","Dagger Throw","Deflect","Trip+1","Dagger Spray+1","Backstab","Deadly Poison","Tools of the Trade","Predator","Deadly Poison","Burst+1","Leg Sweep","Skewer","Backstab+1","Noxious Fumes+1"],"special_seed":0,"relics":["Ring of the Snake","Singing Bowl","Anchor","Bag of Preparation","Bottled Lightning","Philosopher\u0027s Stone","Paper Crane","Ice Cream","Frozen Egg 2"],"potions_floor_usage":[],"damage_taken":[{"damage":3.0,"enemies":"Small Slimes","floor":1.0,"turns":6.0},{"damage":0.0,"enemies":"2 Louse","floor":3.0,"turns":3.0},{"damage":0.0,"enemies":"Jaw Worm","floor":5.0,"turns":3.0},{"damage":32.0,"enemies":"Lagavulin","floor":6.0,"turns":7.0},{"damage":0.0,"enemies":"Looter","floor":7.0,"turns":2.0},{"damage":12.0,"enemies":"Gremlin Nob","floor":10.0,"turns":4.0},{"damage":4.0,"enemies":"Exordium Thugs","floor":12.0,"turns":4.0},{"damage":11.0,"enemies":"3 Sentries","floor":14.0,"turns":5.0},{"damage":9.0,"enemies":"Slime Boss","floor":16.0,"turns":8.0},{"damage":27.0,"enemies":"Spheric Guardian","floor":18.0,"turns":4.0},{"damage":0.0,"enemies":"Chosen","floor":22.0,"turns":3.0},{"damage":17.0,"enemies":"Snecko","floor":24.0,"turns":6.0},{"damage":3.0,"enemies":"Snake Plant","floor":25.0,"turns":4.0},{"damage":0,"enemies":"Colosseum Slavers","floor":27,"turns":2},{"damage":0,"enemies":"Colosseum Nobs","floor":27,"turns":4},{"damage":15,"enemies":"Sentry and Sphere","floor":30,"turns":6},{"damage":36,"enemies":"Automaton","floor":33,"turns":4}],"seed_played":"9069061730050592576","potions_obtained":[{"floor":3.0,"key":"Block Potion"},{"floor":5.0,"key":"GhostInAJar"},{"floor":6.0,"key":"Dexterity Potion"},{"floor":10.0,"key":"Swift Potion"},{"floor":14.0,"key":"Fire Potion"},{"floor":24.0,"key":"FearPotion"},{"floor":27,"key":"GhostInAJar"}],"is_trial":false,"path_per_floor":["M","?","M","$","M","E","M","R","T","E","?","M","$","E","R","B",null,"M","?","$","?","M","R","M","M","T","?","R","$","M","?","R","B"],"character_chosen":"THE_SILENT","items_purchased":["Trip","Dagger Spray","GhostInAJar","Regen Potion","Noxious Fumes+1"],"campfire_rested":2,"item_purchase_floors":[4,4,13,20,29],"current_hp_per_floor":[56,56,56,56,56,24,24,24,24,12,28,26,26,15,15,6,53,28,28,28,8,20,42,25,24,24,24,24,24,11,11,34,0],"gold":139,"neow_bonus":"ONE_RANDOM_RARE_CARD","is_prod":false,"is_daily":false,"chose_seed":false,"campfire_upgraded":3,"win_rate":0,"timestamp":1555063128,"path_taken":["M","?","M","$","M","E","M","R","T","E","?","M","?","E","R","BOSS","M","?","?","?","M","R","M","M","T","?","R","$","?","?","R","BOSS"],"build_version":"2019-01-23","purchased_purges":1,"victory":false,"max_hp_per_floor":[66,66,66,66,66,66,66,66,66,66,66,68,68,68,68,68,68,70,70,70,75,75,75,75,77,77,77,77,77,79,79,79,79],"card_choices":[{"not_picked":["Backflip","Bane"],"picked":"Dagger Throw","floor":1.0},{"not_picked":["Blade Dance","Underhanded Strike"],"picked":"Deflect","floor":3.0},{"not_picked":["Blade Dance","Escape Plan"],"picked":"Backstab","floor":5.0},{"not_picked":["Setup","Blade Dance"],"picked":"Deadly Poison","floor":6.0},{"not_picked":["Slice","Deadly Poison"],"picked":"Tools of the Trade","floor":7.0},{"not_picked":["Blade Dance","Backflip"],"picked":"Predator","floor":10.0},{"not_picked":["Prepared","Expertise","Dagger Spray"],"picked":"Singing Bowl","floor":12.0},{"not_picked":["Slice","Dagger Throw"],"picked":"Deadly Poison","floor":14.0},{"not_picked":["Phantasmal Killer","Adrenaline"],"picked":"Burst","floor":16.0},{"not_picked":["Deflect","Quick Slash+1","Outmaneuver"],"picked":"Singing Bowl","floor":18.0},{"not_picked":["All Out Attack","Sucker Punch"],"picked":"Leg Sweep","floor":22.0},{"not_picked":["Dagger Throw","Dodge and Roll"],"picked":"Skewer","floor":24.0},{"not_picked":["Deadly Poison","Cloak And Dagger","Infinite Blades"],"picked":"Singing Bowl","floor":25.0},{"not_picked":["Doppelganger","Finisher+1"],"picked":"Backstab+1","floor":27},{"not_picked":["Bane","Dodge and Roll","Poisoned Stab"],"picked":"Singing Bowl","floor":30}],"player_experience":598817,"relics_obtained":[{"floor":6.0,"key":"Singing Bowl"},{"floor":9.0,"key":"Anchor"},{"floor":10.0,"key":"Bag of Preparation"},{"floor":14.0,"key":"Bottled Lightning"},{"floor":26.0,"key":"Paper Crane"},{"floor":27,"key":"Ice Cream"},{"floor":27,"key":"Frozen Egg 2"}],"event_choices":[{"damage_healed":0.0,"max_hp_gain":0.0,"max_hp_loss":0.0,"gold_gain":0.0,"event_name":"Living Wall","player_choice":"Grow","floor":2.0,"gold_loss":0.0,"damage_taken":0.0,"cards_upgraded":["Neutralize"]},{"damage_healed":16.0,"max_hp_gain":0.0,"max_hp_loss":0.0,"gold_gain":0.0,"event_name":"The Cleric","player_choice":"Healed","floor":11.0,"gold_loss":35.0,"damage_taken":0.0},{"cards_removed":["Strike_G"],"damage_healed":0.0,"max_hp_gain":0.0,"max_hp_loss":0.0,"gold_gain":0.0,"event_name":"Purifier","player_choice":"Purged","floor":19.0,"gold_loss":0.0,"damage_taken":0.0},{"damage_healed":0.0,"max_hp_gain":5.0,"max_hp_loss":0.0,"gold_gain":0.0,"event_name":"Forgotten Altar","player_choice":"Shed Blood","floor":21.0,"gold_loss":0.0,"damage_taken":25.0},{"damage_healed":0,"gold_gain":0,"player_choice":"Fight","damage_taken":0,"max_hp_gain":0,"max_hp_loss":0,"event_name":"Colosseum","floor":27,"gold_loss":0},{"damage_healed":0,"gold_gain":0,"player_choice":"Fought Nobs","damage_taken":0,"max_hp_gain":0,"max_hp_loss":0,"event_name":"Colosseum","floor":27,"gold_loss":0},{"damage_healed":0,"gold_gain":50,"player_choice":"Stole From Cult","damage_taken":0,"max_hp_gain":0,"max_hp_loss":0,"event_name":"Nest","floor":31,"gold_loss":0}],"is_beta":false,"boss_relics":[{"not_picked":["WristBlade","Tiny House"],"picked":"Philosopher\u0027s Stone"}],"items_purged_floors":[20],"is_endless":false,"potions_floor_spawned":[3,5,6,10,14,24,27],"killed_by":"Automaton","ascension_level":20}