{"gold_per_floor":[118,43,43,43,61,61,105,32,32,32,48,82,82,122,122,247,247,238,238,238,238,238,238,267,279,314,326],"floor_reached":27,"playtime":1386,"items_purged":["Shame"],"score":255,"play_id":"acf24da9-ace4-427f-b29d-bb83e8ac9609","local_time":"20180906235013","is_ascension_mode":true,"campfire_choices":[{"data":"Inflame","floor":6,"key":"SMITH"},{"data":"Flame Barrier","floor":10,"key":"SMITH"},{"floor":13,"key":"DIG"},{"floor":15,"key":"REST"},{"floor":23,"key":"DIG"},{"floor":25,"key":"DIG"}],"neow_cost":"CURSE","seed_source_timestamp":53379862928896,"circlet_count":0,"master_deck":["Strike_R","Defend_R","Defend_R","Defend_R","Defend_R","Bash","Intimidate+1","Inflame+1","Flex+1","Spot Weakness","Flame Barrier+1","Sword Boomerang","Feed","Juggernaut+1","Ghostly Armor","Disarm","Pain","Dark Embrace+1"],"relics":["Burning Blood","Bloody Idol","Frozen Egg 2","Shovel","Potion Belt","Juzu Bracelet","Magic Flower","Empty Cage","WarpedTongs","Pear","MawBank","Omamori","Centennial Puzzle"],"potions_floor_usage":[7,11,12,24,27],"damage_taken":[{"damage":2,"enemies":"Small Slimes","floor":1,"turns":4},{"damage":8,"enemies":"Jaw Worm","floor":5,"turns":2},{"damage":21,"enemies":"Lagavulin","floor":7,"turns":7},{"damage":0,"enemies":"2 Louse","floor":11,"turns":2},{"damage":21,"enemies":"Gremlin Nob","floor":12,"turns":5},{"damage":26,"enemies":"3 Sentries","floor":14,"turns":6},{"damage":26,"enemies":"The Guardian","floor":16,"turns":9},{"damage":10,"enemies":"2 Thieves","floor":18,"turns":4},{"damage":20,"enemies":"Book of Stabbing","floor":24,"turns":7},{"damage":98,"enemies":"Gremlin Leader","floor":27,"turns":8}],"seed_played":"-7138083477779364641","potions_obtained":[{"floor":5,"key":"EntropicBrew"},{"floor":12,"key":"Dexterity Potion"},{"floor":16,"key":"Ancient Potion"},{"floor":18,"key":"Fire Potion"}],"is_trial":false,"path_per_floor":["M","$","?","?","M","R","E","$","T","R","M","E","R","E","R","B",null,"M","?","?","?","?","R","E","R","T"],"character_chosen":"IRONCLAD","items_purchased":["Flame Barrier"],"campfire_rested":1,"item_purchase_floors":[8],"current_hp_per_floor":[80,80,80,60,58,58,43,43,43,43,49,34,34,14,38,21,80,83,83,83,83,83,93,87,92,93,0],"gold":326,"neow_bonus":"TRANSFORM_TWO_CARDS","is_prod":false,"is_daily":false,"chose_seed":false,"campfire_upgraded":2,"win_rate":0,"timestamp":1536295813,"path_taken":["M","$","?","?","?","R","E","?","T","R","M","E","R","E","R","BOSS","M","?","?","?","?","R","E","R","T","E"],"build_version":"2018-09-06","purchased_purges":1,"victory":false,"max_hp_per_floor":[80,80,80,80,80,80,80,80,80,80,80,80,80,80,80,80,80,83,83,83,83,83,93,93,93,93,93],"card_choices":[{"not_picked":["Perfected Strike","Second Wind"],"picked":"Flex","floor":1},{"not_picked":["Corruption","Infernal Blade"],"picked":"Blood for Blood","floor":5},{"not_picked":["Sever Soul","Havoc"],"picked":"Spot Weakness","floor":7},{"not_picked":["Dropkick","Reckless Charge","Rage"],"picked":"SKIP","floor":11},{"not_picked":["Intimidate","Anger"],"picked":"Sword Boomerang","floor":12},{"not_picked":["Spot Weakness","Clothesline"],"picked":"Feed","floor":14},{"not_picked":["Bludgeon","Impervious"],"picked":"Juggernaut+1","floor":16},{"not_picked":["Rampage","Anger"],"picked":"Ghostly Armor","floor":18},{"not_picked":["Disarm","Headbutt"],"picked":"Dark Embrace+1","floor":24}],"player_experience":398412,"relics_obtained":[{"floor":7,"key":"Frozen Egg 2"},{"floor":9,"key":"Shovel"},{"floor":12,"key":"Potion Belt"},{"floor":13,"key":"Juzu Bracelet"},{"floor":14,"key":"Magic Flower"},{"floor":23,"key":"Pear"},{"floor":24,"key":"MawBank"},{"floor":25,"key":"Omamori"},{"floor":26,"key":"Centennial Puzzle"}],"event_choices":[{"event_name":"Living Wall","player_choice":"Grow","floor":3,"damage_taken":0},{"event_name":"Golden Idol","player_choice":"Take Damage","floor":4,"damage_taken":0},{"event_name":"Transmorgrifier","player_choice":"Transform","floor":19,"damage_taken":0},{"event_name":"Upgrade Shrine","player_choice":"Upgraded","floor":20,"damage_taken":0},{"event_name":"Accursed Blacksmith","player_choice":"Rummage","floor":21,"damage_taken":0},{"event_name":"Forgotten Altar","player_choice":"Gave Idol","floor":22,"damage_taken":0}],"is_beta":false,"boss_relics":[{"not_picked":["Lizard Tail","Snecko Eye"],"picked":"Empty Cage"}],"items_purged_floors":[2],"is_endless":false,"potions_floor_spawned":[5,12,16,18],"killed_by":"Gremlin Leader","ascension_level":1}