{"gold_per_floor":[115,115,41,41,52,85,85,118,141,156,168,197,197,197,197,273,273,287,287,487,499,517,517,545,545,545,560,140,150,150],"floor_reached":30,"playtime":1415,"items_purged":["Strike_G"],"score":561,"play_id":"19056452-1dc9-48cf-b20d-b22b594e84b1","local_time":"20190205124242","is_ascension_mode":true,"campfire_choices":[{"data":"Noxious Fumes","floor":7.0,"key":"SMITH"},{"floor":13,"key":"REST"},{"floor":15,"key":"REST"},{"floor":23,"key":"REST"},{"floor":25,"key":"REST"}],"neow_cost":"NONE","seed_source_timestamp":5241301885817,"circlet_count":0,"master_deck":["AscendersBane","Defend_G","Defend_G","Defend_G","Defend_G","Strike_G","Strike_G+1","Strike_G","Strike_G+1","Survivor","Neutralize","Backflip","Noxious Fumes+1","Crippling Poison","Backflip","After Image","Adrenaline","Footwork","Venomology","Predator","Noxious Fumes","Escape Plan","Sadistic Nature","Leg Sweep"],"special_seed":0,"relics":["Ring of the Snake","NeowsBlessing","Whetstone","PreservedInsect","Regal Pillow","Smiling Mask","Oddly Smooth Stone","Philosopher\u0027s Stone","Pantograph","Blue Candle","Strawberry"],"potions_floor_usage":[16,18,19,19,22,22,22,24,29,30],"damage_taken":[{"damage":0.0,"enemies":"Small Slimes","floor":1.0,"turns":1.0},{"damage":0.0,"enemies":"Cultist","floor":5.0,"turns":1.0},{"damage":0.0,"enemies":"Gremlin Nob","floor":6.0,"turns":1.0},{"damage":24.0,"enemies":"Lagavulin","floor":8.0,"turns":10.0},{"damage":3.0,"enemies":"2 Louse","floor":10.0,"turns":3.0},{"damage":0.0,"enemies":"Blue Slaver","floor":11.0,"turns":5.0},{"damage":25,"enemies":"Gremlin Nob","floor":12,"turns":4},{"damage":32,"enemies":"Slime Boss","floor":16,"turns":15},{"damage":0,"enemies":"Spheric Guardian","floor":18,"turns":7},{"damage":0,"enemies":"Chosen","floor":19,"turns":3},{"damage":8,"enemies":"Snake Plant","floor":21,"turns":7},{"damage":25,"enemies":"Cultist and Chosen","floor":22,"turns":7},{"damage":51,"enemies":"Slavers","floor":24,"turns":5},{"damage":11,"enemies":"Snecko","floor":27,"turns":7},{"damage":11,"enemies":"Snake Plant","floor":29,"turns":5},{"damage":38,"enemies":"3 Cultists","floor":30,"turns":5}],"seed_played":"-6955350471783886696","potions_obtained":[{"floor":5.0,"key":"LiquidBronze"},{"floor":6.0,"key":"Swift Potion"},{"floor":16,"key":"SmokeBomb"},{"floor":21,"key":"SkillPotion"}],"is_trial":false,"path_per_floor":["M","?","$","$","M","E","R","E","T","M","M","E","R","?","R","B",null,"M","M","?","M","M","R","E","R","T","M","$","M","M"],"character_chosen":"THE_SILENT","items_purchased":["Noxious Fumes","Sadistic Nature","Strawberry"],"campfire_rested":4,"item_purchase_floors":[3,28,28],"current_hp_per_floor":[59,59,59,59,59,59,59,35,35,32,32,7,41,15,49,17,54,54,54,54,46,21,55,4,38,38,27,34,23,0],"gold":150,"neow_bonus":"THREE_ENEMY_KILL","is_prod":false,"is_daily":false,"chose_seed":false,"campfire_upgraded":1,"win_rate":0,"timestamp":1549399362,"path_taken":["M","?","?","$","M","E","R","E","T","M","M","E","R","?","R","BOSS","M","M","?","M","M","R","E","R","T","?","$","M","M"],"build_version":"2019-01-23","purchased_purges":1,"victory":false,"max_hp_per_floor":[66,66,66,66,66,66,66,66,66,66,66,66,66,66,66,66,66,66,66,66,66,66,66,66,66,66,66,73,73,73],"card_choices":[{"not_picked":["Setup","Dagger Spray"],"picked":"Backflip","floor":1.0},{"not_picked":["Underhanded Strike","Blade Dance"],"picked":"Crippling Poison","floor":5.0},{"not_picked":["Poisoned Stab","Prepared"],"picked":"Backflip","floor":6.0},{"not_picked":["Sucker Punch","Distraction"],"picked":"After Image","floor":8.0},{"not_picked":["Tactician","Reflex","Dodge and Roll"],"picked":"SKIP","floor":10.0},{"not_picked":["Tactician","Poisoned Stab"],"picked":"Adrenaline","floor":11.0},{"not_picked":["Sucker Punch","Skewer"],"picked":"Footwork","floor":12},{"not_picked":["Night Terror","A Thousand Cuts"],"picked":"Venomology","floor":16},{"not_picked":["Concentrate","Dagger Spray","Choke"],"picked":"SKIP","floor":18},{"not_picked":["Choke","Dagger Spray"],"picked":"Predator","floor":21},{"not_picked":["Outmaneuver","PiercingWail+1"],"picked":"Noxious Fumes","floor":22},{"not_picked":["Poisoned Stab","Slice"],"picked":"Escape Plan","floor":24},{"not_picked":["Blade Dance","Quick Slash","PiercingWail"],"picked":"SKIP","floor":27},{"not_picked":["Deadly Poison","Die Die Die"],"picked":"Leg Sweep","floor":29}],"player_experience":1204614,"relics_obtained":[{"floor":6.0,"key":"Whetstone"},{"floor":8.0,"key":"PreservedInsect"},{"floor":9.0,"key":"Regal Pillow"},{"floor":12,"key":"Smiling Mask"},{"floor":24,"key":"Pantograph"},{"floor":26,"key":"Blue Candle"}],"event_choices":[{"cards_removed":["Defend_G"],"damage_healed":0.0,"max_hp_gain":0.0,"max_hp_loss":0.0,"gold_gain":0.0,"event_name":"Bonfire Elementals","player_choice":"Offered Basic","floor":2.0,"gold_loss":0.0,"damage_taken":0.0},{"damage_healed":0,"gold_gain":0,"player_choice":"Success","damage_taken":26,"relics_obtained":["Oddly Smooth Stone"],"max_hp_gain":0,"max_hp_loss":0,"event_name":"Scrap Ooze","floor":14,"gold_loss":0},{"damage_healed":0,"gold_gain":250,"player_choice":"Bet on Owner","damage_taken":0,"max_hp_gain":0,"max_hp_loss":0,"event_name":"The Joust","floor":20,"gold_loss":50}],"is_beta":false,"boss_relics":[{"not_picked":["Empty Cage","Coffee Dripper"],"picked":"Philosopher\u0027s Stone"}],"items_purged_floors":[28],"is_endless":false,"potions_floor_spawned":[5,6,16,19,21],"killed_by":"3 Cultists","ascension_level":18}