{"path_per_floor":["M","M","?","?","M","R","E","M","T","R","M","$","R","M","R","B",null,"M","$","M","?","M","E","R","E","T","E","M","M","$","M","R","B",null,"M","$","M","M","?","R","E","M","T","M","M","E","R","?","R"],"character_chosen":"THE_SILENT","items_purchased":["Cloak And Dagger","Flying Knee","Regen Potion","Bandage Up","Cloak And Dagger"],"gold_per_floor":[114,133,113,113,128,128,155,170,194,194,210,83,83,98,98,196,196,208,86,98,98,112,137,137,165,165,190,203,218,63,73,73,175,175,192,43,56,71,0,0,25,45,45,65,81,110,110,110,110],"floor_reached":50,"campfire_rested":5,"playtime":7134,"current_hp_per_floor":[35,35,35,35,35,56,34,32,39,39,39,39,39,39,62,57,77,77,77,70,70,49,39,39,23,23,22,22,2,2,20,43,45,77,77,77,76,76,76,76,70,61,61,44,36,23,46,46,69],"items_purged":["Strike_G","Strike_G","Normality"],"gold":110,"score":717,"play_id":"58bf41bf-967b-4c6e-b4fb-b271aaa18b0c","local_time":"20180319211858","is_prod":false,"is_daily":false,"is_ascension_mode":false,"campfire_upgraded":4,"timestamp":1521519538,"path_taken":["M","M","?","?","M","R","E","?","T","R","M","?","R","?","R","BOSS","M","?","M","?","M","E","R","E","T","E","M","M","$","M","R","BOSS","M","$","M","M","?","R","E","?","T","M","M","E","R","?","R","BOSS"],"build_version":"2018-03-15v3","purchased_purges":5,"victory":false,"master_deck":["Defend_G+1","Defend_G+1","Defend_G+1","Defend_G+1","Defend_G+1","Strike_G+1","Strike_G+1","Survivor","Neutralize+1","Flying Knee","Backflip+1","Prepared+1","Quick Slash","Cloak And Dagger+1","Cloak And Dagger+1","Quick Slash","Die Die Die","Footwork+1","Flying Knee","Deflect+1","Deflect+1","After Image","Infinite Blades+1","Regret","Accuracy+1","Footwork+1","Bandage Up+1","Burst+1","Parasite","Doubt","Cloak And Dagger+1","Cloak And Dagger+1","Envenom","After Image","Pain","Accuracy","Cloak And Dagger+1","Normality","Cloak And Dagger+1"],"max_hp_per_floor":[70,70,70,70,70,70,70,70,77,77,77,77,77,77,77,77,77,77,77,77,77,77,77,77,77,77,77,77,77,77,77,77,77,77,77,77,77,77,77,77,77,77,77,77,77,77,77,77,77],"relics":["Ring of the Snake","Sundial","Toxic Egg 2","Strawberry","Cursed Key","Bronze Scales","Anchor","Ginger","Dream Catcher","Calling Bell","Gremlin Horn","Ninja Scroll","Toolbox","Red Mask","Orichalcum","Frozen Eye","Bag of Marbles","Meat on the Bone"],"card_choices":[{"not_picked":["Underhanded Strike","Eviscerate"],"picked":"Flying Knee"},{"not_picked":["Blur","Poisoned Stab"],"picked":"Backflip"},{"not_picked":["Accuracy","Reflex"],"picked":"Prepared"},{"not_picked":["Poisoned Stab","Acrobatics"],"picked":"Quick Slash"},{"not_picked":["Backflip","Accuracy"],"picked":"Cloak And Dagger"},{"not_picked":["Bane","Sucker Punch"],"picked":"Quick Slash"},{"not_picked":["Bullet Time","Wraith Form"],"picked":"Die Die Die"},{"not_picked":["Sucker Punch","Predator"],"picked":"Footwork"},{"not_picked":["Outmaneuver","Dagger Spray"],"picked":"Deflect"},{"not_picked":["Quick Slash","PiercingWail"],"picked":"Deflect"},{"not_picked":["Flying Knee","Sucker Punch"],"picked":"After Image"},{"not_picked":["Deflect","Flying Knee"],"picked":"Infinite Blades"},{"not_picked":["Caltrops","Riddle With Holes"],"picked":"Accuracy"},{"not_picked":["Dagger Throw","All Out Attack"],"picked":"Footwork"},{"not_picked":["Glass Knife","Phantasmal Killer"],"picked":"Burst"},{"not_picked":["Poisoned Stab","Outmaneuver"],"picked":"Cloak And Dagger"},{"not_picked":["Slice","Cloak And Dagger"],"picked":"Envenom"},{"not_picked":["Dash","Flying Knee"],"picked":"After Image"},{"not_picked":["Bane","Deadly Poison"],"picked":"Accuracy"},{"not_picked":["Flying Knee","Prepared"],"picked":"Cloak And Dagger"},{"not_picked":["Blur","PiercingWail"],"picked":"Cloak And Dagger"}],"player_experience":122689,"potions_floor_usage":[7,16,20,23,31,33,45,46,50,50,50],"damage_taken":[{"damage":0,"enemies":"Small Slimes","floor":1,"turns":4},{"damage":0,"enemies":"Cultist","floor":2,"turns":5},{"damage":0,"enemies":"2 Louse","floor":5,"turns":3},{"damage":22,"enemies":"3 Sentries","floor":7,"turns":10},{"damage":2,"enemies":"Large Slime","floor":8,"turns":10},{"damage":0,"enemies":"Red Slaver","floor":11,"turns":6},{"damage":0,"enemies":"Exordium Thugs","floor":14,"turns":4},{"damage":5,"enemies":"The Guardian","floor":16,"turns":14},{"damage":0,"enemies":"Chosen","floor":18,"turns":6},{"damage":7,"enemies":"2 Thieves","floor":20,"turns":3},{"damage":21,"enemies":"Cultist and Chosen","floor":22,"turns":9},{"damage":10,"enemies":"Slavers","floor":23,"turns":10},{"damage":16,"enemies":"Gremlin Leader","floor":25,"turns":7},{"damage":1,"enemies":"Book of Stabbing","floor":27,"turns":6},{"damage":0,"enemies":"3 Cultists","floor":28,"turns":5},{"damage":20,"enemies":"Chosen and Byrds","floor":29,"turns":7},{"damage":3,"enemies":"Centurion and Healer","floor":31,"turns":9},{"damage":4,"enemies":"Automaton","floor":33,"turns":10},{"damage":0,"enemies":"3 Shapes","floor":35,"turns":2},{"damage":1,"enemies":"Orb Walker","floor":37,"turns":4},{"damage":0,"enemies":"3 Darklings","floor":38,"turns":4},{"damage":7,"enemies":"Giant Head","floor":41,"turns":8},{"damage":15,"enemies":"4 Shapes","floor":42,"turns":6},{"damage":23,"enemies":"Maw","floor":44,"turns":10},{"damage":14,"enemies":"Sphere and 2 Shapes","floor":45,"turns":7},{"damage":19,"enemies":"2 Orb Walkers","floor":46,"turns":7},{"damage":80,"enemies":"Time Eater","floor":50,"turns":6}],"event_choices":[{"event_name":"The Woman in Blue","player_choice":"Bought 1 Potion","floor":3,"damage_taken":0},{"event_name":"Purifier","player_choice":"One Purge","floor":4,"damage_taken":0},{"event_name":"Back to Basics","player_choice":"Simplicity","floor":21,"damage_taken":0},{"event_name":"Tomb of Lord Red Mask","player_choice":"Paid","floor":39,"damage_taken":0},{"event_name":"Accursed Blacksmith","player_choice":"Rummage","floor":48,"damage_taken":0}],"boss_relics":[{"not_picked":["Tiny House","Astrolabe"],"picked":"Cursed Key"},{"not_picked":["White Beast Statue","Pandora\u0027s Box"],"picked":"Calling Bell"}],"potions_floor_spawned":[1,8,11,14,16,18,25,27,33,37,45,46],"seed_played":"4400873308643861204","killed_by":"Time Eater","ascension_level":0,"is_trial":false}