{"gold_per_floor":[116,266,280,290,303,303,330,330,330,8,8,25,50,70,70,143,143,163,231,282,300,114,114,164,164,164,182,208,223,251,265,265,340,340,359,359,359,359,9,39,53,53,102,114,114,114,114,132,132,132],"floor_reached":51,"playtime":2608,"items_purged":["Doubt","Strike_G"],"score":1261,"play_id":"47df6041-2840-4b7d-b5de-aa03c42b61aa","local_time":"20180827230859","is_ascension_mode":true,"campfire_choices":[{"data":"Neutralize","floor":6.0,"key":"SMITH"},{"data":"Dodge and Roll","floor":8.0,"key":"SMITH"},{"data":"Bouncing Flask","floor":15.0,"key":"SMITH"},{"data":"Footwork","floor":23.0,"key":"SMITH"},{"data":"Die Die Die","floor":25.0,"key":"SMITH"},{"data":"Malaise","floor":32.0,"key":"SMITH"},{"floor":40,"key":"DIG"},{"floor":42,"key":"DIG"},{"floor":45,"key":"DIG"},{"floor":47,"key":"DIG"},{"floor":49,"key":"DIG"}],"neow_cost":"NONE","seed_source_timestamp":0,"circlet_count":0,"master_deck":["Defend_G+1","Defend_G+1","Defend_G+1","Defend_G+1","Defend_G+1","Strike_G+1","Strike_G+1","Strike_G+1","Strike_G+1","Survivor+1","Neutralize+1","AscendersBane","Deadly Poison+1","Cloak And Dagger+1","Backstab+1","Dodge and Roll+1","PiercingWail+1","Blur+1","Poisoned Stab+1","Escape Plan+1","Bouncing Flask+1","Die Die Die+1","Backflip+1","Catalyst+1","Footwork+1","Dash+1","Footwork+1","Malaise+1","Adrenaline+1","Deadly Poison+1","Writhe","Deadly Poison"],"special_seed":0,"relics":["Ring of the Serpent","Pear","Ninja Scroll","Lantern","Letter Opener","Meat on the Bone","Vajra","Bottled Tornado","Dead Branch","Bag of Preparation","Cursed Key","Mark of the Bloom","Shovel","Tiny Chest","Omamori","Dream Catcher","Bird Faced Urn","Boot","Mango"],"potions_floor_usage":[50,50,50],"damage_taken":[{"damage":1.0,"enemies":"Small Slimes","floor":1.0,"turns":5.0},{"damage":0.0,"enemies":"Jaw Worm","floor":3.0,"turns":5.0},{"damage":0.0,"enemies":"Cultist","floor":4.0,"turns":4.0},{"damage":10.0,"enemies":"Looter","floor":5.0,"turns":4.0},{"damage":17.0,"enemies":"Gremlin Nob","floor":7.0,"turns":4.0},{"damage":0.0,"enemies":"Large Slime","floor":12.0,"turns":6.0},{"damage":13.0,"enemies":"Lagavulin","floor":13.0,"turns":6.0},{"damage":0.0,"enemies":"Red Slaver","floor":14.0,"turns":2.0},{"damage":2.0,"enemies":"The Guardian","floor":16.0,"turns":7.0},{"damage":2.0,"enemies":"Shell Parasite","floor":18.0,"turns":5.0},{"damage":0.0,"enemies":"3 Byrds","floor":21.0,"turns":5.0},{"damage":6.0,"enemies":"Cultist and Chosen","floor":27.0,"turns":5.0},{"damage":18.0,"enemies":"Slavers","floor":28.0,"turns":7.0},{"damage":4.0,"enemies":"Centurion and Healer","floor":29.0,"turns":6.0},{"damage":25.0,"enemies":"Gremlin Leader","floor":30.0,"turns":6.0},{"damage":0.0,"enemies":"Snake Plant","floor":31.0,"turns":4.0},{"damage":45.0,"enemies":"Collector","floor":33.0,"turns":11.0},{"damage":0.0,"enemies":"Orb Walker","floor":35.0,"turns":3.0},{"damage":8,"enemies":"3 Darklings","floor":41,"turns":3},{"damage":0,"enemies":"Sphere and 2 Shapes","floor":44,"turns":3},{"damage":6,"enemies":"Flame Bruiser 2 Orb","floor":48,"turns":4},{"damage":38,"enemies":"Time Eater","floor":50,"turns":15}],"seed_played":"8487181452940573679","potions_obtained":[{"floor":3.0,"key":"SteroidPotion"},{"floor":12.0,"key":"SpeedPotion"},{"floor":13.0,"key":"Poison Potion"},{"floor":16.0,"key":"Dexterity Potion"},{"floor":27.0,"key":"FearPotion"},{"floor":28.0,"key":"Weak Potion"},{"floor":41,"key":"Ancient Potion"}],"is_trial":false,"path_per_floor":["M","?","M","M","M","R","E","R","T","$","?","M","E","M","R","B",null,"M","T","T","M","$","R","?","R","T","M","E","M","E","M","R","B",null,"M","?","?","?","$","R","M","R","T","M","R","?","R","M","R","B"],"character_chosen":"THE_SILENT","items_purchased":["Lantern","Blur","Footwork","Shovel"],"campfire_rested":0,"item_purchase_floors":[10,10,22,39],"current_hp_per_floor":[64,64,64,64,54,54,47,47,47,47,47,47,34,34,34,32,70,68,68,68,68,68,68,68,68,68,62,44,52,39,51,51,18,66,66,66,66,66,66,66,58,58,58,58,58,58,58,52,52,14],"gold":132,"neow_bonus":"TEN_PERCENT_HP_BONUS","is_prod":false,"is_daily":false,"chose_seed":false,"campfire_upgraded":6,"win_rate":0,"timestamp":1535436539,"path_taken":["M","?","M","M","?","R","E","R","T","$","?","M","E","M","R","BOSS","M","?","?","M","?","R","?","R","T","?","E","M","E","M","R","BOSS","M","?","?","?","?","R","?","R","T","M","R","?","R","?","R","BOSS"],"build_version":"2018-08-23v2","purchased_purges":2,"victory":true,"max_hp_per_floor":[72,72,72,72,72,72,82,82,82,82,82,82,82,82,82,82,82,82,82,82,82,82,82,82,82,82,82,82,82,82,82,82,82,82,82,82,82,82,82,82,82,82,82,82,82,82,82,82,96,96],"card_choices":[{"not_picked":["Bane","Dagger Throw"],"picked":"Deadly Poison","floor":1.0},{"not_picked":["Eviscerate","Quick Slash"],"picked":"Cloak And Dagger","floor":3.0},{"not_picked":["Quick Slash","Finisher"],"picked":"Backstab","floor":4.0},{"not_picked":["Flying Knee","Flechettes"],"picked":"Dodge and Roll","floor":5.0},{"not_picked":["Bane","Acrobatics"],"picked":"PiercingWail","floor":7.0},{"not_picked":["Grand Finale","Riddle With Holes"],"picked":"Poisoned Stab","floor":12.0},{"not_picked":["Flying Knee","Deadly Poison"],"picked":"Escape Plan","floor":13.0},{"not_picked":["Masterful Stab","Dagger Spray"],"picked":"Bouncing Flask","floor":14.0},{"not_picked":["Phantasmal Killer","Doppelganger"],"picked":"Die Die Die","floor":16.0},{"not_picked":["Flying Knee","Slice+1"],"picked":"Backflip","floor":18.0},{"not_picked":["Outmaneuver+1","Underhanded Strike"],"picked":"Catalyst","floor":21.0},{"not_picked":["Flying Knee","Deflect"],"picked":"Dash+1","floor":27.0},{"not_picked":["Well Laid Plans","Outmaneuver"],"picked":"Footwork","floor":28.0},{"not_picked":["Flying Knee","Quick Slash","Deflect"],"picked":"SKIP","floor":29.0},{"not_picked":["Calculated Gamble","Cloak And Dagger"],"picked":"Malaise","floor":30.0},{"not_picked":["Accuracy","Underhanded Strike","Quick Slash+1"],"picked":"SKIP","floor":31.0},{"not_picked":["Bullet Time","Storm of Steel"],"picked":"Adrenaline","floor":33.0},{"not_picked":["Concentrate","PiercingWail"],"picked":"Deadly Poison","floor":35.0},{"not_picked":["Cloak And Dagger","Reflex","Prepared"],"picked":"SKIP","floor":41},{"not_picked":["Dodge and Roll","Flying Knee"],"picked":"Deadly Poison","floor":44},{"not_picked":["Riddle With Holes","All Out Attack","Outmaneuver"],"picked":"SKIP","floor":48}],"player_experience":806679,"relics_obtained":[{"floor":7.0,"key":"Pear"},{"floor":9.0,"key":"Ninja Scroll"},{"floor":13.0,"key":"Letter Opener"},{"floor":19.0,"key":"Meat on the Bone"},{"floor":20.0,"key":"Vajra"},{"floor":26.0,"key":"Bottled Tornado"},{"floor":28.0,"key":"Dead Branch"},{"floor":30.0,"key":"Bag of Preparation"},{"floor":40,"key":"Tiny Chest"},{"floor":42,"key":"Omamori"},{"floor":43,"key":"Dream Catcher"},{"floor":45,"key":"Bird Faced Urn"},{"floor":47,"key":"Boot"},{"floor":49,"key":"Mango"}],"event_choices":[{"event_name":"Liars Game","player_choice":"agreed","floor":2.0,"damage_taken":0.0},{"event_name":"The Cleric","player_choice":"Leave","floor":11.0,"damage_taken":0.0},{"event_name":"Nest","player_choice":"Stole From Cult","floor":24.0,"damage_taken":0.0},{"event_name":"MindBloom","player_choice":"Upgrade","floor":36.0,"damage_taken":0.0},{"event_name":"Tomb of Lord Red Mask","player_choice":"Ignored","floor":37.0,"damage_taken":0.0},{"event_name":"Winding Halls","player_choice":"Writhe","floor":38,"damage_taken":0},{"event_name":"SecretPortal","player_choice":"Rejected Portal.","floor":46,"damage_taken":0}],"is_beta":false,"boss_relics":[{"not_picked":["White Beast Statue","Lizard Tail"],"picked":"Ring of the Serpent"},{"not_picked":["Sozu","WristBlade"],"picked":"Cursed Key"}],"items_purged_floors":[10,22],"is_endless":false,"potions_floor_spawned":[3,12,13,14,16,27,28,29,30,31,41,44],"ascension_level":16}