{"gold_per_floor":[114,127,140,65,65,91,91,102,171,171,199,214,242,242,242,317,317,331,331,348,348,82,82,115,115,115,127,127,127],"floor_reached":29,"playtime":778,"items_purged":["Strike_G"],"score":622,"play_id":"69310f78-ba06-420a-8cab-4c77b2d5a4d4","local_time":"20190410122337","is_ascension_mode":true,"campfire_choices":[{"data":"Predator","floor":7.0,"key":"SMITH"},{"data":"Terror","floor":10.0,"key":"SMITH"},{"data":"Phantasmal Killer","floor":15,"key":"SMITH"},{"data":"Crippling Poison","floor":23,"key":"SMITH"},{"data":"Doppelganger","floor":28,"key":"SMITH"}],"neow_cost":"PERCENT_DAMAGE","seed_source_timestamp":0,"circlet_count":0,"master_deck":["AscendersBane","Defend_G","Defend_G","Defend_G","Defend_G","Strike_G","Strike_G","Survivor","Neutralize+1","Leg Sweep","Die Die Die","Predator+1","Noxious Fumes","Crippling Poison+1","Terror+1","Dash","Phantasmal Killer+1","Flechettes","Backstab","Bullet Time","Flechettes+1","PiercingWail","Calculated Gamble","Doppelganger+1"],"special_seed":0,"relics":["Ring of the Snake","Pocketwatch","Ninja Scroll","Oddly Smooth Stone","Bag of Marbles","Philosopher\u0027s Stone","Art of War","Vajra","Matryoshka"],"potions_floor_usage":[13],"damage_taken":[{"damage":0.0,"enemies":"Cultist","floor":1.0,"turns":5.0},{"damage":0.0,"enemies":"2 Louse","floor":2.0,"turns":2.0},{"damage":0.0,"enemies":"Small Slimes","floor":3.0,"turns":3.0},{"damage":13.0,"enemies":"Gremlin Nob","floor":6.0,"turns":4.0},{"damage":0.0,"enemies":"3 Louse","floor":8.0,"turns":2.0},{"damage":7.0,"enemies":"3 Sentries","floor":11.0,"turns":5.0},{"damage":12,"enemies":"Exordium Wildlife","floor":12,"turns":4},{"damage":8,"enemies":"Gremlin Nob","floor":13,"turns":4},{"damage":0,"enemies":"Slime Boss","floor":16,"turns":6},{"damage":5,"enemies":"Shell Parasite","floor":18,"turns":2},{"damage":0,"enemies":"Spheric Guardian","floor":20,"turns":1},{"damage":16,"enemies":"Slavers","floor":24,"turns":5},{"damage":0,"enemies":"Snecko","floor":27,"turns":2},{"damage":15,"enemies":"Gremlin Leader","floor":29,"turns":1}],"seed_played":"3381377951231354528","potions_obtained":[{"floor":2.0,"key":"Regen Potion"},{"floor":5.0,"key":"FearPotion"},{"floor":6.0,"key":"Block Potion"},{"floor":13,"key":"Dexterity Potion"},{"floor":27,"key":"FearPotion"}],"is_trial":false,"path_per_floor":["M","M","M","?","?","E","R","M","T","R","E","M","E","?","R","B",null,"M","?","M","?","$","R","E","?","T","M","R","E"],"character_chosen":"THE_SILENT","items_purchased":["PiercingWail","Art of War"],"campfire_rested":0,"item_purchase_floors":[22,22],"current_hp_per_floor":[44,44,44,44,44,31,31,31,31,31,24,12,4,9,9,9,56,51,51,51,31,31,31,15,15,15,15,15,0],"gold":127,"neow_bonus":"TRANSFORM_TWO_CARDS","is_prod":false,"is_daily":false,"chose_seed":true,"campfire_upgraded":5,"win_rate":0,"timestamp":1554891817,"path_taken":["M","M","M","?","?","E","R","M","T","R","E","?","E","?","R","BOSS","M","?","M","?","$","R","E","?","T","?","R","E"],"build_version":"2019-01-23","purchased_purges":1,"victory":false,"max_hp_per_floor":[66,66,66,66,66,66,66,66,66,66,66,66,66,71,71,71,71,71,71,71,76,76,76,76,76,76,76,76,76],"card_choices":[{"not_picked":["Dodge and Roll","Dagger Throw"],"picked":"Predator","floor":1.0},{"not_picked":["Blade Dance","Flying Knee"],"picked":"Noxious Fumes","floor":2.0},{"not_picked":["Blade Dance","Prepared"],"picked":"Crippling Poison","floor":3.0},{"not_picked":["Deadly Poison","Sucker Punch"],"picked":"Terror","floor":6.0},{"not_picked":["Outmaneuver","Poisoned Stab"],"picked":"Dash","floor":8.0},{"not_picked":["Quick Slash","Dodge and Roll"],"picked":"Phantasmal Killer","floor":11.0},{"not_picked":["Quick Slash","Deflect"],"picked":"Flechettes","floor":12},{"not_picked":["Quick Slash","Slice"],"picked":"Backstab","floor":13},{"not_picked":["Die Die Die","Night Terror"],"picked":"Bullet Time","floor":16},{"not_picked":["Quick Slash+1","Poisoned Stab","Bane"],"picked":"SKIP","floor":18},{"not_picked":["Poisoned Stab","Outmaneuver"],"picked":"Flechettes+1","floor":20},{"not_picked":["Dagger Spray","Quick Slash"],"picked":"Calculated Gamble","floor":24},{"not_picked":["Flechettes","Poisoned Stab"],"picked":"Doppelganger","floor":27}],"player_experience":586050,"relics_obtained":[{"floor":6.0,"key":"Pocketwatch"},{"floor":9.0,"key":"Ninja Scroll"},{"floor":11.0,"key":"Oddly Smooth Stone"},{"floor":13,"key":"Bag of Marbles"},{"floor":24,"key":"Vajra"},{"floor":26,"key":"Matryoshka"}],"event_choices":[{"cards_removed":["Strike_G"],"damage_healed":0.0,"max_hp_gain":0.0,"max_hp_loss":0.0,"gold_gain":0.0,"event_name":"The Cleric","player_choice":"Card Removal","floor":4.0,"gold_loss":75.0,"damage_taken":0.0},{"damage_healed":0.0,"max_hp_gain":0.0,"max_hp_loss":0.0,"gold_gain":0.0,"event_name":"Lab","player_choice":"Got Potions","floor":5.0,"gold_loss":0.0,"damage_taken":0.0},{"damage_healed":0,"gold_gain":0,"player_choice":"Donut","damage_taken":0,"max_hp_gain":5,"max_hp_loss":0,"event_name":"Big Fish","floor":14,"gold_loss":0},{"damage_healed":0,"gold_gain":0,"player_choice":"Ignored","damage_taken":0,"max_hp_gain":0,"max_hp_loss":0,"event_name":"The Mausoleum","floor":19,"gold_loss":0},{"damage_healed":0,"gold_gain":0,"player_choice":"Shed Blood","damage_taken":25,"max_hp_gain":5,"max_hp_loss":0,"event_name":"Forgotten Altar","floor":21,"gold_loss":0},{"damage_healed":0,"gold_gain":0,"player_choice":"Forge","damage_taken":0,"max_hp_gain":0,"max_hp_loss":0,"event_name":"Accursed Blacksmith","floor":25,"gold_loss":0,"cards_upgraded":["Neutralize"]}],"is_beta":false,"boss_relics":[{"not_picked":["Coffee Dripper","Orrery"],"picked":"Philosopher\u0027s Stone"}],"items_purged_floors":[22],"is_endless":false,"potions_floor_spawned":[2,6,12,13,18,24,27],"killed_by":"Gremlin Leader","ascension_level":20}