{"path_per_floor":["M","?","M","M","$","E","R","E","T","M","R","?","M","$","R","B",null,"M","?","?","?","M","R","M","M","T","E","$","M","R","M","R"],"character_chosen":"IRONCLAD","items_purchased":["Matryoshka","Flex"],"gold_per_floor":[119,294,311,326,74,105,105,137,137,152,152,152,162,112,112,208,208,219,219,219,219,236,236,247,264,264,289,265,282,282,300,300,300],"floor_reached":33,"campfire_rested":2,"playtime":2387,"current_hp_per_floor":[79,79,80,79,79,43,43,19,26,25,66,49,47,47,47,10,87,61,61,60,60,60,60,37,28,42,18,18,15,52,45,45,0],"items_purged":["Doubt"],"gold":300,"score":358,"play_id":"08c61b2b-8bc2-4189-9819-be0c2932bc35","local_time":"20180406221034","is_prod":false,"is_daily":false,"is_ascension_mode":true,"campfire_upgraded":4,"timestamp":1523077834,"path_taken":["M","?","M","M","$","E","R","E","T","M","R","?","M","$","R","BOSS","M","?","?","?","M","R","M","M","T","E","$","?","R","M","R","BOSS"],"build_version":"2018-04-05v2","purchased_purges":2,"victory":false,"master_deck":["Defend_R+1","Defend_R","Defend_R+1","Bash+1","Clothesline+1","Clash","Dropkick","Rampage+1","Cleave","Iron Wave","Juggernaut+1","Dropkick","Metallicize+1","Bite","Bite","Bite","Bite","Bite","Clash","Clash","Flex","Rage"],"max_hp_per_floor":[80,80,80,80,80,80,80,80,87,87,87,87,87,87,87,87,87,87,87,60,60,60,60,60,60,74,76,76,76,76,78,78,78],"relics":["Burning Blood","Matryoshka","Regal Pillow","War Paint","Strawberry","Smiling Mask","Runic Cube","Dodecahedron","Mango","Singing Bowl"],"card_choices":[{"not_picked":["True Grit","Heavy Blade"],"picked":"Clothesline","floor":1},{"not_picked":["Twin Strike","Bludgeon"],"picked":"Clash","floor":3},{"not_picked":["Headbutt","Entrench"],"picked":"Dropkick","floor":6},{"not_picked":["Spot Weakness","Feel No Pain"],"picked":"Rampage","floor":8},{"not_picked":["Hemokinesis","True Grit"],"picked":"Cleave","floor":10},{"not_picked":["Sword Boomerang","Warcry"],"picked":"Iron Wave","floor":13},{"not_picked":["Limit Break","Dark Embrace"],"picked":"Juggernaut","floor":16},{"not_picked":["Warcry","Flame Barrier"],"picked":"Dropkick","floor":18},{"not_picked":["Warcry","Rupture"],"picked":"Clash","floor":22},{"not_picked":["Clothesline","Armaments"],"picked":"Clash","floor":25},{"not_picked":["Sever Soul","Power Through"],"picked":"Rage","floor":29}],"player_experience":229899,"potions_floor_usage":[8,24,27,27,27,33],"damage_taken":[{"damage":7,"enemies":"Small Slimes","floor":1,"turns":4},{"damage":4,"enemies":"2 Louse","floor":3,"turns":3},{"damage":7,"enemies":"Jaw Worm","floor":4,"turns":2},{"damage":42,"enemies":"Lagavulin","floor":6,"turns":10},{"damage":30,"enemies":"3 Sentries","floor":8,"turns":10},{"damage":7,"enemies":"Large Slime","floor":10,"turns":5},{"damage":8,"enemies":"3 Louse","floor":13,"turns":4},{"damage":43,"enemies":"The Guardian","floor":16,"turns":11},{"damage":32,"enemies":"Shell Parasite","floor":18,"turns":7},{"damage":4,"enemies":"Chosen","floor":22,"turns":5},{"damage":35,"enemies":"Centurion and Healer","floor":24,"turns":5},{"damage":17,"enemies":"Snecko","floor":25,"turns":5},{"damage":55,"enemies":"Slavers","floor":27,"turns":7},{"damage":19,"enemies":"Sentry and Sphere","floor":29,"turns":5},{"damage":25,"enemies":"Snake Plant","floor":31,"turns":4},{"damage":69,"enemies":"Automaton","floor":33,"turns":8}],"event_choices":[{"event_name":"Liars Game","player_choice":"agreed","floor":2,"damage_taken":0},{"event_name":"Shining Light","player_choice":"Entered Light","floor":12,"damage_taken":0},{"event_name":"The Library","player_choice":"Read","floor":19,"damage_taken":0},{"event_name":"Vampires","player_choice":"Became a vampire","floor":20,"damage_taken":0},{"event_name":"Back to Basics","player_choice":"Elegance","floor":21,"damage_taken":0}],"boss_relics":[{"not_picked":["Black Blood","Tiny House"],"picked":"Runic Cube"}],"potions_floor_spawned":[6,8,13,16,24,27],"seed_played":"2384110879169078415","killed_by":"Automaton","ascension_level":4,"is_trial":false}