{"gold_per_floor":[362,362,362,4,14,14,14,36,110,31,31,81,81,111,111,190,190,205,10,10,10,30,30,40,56,56,85,85,120,136,161,161,235,235,247,247,258,3,55,55,66,66,93,103,118,138,138,157,157,157],"floor_reached":50,"playtime":1928,"items_purged":["Strike_G"],"score":1096,"play_id":"bebe603b-2c4e-4391-8fbd-18c1d6a42d06","local_time":"20190411104505","is_ascension_mode":true,"campfire_choices":[{"data":"Cloak And Dagger","floor":6.0,"key":"SMITH"},{"floor":11.0,"key":"REST"},{"data":"Skewer","floor":13.0,"key":"SMITH"},{"floor":15.0,"key":"REST"},{"floor":23.0,"key":"REST"},{"data":"Neutralize","floor":28.0,"key":"SMITH"},{"floor":32.0,"key":"REST"},{"floor":40.0,"key":"DIG"},{"floor":42.0,"key":"REST"},{"floor":47.0,"key":"DIG"},{"floor":49,"key":"DIG"}],"neow_cost":"TEN_PERCENT_HP_LOSS","seed_source_timestamp":80921781116934,"circlet_count":0,"master_deck":["AscendersBane","Defend_G","Defend_G","Defend_G","Defend_G","Defend_G","Strike_G+1","Strike_G+1","Strike_G","Strike_G","Survivor","Neutralize+1","Noxious Fumes+1","Cloak And Dagger+1","Footwork+1","Skewer+1","Bouncing Flask+1","Corpse Explosion+1","Deflect+1","Infinite Blades+1","Escape Plan+1","Necronomicurse","Noxious Fumes+1","Escape Plan+1","Backflip+1","Wraith Form v2+1","A Thousand Cuts+1","Night Terror+1","Skewer+1","Flash of Steel","Blind+1","Dark Shackles+1","Backflip+1","Footwork+1","Parasite","Blur+1","Regret","Setup+1","Dodge and Roll+1"],"special_seed":0,"relics":["Ring of the Snake","Lantern","Frozen Egg 2","Odd Mushroom","Toxic Egg 2","Oddly Smooth Stone","Cursed Key","Necronomicon","Orichalcum","Bag of Marbles","Blue Candle","Runic Pyramid","Medical Kit","Shovel","PreservedInsect","Ancient Tea Set","Prayer Wheel","Sundial"],"potions_floor_usage":[50,50],"damage_taken":[{"damage":5.0,"enemies":"Small Slimes","floor":1.0,"turns":6.0},{"damage":0.0,"enemies":"Jaw Worm","floor":5.0,"turns":3.0},{"damage":32.0,"enemies":"The Mushroom Lair","floor":8.0,"turns":5.0},{"damage":18.0,"enemies":"Lagavulin","floor":14.0,"turns":7.0},{"damage":18.0,"enemies":"Hexaghost","floor":16.0,"turns":8.0},{"damage":4.0,"enemies":"2 Thieves","floor":18.0,"turns":4.0},{"damage":0.0,"enemies":"Chosen","floor":22.0,"turns":2.0},{"damage":0.0,"enemies":"Snecko","floor":24.0,"turns":3.0},{"damage":0.0,"enemies":"Chosen and Byrds","floor":25.0,"turns":3.0},{"damage":8.0,"enemies":"Gremlin Leader","floor":27.0,"turns":4.0},{"damage":21.0,"enemies":"Slavers","floor":29.0,"turns":3.0},{"damage":19.0,"enemies":"Snake Plant","floor":30.0,"turns":4.0},{"damage":0.0,"enemies":"Book of Stabbing","floor":31.0,"turns":4.0},{"damage":19.0,"enemies":"Collector","floor":33.0,"turns":8.0},{"damage":0.0,"enemies":"Orb Walker","floor":35.0,"turns":3.0},{"damage":20.0,"enemies":"3 Darklings","floor":37.0,"turns":2.0},{"damage":0.0,"enemies":"2 Orb Walkers","floor":39.0,"turns":5.0},{"damage":0.0,"enemies":"Writhing Mass","floor":41.0,"turns":8.0},{"damage":1.0,"enemies":"Jaw Worm Horde","floor":44.0,"turns":4.0},{"damage":2.0,"enemies":"Spire Growth","floor":45.0,"turns":4.0},{"damage":1.0,"enemies":"Maw","floor":46.0,"turns":7.0},{"damage":4,"enemies":"Transient","floor":48,"turns":6},{"damage":40,"enemies":"Time Eater","floor":50,"turns":5}],"seed_played":"-2196658605127398021","potions_obtained":[{"floor":5.0,"key":"Regen Potion"},{"floor":16.0,"key":"Strength Potion"},{"floor":22.0,"key":"Dexterity Potion"},{"floor":31.0,"key":"Weak Potion"},{"floor":33.0,"key":"AttackPotion"},{"floor":37.0,"key":"Dexterity Potion"},{"floor":41.0,"key":"FearPotion"},{"floor":48,"key":"GhostInAJar"}],"is_trial":false,"path_per_floor":["M","?","?","$","M","R","?","?","T","$","R","?","R","E","R","B",null,"M","$","?","?","M","R","M","M","T","E","R","E","M","E","R","B",null,"M","?","M","$","?","R","M","R","T","M","M","M","R","M","R","B"],"character_chosen":"THE_SILENT","items_purchased":["Frozen Egg 2","Noxious Fumes+1","Skewer","Infinite Blades+1","Escape Plan+1","Medical Kit","Backflip+1"],"campfire_rested":5,"item_purchase_floors":[4,4,10,19,19,38,38],"current_hp_per_floor":[54,36,36,36,36,36,36,4,4,4,22,22,22,4,22,4,46,42,42,21,21,21,39,39,39,39,31,31,22,3,3,21,2,46,46,36,16,16,16,16,16,34,34,33,31,30,30,26,26,0],"gold":157,"neow_bonus":"TWO_FIFTY_GOLD","is_prod":false,"is_daily":false,"chose_seed":false,"campfire_upgraded":3,"win_rate":0,"timestamp":1554972305,"path_taken":["M","?","?","$","?","R","?","?","T","$","R","?","R","E","R","BOSS","M","$","?","?","M","R","M","M","T","E","R","E","?","E","R","BOSS","M","?","M","$","?","R","M","R","T","M","M","M","R","M","R","BOSS"],"build_version":"2019-01-23","purchased_purges":1,"victory":false,"max_hp_per_floor":[60,60,60,60,60,60,60,60,60,60,60,60,60,60,60,60,60,60,60,60,60,60,60,60,60,60,60,60,60,60,60,60,60,60,60,60,60,60,60,60,60,60,60,60,60,60,60,60,60,60],"card_choices":[{"not_picked":["Acrobatics","Underhanded Strike"],"picked":"Choke","floor":1.0},{"not_picked":["Eviscerate","Dodge and Roll"],"picked":"Cloak And Dagger","floor":5.0},{"not_picked":["Outmaneuver","Sucker Punch"],"picked":"Footwork+1","floor":8.0},{"not_picked":["Outmaneuver+1","Slice"],"picked":"Bouncing Flask+1","floor":14.0},{"not_picked":["Malaise+1","Die Die Die"],"picked":"Corpse Explosion+1","floor":16.0},{"not_picked":["Flying Knee","Blade Dance+1"],"picked":"Deflect+1","floor":18.0},{"not_picked":["Dagger Spray+1","Blade Dance+1","Sucker Punch"],"picked":"SKIP","floor":22.0},{"not_picked":["Deflect+1","Dagger Throw"],"picked":"Noxious Fumes+1","floor":24.0},{"not_picked":["Noxious Fumes+1","Dagger Throw"],"picked":"Escape Plan+1","floor":25.0},{"not_picked":["Reflex+1","Acrobatics+1"],"picked":"Backflip+1","floor":27.0},{"not_picked":["Accuracy+1","Dagger Throw"],"picked":"Wraith Form v2+1","floor":29.0},{"not_picked":["Noxious Fumes+1","Acrobatics+1","Underhanded Strike"],"picked":"SKIP","floor":30.0},{"not_picked":["Calculated Gamble+1","Underhanded Strike"],"picked":"A Thousand Cuts+1","floor":31.0},{"not_picked":["Die Die Die","Phantasmal Killer+1"],"picked":"Night Terror+1","floor":33.0},{"not_picked":["Cloak And Dagger+1","Dodge and Roll+1"],"picked":"Skewer+1","floor":35.0},{"not_picked":["Magnetism+1","Bandage Up+1"],"picked":"Flash of Steel","floor":36.0},{"not_picked":["Metamorphosis+1","Bandage Up+1"],"picked":"Blind+1","floor":36.0},{"not_picked":["Jack Of All Trades+1","Dramatic Entrance"],"picked":"Dark Shackles+1","floor":36.0},{"not_picked":["Deflect+1","Tactician+1","Sucker Punch"],"picked":"SKIP","floor":37.0},{"not_picked":["Prepared+1","Finisher+1"],"picked":"Footwork+1","floor":39.0},{"not_picked":["Dagger Spray+1","Caltrops+1"],"picked":"Blur+1","floor":41.0},{"not_picked":["Bane","Deadly Poison+1","Slice"],"picked":"SKIP","floor":44.0},{"not_picked":["Slice","Phantasmal Killer+1","Choke"],"picked":"SKIP","floor":45.0},{"not_picked":["Expertise+1","Accuracy+1"],"picked":"Setup+1","floor":46.0},{"not_picked":["Prepared+1","Backstab"],"picked":"Dodge and Roll+1","floor":48},{"not_picked":["Quick Slash+1","Slice","Poisoned Stab"],"picked":"SKIP","floor":48}],"player_experience":591463,"relics_obtained":[{"floor":8.0,"key":"Odd Mushroom"},{"floor":9.0,"key":"Toxic Egg 2"},{"floor":14.0,"key":"Oddly Smooth Stone"},{"floor":20.0,"key":"Necronomicon"},{"floor":27.0,"key":"Orichalcum"},{"floor":29.0,"key":"Bag of Marbles"},{"floor":31.0,"key":"Blue Candle"},{"floor":39.0,"key":"Shovel"},{"floor":40.0,"key":"PreservedInsect"},{"floor":43.0,"key":"Ancient Tea Set"},{"floor":47.0,"key":"Prayer Wheel"},{"floor":49,"key":"Sundial"}],"event_choices":[{"damage_healed":0.0,"max_hp_gain":0.0,"max_hp_loss":0.0,"gold_gain":0.0,"event_name":"Shining Light","player_choice":"Entered Light","floor":2.0,"gold_loss":0.0,"damage_taken":18.0,"cards_upgraded":["Strike_G","Strike_G"]},{"cards_removed":["Choke"],"damage_healed":0.0,"max_hp_gain":0.0,"max_hp_loss":0.0,"gold_gain":0.0,"event_name":"WeMeetAgain","player_choice":"Gave Card","floor":3.0,"gold_loss":0.0,"damage_taken":0.0,"relics_obtained":["Lantern"]},{"damage_healed":0.0,"max_hp_gain":0.0,"max_hp_loss":0.0,"gold_gain":0.0,"event_name":"The Cleric","player_choice":"Leave","floor":7.0,"gold_loss":0.0,"damage_taken":0.0},{"damage_healed":0.0,"max_hp_gain":0.0,"max_hp_loss":0.0,"gold_gain":0.0,"event_name":"Mushrooms","player_choice":"Fought Mushrooms","floor":8.0,"gold_loss":0.0,"damage_taken":0.0},{"damage_healed":0.0,"max_hp_gain":0.0,"max_hp_loss":0.0,"gold_gain":50.0,"event_name":"Golden Shrine","player_choice":"Pray","floor":12.0,"gold_loss":0.0,"damage_taken":0.0},{"damage_healed":0.0,"max_hp_gain":0.0,"max_hp_loss":0.0,"gold_gain":0.0,"event_name":"Cursed Tome","player_choice":"Obtained Book","floor":20.0,"gold_loss":0.0,"damage_taken":21.0},{"damage_healed":0.0,"max_hp_gain":0.0,"max_hp_loss":0.0,"gold_gain":0.0,"event_name":"Beggar","player_choice":"Ignored","floor":21.0,"gold_loss":0.0,"damage_taken":0.0},{"damage_healed":0.0,"max_hp_gain":0.0,"max_hp_loss":0.0,"gold_gain":0.0,"event_name":"SensoryStone","player_choice":"Memory 3","floor":36.0,"gold_loss":0.0,"damage_taken":10.0},{"damage_healed":0.0,"max_hp_gain":0.0,"max_hp_loss":0.0,"gold_gain":0.0,"event_name":"Mysterious Sphere","player_choice":"Fight","floor":39.0,"gold_loss":0.0,"damage_taken":0.0}],"is_beta":false,"boss_relics":[{"not_picked":["Eternal Feather","Black Star"],"picked":"Cursed Key"},{"not_picked":["Velvet Choker","Sozu"],"picked":"Runic Pyramid"}],"items_purged_floors":[19],"is_endless":false,"potions_floor_spawned":[5,16,22,25,31,33,37,41,48],"killed_by":"Time Eater","ascension_level":20}