{"gold_per_floor":[115,132,132,132,82,110,110,1,1,1,26,40,50,71,71,175,175,187,87,106,106,124,159,159,159,159,34,67,67,166,177,177,277,277,297,343,154,172,172,172,198,217,241,255,281,294,294,306,306,306],"floor_reached":51,"playtime":3814,"items_purged":["Defend_B","Strike_B","Strike_B","Cold Snap"],"score":1007,"play_id":"cf1566ca-968b-4730-b48b-f00b40c47f54","local_time":"20180804132543","is_ascension_mode":true,"campfire_choices":[{"floor":7,"key":"REST"},{"data":"Leap","floor":15,"key":"SMITH"},{"data":"Thunder Strike","floor":25,"key":"SMITH"},{"data":"Tempest","floor":29,"key":"SMITH"},{"floor":32,"key":"REST"},{"data":"Hologram","floor":40,"key":"SMITH"},{"data":"Echo Form","floor":47,"key":"SMITH"},{"floor":49,"key":"REST"}],"neow_cost":"NONE","seed_source_timestamp":4660424204500,"circlet_count":0,"master_deck":["Defend_B","Defend_B","Defend_B","Zap+1","Dualcast+1","Melter","Auto Shields","Leap+1","Genetic Algorithm","Thunder Strike+1","Compile Driver","Machine Learning","Glacier","Tempest+1","Ball Lightning","Necronomicurse","Hologram+1","Static Discharge","Echo Form+1","Chill+1"],"relics":["Cracked Core","Vajra","Anchor","Bag of Preparation","Centennial Puzzle","Odd Mushroom","Velvet Choker","Happy Flower","Necronomicon","Darkstone Periapt","Nunchaku","Inserter","Calipers","Potion Belt","Lantern","Blood Vial"],"potions_floor_usage":[6,11,16,23,23,28,44,45,45,45,46],"damage_taken":[{"damage":0,"enemies":"2 Louse","floor":1,"turns":2},{"damage":0,"enemies":"Small Slimes","floor":2,"turns":2},{"damage":18,"enemies":"Gremlin Nob","floor":6,"turns":4},{"damage":2,"enemies":"Lagavulin","floor":11,"turns":5},{"damage":0,"enemies":"Cultist","floor":12,"turns":3},{"damage":0,"enemies":"Looter","floor":13,"turns":2},{"damage":0,"floor":14,"turns":4},{"damage":6,"enemies":"Hexaghost","floor":16,"turns":9},{"damage":0,"enemies":"2 Thieves","floor":18,"turns":4},{"damage":0,"enemies":"Chosen","floor":20,"turns":4},{"damage":0,"enemies":"Centurion and Healer","floor":22,"turns":5},{"damage":27,"enemies":"Gremlin Leader","floor":23,"turns":7},{"damage":0,"enemies":"Book of Stabbing","floor":28,"turns":5},{"damage":0,"enemies":"Snake Plant","floor":31,"turns":2},{"damage":4,"enemies":"Automaton","floor":33,"turns":6},{"damage":0,"enemies":"3 Shapes","floor":35,"turns":4},{"damage":48,"floor":36,"turns":3},{"damage":0,"enemies":"Flame Bruiser 1 Orb","floor":38,"turns":4},{"damage":18,"enemies":"Maw","floor":42,"turns":6},{"damage":6,"enemies":"3 Darklings","floor":44,"turns":4},{"damage":1,"enemies":"Giant Head","floor":45,"turns":6},{"damage":22,"enemies":"Sphere and 2 Shapes","floor":46,"turns":4},{"damage":8,"enemies":"Maw","floor":48,"turns":6},{"damage":21,"enemies":"Awakened One","floor":50,"turns":8}],"seed_played":"7187981915546347410","potions_obtained":[{"floor":2,"key":"SkillPotion"},{"floor":6,"key":"Poison Potion"},{"floor":13,"key":"FocusPotion"},{"floor":14,"key":"Swift Potion"},{"floor":20,"key":"Regen Potion"},{"floor":22,"key":"Ancient Potion"},{"floor":23,"key":"FocusPotion"},{"floor":35,"key":"Ancient Potion"},{"floor":42,"key":"Block Potion"},{"floor":44,"key":"AttackPotion"},{"floor":45,"key":"PowerPotion"}],"is_trial":false,"path_per_floor":["M","M","?","?","?","E","R","$","T","$","E","M","M","?","R","B",null,"M","$","M","?","M","E","?","R","T","$","E","R","?","M","R","B",null,"M","?","$","M","?","R","T","M","T","M","E","M","R","M","R","B"],"character_chosen":"DEFECT","items_purchased":["Genetic Algorithm","Static Discharge"],"campfire_rested":3,"item_purchase_floors":[8,37],"current_hp_per_floor":[68,68,65,50,50,32,54,54,54,54,52,52,52,52,52,46,68,68,68,68,68,68,51,35,35,35,35,35,35,35,35,57,53,70,70,22,22,22,75,75,75,57,57,51,50,30,30,24,46,27],"gold":306,"neow_bonus":"TRANSFORM_CARD","is_prod":false,"is_daily":false,"chose_seed":false,"campfire_upgraded":5,"win_rate":0,"timestamp":1533407143,"path_taken":["M","M","?","?","?","E","R","$","T","$","E","M","?","?","R","BOSS","M","$","M","?","M","E","?","R","T","$","E","R","?","M","R","BOSS","M","?","$","M","?","R","?","M","T","M","E","M","R","M","R","BOSS"],"build_version":"2018-08-02","purchased_purges":4,"victory":true,"max_hp_per_floor":[75,75,75,75,75,75,75,75,75,75,75,75,75,75,75,75,75,75,75,75,75,75,75,75,75,75,75,75,75,75,75,75,75,75,75,75,75,75,75,75,75,75,75,75,75,75,75,75,75,75],"card_choices":[{"not_picked":["Turbo","Storm"],"picked":"Cold Snap","floor":1},{"not_picked":["Scrape","Force Field"],"picked":"Auto Shields","floor":2},{"not_picked":["FTL","Reinforced Body"],"picked":"Leap","floor":6},{"not_picked":["Hyperbeam","Steam"],"picked":"Thunder Strike","floor":11},{"not_picked":["Doom and Gloom","Capacitor","Undo"],"picked":"SKIP","floor":12},{"not_picked":["Steam","Leap"],"picked":"Compile Driver","floor":13},{"not_picked":["Amplify","Biased Cognition"],"picked":"Machine Learning","floor":16},{"not_picked":["Aggregate+1","Beam Cell"],"picked":"Glacier","floor":18},{"not_picked":["Double Energy","Steam Power"],"picked":"Tempest","floor":20},{"not_picked":["Melter+1","Fusion","Self Repair"],"picked":"SKIP","floor":22},{"not_picked":["Melter+1","Fusion","Self Repair"],"picked":"SKIP","floor":22},{"not_picked":["Redo","Chaos"],"picked":"Ball Lightning","floor":23},{"not_picked":["FTL","Stack","Seek"],"picked":"SKIP","floor":28},{"not_picked":["Cold Snap","Go for the Eyes"],"picked":"Hologram","floor":31},{"not_picked":["Streamline","Aggregate","Fusion"],"picked":"SKIP","floor":35},{"not_picked":["Hologram+1","Chill","Streamline+1"],"picked":"SKIP","floor":38},{"not_picked":["Streamline+1","Barrage"],"picked":"Echo Form","floor":42},{"not_picked":["Gash+1","Reinforced Body+1","Redo+1"],"picked":"SKIP","floor":44},{"not_picked":["Redo+1","Go for the Eyes+1","Melter"],"picked":"SKIP","floor":45},{"not_picked":["Cold Snap","Conserve Battery"],"picked":"Chill+1","floor":46},{"not_picked":["Hologram+1","Go for the Eyes","Loop+1"],"picked":"SKIP","floor":48}],"player_experience":313391,"relics_obtained":[{"floor":6,"key":"Anchor"},{"floor":9,"key":"Bag of Preparation"},{"floor":11,"key":"Centennial Puzzle"},{"floor":14,"key":"Odd Mushroom"},{"floor":23,"key":"Happy Flower"},{"floor":24,"key":"Necronomicon"},{"floor":26,"key":"Darkstone Periapt"},{"floor":28,"key":"Nunchaku"},{"floor":36,"key":"Calipers"},{"floor":41,"key":"Potion Belt"},{"floor":43,"key":"Lantern"},{"floor":45,"key":"Blood Vial"}],"event_choices":[{"event_name":"Scrap Ooze","player_choice":"success","floor":3,"damage_taken":3},{"event_name":"Shining Light","player_choice":"Entered Light","floor":4,"damage_taken":0},{"event_name":"The Cleric","player_choice":"Card Removal","floor":5,"damage_taken":0},{"event_name":"Mushrooms","player_choice":"Fought Mushrooms","floor":14,"damage_taken":0},{"event_name":"Vampires","player_choice":"Ignored","floor":21,"damage_taken":0},{"event_name":"Cursed Tome","player_choice":"Obtained Book","floor":24,"damage_taken":0},{"event_name":"Nest","player_choice":"Stole From Cult","floor":30,"damage_taken":0},{"event_name":"Mysterious Sphere","player_choice":"Fight","floor":36,"damage_taken":0},{"event_name":"Wheel of Change","player_choice":"Full Heal","floor":39,"damage_taken":0}],"is_beta":false,"boss_relics":[{"not_picked":["Snecko Eye","Runic Pyramid"],"picked":"Velvet Choker"},{"not_picked":["FrozenCore","Astrolabe"],"picked":"Inserter"}],"items_purged_floors":[8,19,27,37],"is_endless":false,"potions_floor_spawned":[2,6,13,14,20,22,23,35,42,44,45],"ascension_level":6}