{"gold_per_floor":[114,122,122,137,59,82,92,92,92,102,102,102],"floor_reached":12,"playtime":620,"items_purged":[],"score":180,"play_id":"ade5b69b-1208-4953-bf64-ac0362bc9153","local_time":"20190220132205","is_ascension_mode":true,"campfire_choices":[{"floor":8,"key":"REST"}],"neow_cost":"","seed_source_timestamp":987608888635,"circlet_count":0,"master_deck":["AscendersBane","Strike_R","Strike_R","Strike_R","Strike_R","Defend_R","Defend_R","Defend_R","Defend_R","Bash","Intimidate","Shrug It Off","True Grit","Dropkick","Wild Strike"],"relics":["Burning Blood","Anchor","Letter Opener"],"potions_floor_usage":[6],"damage_taken":[{"damage":6,"enemies":"Cultist","floor":1,"turns":4},{"damage":6,"enemies":"Jaw Worm","floor":2,"turns":5},{"damage":3,"enemies":"2 Louse","floor":4,"turns":4},{"damage":41,"enemies":"Gremlin Nob","floor":6,"turns":5},{"damage":9,"enemies":"Blue Slaver","floor":7,"turns":5},{"damage":0,"enemies":"2 Fungi Beasts","floor":10,"turns":4},{"damage":64,"enemies":"Lagavulin","floor":12,"turns":8}],"seed_played":"8179577198221701045","potions_obtained":[{"floor":4,"key":"Block Potion"}],"is_trial":true,"path_per_floor":["M","M","?","M","$","E","M","R","T","M","?","E"],"character_chosen":"IRONCLAD","items_purchased":["Dropkick"],"campfire_rested":1,"item_purchase_floors":[5],"current_hp_per_floor":[67,66,66,68,68,32,28,46,46,51,51,0],"gold":102,"neow_bonus":"","is_prod":false,"is_daily":false,"chose_seed":false,"campfire_upgraded":0,"win_rate":0,"timestamp":1550690525,"path_taken":["M","M","?","M","$","E","M","R","T","?","?","E"],"build_version":"2019-01-23","purchased_purges":0,"victory":false,"max_hp_per_floor":[75,75,75,75,75,75,75,75,75,75,75,75],"card_choices":[{"not_picked":["Twin Strike","Entrench"],"picked":"Intimidate","floor":1},{"not_picked":["Reckless Charge","Blood for Blood"],"picked":"Shrug It Off","floor":2},{"not_picked":["Clash","Cleave"],"picked":"True Grit","floor":4},{"not_picked":["Searing Blow","Berserk"],"picked":"Wild Strike","floor":6},{"not_picked":["Rampage","Twin Strike","Wild Strike"],"picked":"SKIP","floor":7},{"not_picked":["Body Slam","Perfected Strike","Warcry"],"picked":"SKIP","floor":10}],"player_experience":572421,"relics_obtained":[{"floor":6,"key":"Anchor"},{"floor":9,"key":"Letter Opener"}],"event_choices":[{"cards_removed":["Strike_R"],"damage_healed":0,"gold_gain":0,"player_choice":"Purged","damage_taken":0,"max_hp_gain":0,"max_hp_loss":0,"event_name":"Purifier","floor":3,"gold_loss":0},{"damage_healed":0,"gold_gain":0,"player_choice":"Ignored","damage_taken":0,"max_hp_gain":0,"max_hp_loss":0,"event_name":"Golden Idol","floor":11,"gold_loss":0}],"is_beta":false,"boss_relics":[],"items_purged_floors":[],"is_endless":false,"potions_floor_spawned":[4],"killed_by":"Lagavulin","ascension_level":25}