{"gold_per_floor":[119,139,157,54,54,54,76,110,133,160,160,160,189,204,204,279,279,297,314,314,48,48,74,89,119,198,210,210,235,252,252,252,326,326,337,388,488,508,522,522,555,555,555,585,145,156,173,173,173,173],"floor_reached":51,"playtime":4325,"items_purged":["Strike_R","Strike_R"],"score":1750,"play_id":"ad807c75-ab4d-4e30-82e0-8a97f0c58a19","local_time":"20190407140013","is_ascension_mode":true,"campfire_choices":[{"data":"Blood for Blood","floor":6,"key":"SMITH"},{"floor":12,"key":"REST"},{"data":"Havoc","floor":15,"key":"SMITH"},{"data":"Juggernaut","floor":28,"key":"SMITH"},{"floor":32,"key":"REST"},{"data":"Feel No Pain","floor":40,"key":"SMITH"},{"data":"Uppercut","floor":42,"key":"SMITH"},{"data":"Feel No Pain","floor":49,"key":"SMITH"}],"neow_cost":"NONE","seed_source_timestamp":3836836172524,"circlet_count":0,"master_deck":["AscendersBane","Strike_R+1","Strike_R+1","Strike_R","Defend_R","Defend_R","Defend_R","Defend_R","Bash","Blood for Blood+1","Uppercut+1","Thunderclap","Headbutt","Cleave","Feel No Pain+1","Shrug It Off","Havoc+1","Infernal Blade","Dark Embrace","Corruption","Armaments","Feel No Pain+1","Juggernaut+1","Bloodletting","Sentinel","Dual Wield","Clash+1","Havoc","Impervious","Clothesline+1","Entrench+1","Shockwave","Dual Wield","Flame Barrier","Second Wind","Feel No Pain","Flame Barrier"],"relics":["Burning Blood","Happy Flower","Odd Mushroom","Centennial Puzzle","Oddly Smooth Stone","Unceasing Top","Sundial","Bottled Lightning","Snecko Eye","Bottled Tornado","Whetstone","Ornamental Fan","Blue Candle","Molten Egg 2","Regal Pillow","Sozu","Calipers","Dead Branch","Strawberry","Gremlin Horn","Pen Nib","Blood Vial"],"potions_floor_usage":[8,10,29,50],"damage_taken":[{"damage":1,"enemies":"Cultist","floor":1,"turns":3},{"damage":7,"enemies":"2 Louse","floor":2,"turns":4},{"damage":7,"enemies":"Jaw Worm","floor":3,"turns":2},{"damage":31,"enemies":"The Mushroom Lair","floor":7,"turns":4},{"damage":23,"enemies":"Gremlin Nob","floor":8,"turns":4},{"damage":24,"enemies":"3 Sentries","floor":10,"turns":7},{"damage":24,"enemies":"Lagavulin","floor":13,"turns":7},{"damage":3,"enemies":"3 Louse","floor":14,"turns":4},{"damage":16,"enemies":"Hexaghost","floor":16,"turns":7},{"damage":4,"enemies":"Spheric Guardian","floor":18,"turns":4},{"damage":1,"enemies":"2 Thieves","floor":19,"turns":2},{"damage":36,"enemies":"Slavers","floor":23,"turns":5},{"damage":8,"enemies":"Snake Plant","floor":24,"turns":4},{"damage":3,"enemies":"Gremlin Leader","floor":25,"turns":5},{"damage":3,"enemies":"Cultist and Chosen","floor":27,"turns":3},{"damage":13,"enemies":"Slavers","floor":29,"turns":4},{"damage":9,"enemies":"Sentry and Sphere","floor":30,"turns":3},{"damage":40,"enemies":"Collector","floor":33,"turns":8},{"damage":3,"enemies":"Orb Walker","floor":35,"turns":3},{"damage":17,"enemies":"2 Orb Walkers","floor":36,"turns":5},{"damage":3,"enemies":"Mind Bloom Boss Battle","floor":37,"turns":5},{"damage":3,"enemies":"3 Shapes","floor":38,"turns":3},{"damage":7,"enemies":"Jaw Worm Horde","floor":39,"turns":2},{"damage":3,"enemies":"Giant Head","floor":41,"turns":1},{"damage":0,"enemies":"Reptomancer","floor":44,"turns":3},{"damage":4,"enemies":"Spire Growth","floor":46,"turns":3},{"damage":3,"enemies":"Sphere and 2 Shapes","floor":47,"turns":1},{"damage":4,"enemies":"Time Eater","floor":50,"turns":5}],"seed_played":"8549622704563552993","potions_obtained":[{"floor":7,"key":"Regen Potion"},{"floor":8,"key":"Fruit Juice"},{"floor":10,"key":"SpeedPotion"},{"floor":19,"key":"FearPotion"},{"floor":33,"key":"Regen Potion"}],"is_trial":false,"path_per_floor":["M","M","M","$","?","R","?","E","T","E","T","R","E","M","R","B",null,"M","M","?","$","T","E","M","E","T","M","R","E","M","?","R","B",null,"M","?","?","M","M","R","E","R","T","E","$","M","M","?","R","B",null],"character_chosen":"IRONCLAD","items_purchased":["Headbutt","Bottled Tornado","Feel No Pain","Flame Barrier","Blood Vial"],"campfire_rested":2,"item_purchase_floors":[4,21,45,45,45],"current_hp_per_floor":[73,72,71,71,71,71,46,41,41,28,28,52,34,37,37,27,67,69,74,74,74,74,44,42,45,45,48,48,41,38,38,77,43,71,74,63,66,69,68,68,78,78,78,84,84,87,87,87,87,87],"gold":173,"neow_bonus":"RANDOM_COMMON_RELIC","is_prod":false,"is_daily":false,"chose_seed":false,"campfire_upgraded":6,"win_rate":0,"timestamp":1554663613,"path_taken":["M","M","M","?","?","R","?","E","T","E","?","R","E","M","R","BOSS","M","M","?","$","?","E","?","E","T","M","R","E","?","?","R","BOSS","M","?","?","M","M","R","E","R","T","E","$","M","M","?","R","BOSS"],"build_version":"2019-01-23","purchased_purges":2,"victory":true,"max_hp_per_floor":[75,75,75,75,75,75,75,75,75,80,80,80,80,80,80,80,80,80,80,80,80,80,80,80,80,80,80,80,80,80,80,80,80,80,80,80,80,80,80,80,87,87,87,87,87,87,87,87,87,87],"card_choices":[{"not_picked":["True Grit","Perfected Strike"],"picked":"Blood for Blood","floor":1},{"not_picked":["Armaments","Shockwave"],"picked":"Uppercut","floor":2},{"not_picked":["Dropkick","Ghostly Armor"],"picked":"Thunderclap","floor":3},{"not_picked":["Power Through","Sword Boomerang"],"picked":"Cleave","floor":7},{"not_picked":["Limit Break","Warcry"],"picked":"Feel No Pain","floor":8},{"not_picked":["Perfected Strike","Thunderclap"],"picked":"Shrug It Off","floor":10},{"not_picked":["Clash","Body Slam"],"picked":"Havoc","floor":13},{"not_picked":["Berserk","Wild Strike"],"picked":"Infernal Blade","floor":14},{"not_picked":["Brutality","Double Tap"],"picked":"Dark Embrace","floor":16},{"not_picked":["Second Wind","Power Through"],"picked":"Corruption","floor":18},{"not_picked":["Iron Wave","Twin Strike"],"picked":"Armaments","floor":19},{"not_picked":["Dropkick","Seeing Red+1"],"picked":"Juggernaut","floor":23},{"not_picked":["Headbutt","Rupture"],"picked":"Bloodletting","floor":24},{"not_picked":["Clash","Second Wind+1"],"picked":"Sentinel","floor":25},{"not_picked":["Havoc","Warcry"],"picked":"Dual Wield","floor":27},{"not_picked":["Warcry","Evolve"],"picked":"Clash+1","floor":29},{"not_picked":["Inflame","Iron Wave+1"],"picked":"Havoc","floor":30},{"not_picked":["Feed+1","Offering"],"picked":"Impervious","floor":33},{"not_picked":["Thunderclap+1","Body Slam+1"],"picked":"Clothesline+1","floor":35},{"not_picked":["Pummel+1","Dropkick+1"],"picked":"Entrench+1","floor":36},{"not_picked":["Headbutt+1","Pommel Strike+1"],"picked":"Shockwave","floor":37},{"not_picked":["Power Through+1","Rupture"],"picked":"Dual Wield","floor":38},{"not_picked":["Anger+1","Heavy Blade+1"],"picked":"Flame Barrier","floor":39},{"not_picked":["Cleave+1","Burning Pact","Metallicize+1"],"picked":"SKIP","floor":41},{"not_picked":["Combust","Whirlwind+1"],"picked":"Second Wind","floor":44},{"not_picked":["Iron Wave+1","Pummel+1","Pommel Strike+1"],"picked":"SKIP","floor":46},{"not_picked":["Uppercut+1","Rupture","Anger+1"],"picked":"SKIP","floor":47}],"player_experience":698631,"relics_obtained":[{"floor":7,"key":"Odd Mushroom"},{"floor":8,"key":"Centennial Puzzle"},{"floor":9,"key":"Oddly Smooth Stone"},{"floor":10,"key":"Unceasing Top"},{"floor":11,"key":"Sundial"},{"floor":13,"key":"Bottled Lightning"},{"floor":22,"key":"Whetstone"},{"floor":23,"key":"Ornamental Fan"},{"floor":25,"key":"Blue Candle"},{"floor":26,"key":"Molten Egg 2"},{"floor":29,"key":"Regal Pillow"},{"floor":36,"key":"Calipers"},{"floor":37,"key":"Dead Branch"},{"floor":41,"key":"Strawberry"},{"floor":43,"key":"Gremlin Horn"},{"floor":44,"key":"Pen Nib"}],"event_choices":[{"damage_healed":0,"gold_gain":0,"player_choice":"Leave","damage_taken":0,"max_hp_gain":0,"max_hp_loss":0,"event_name":"The Cleric","floor":5,"gold_loss":0},{"damage_healed":0,"gold_gain":0,"player_choice":"Fought Mushrooms","damage_taken":0,"max_hp_gain":0,"max_hp_loss":0,"event_name":"Mushrooms","floor":7,"gold_loss":0},{"damage_healed":0,"gold_gain":0,"player_choice":"Copied","damage_taken":0,"max_hp_gain":0,"max_hp_loss":0,"event_name":"Duplicator","floor":20,"gold_loss":0,"cards_obtained":["Feel No Pain"]},{"damage_healed":0,"gold_gain":0,"player_choice":"Ignored","damage_taken":0,"max_hp_gain":0,"max_hp_loss":0,"event_name":"Vampires","floor":31,"gold_loss":0},{"damage_healed":0,"gold_gain":0,"player_choice":"Fight","damage_taken":0,"max_hp_gain":0,"max_hp_loss":0,"event_name":"Mysterious Sphere","floor":36,"gold_loss":0},{"damage_healed":0,"gold_gain":0,"player_choice":"Fight","damage_taken":0,"max_hp_gain":0,"max_hp_loss":0,"event_name":"MindBloom","floor":37,"gold_loss":0},{"damage_healed":0,"gold_gain":0,"player_choice":"Ignored","damage_taken":0,"max_hp_gain":0,"max_hp_loss":0,"event_name":"SecretPortal","floor":48,"gold_loss":0}],"is_beta":false,"boss_relics":[{"not_picked":["Runic Dome","Busted Crown"],"picked":"Snecko Eye"},{"not_picked":["Eternal Feather","Astrolabe"],"picked":"Sozu"}],"items_purged_floors":[4,45],"is_endless":false,"potions_floor_spawned":[7,8,10,19,25,27,33,37,38,41],"ascension_level":18}