{"gold_per_floor":[109,119,0,0,75,418,24,62,62,62,95,95,134,150,150,245,245,266,191,191,34,34,34,74,274,300,319,319,353,10,51,51,142,142,155,174,189,1188,424,424,459,459,535,576,576,116,116,176,176,176],"floor_reached":51,"playtime":3914,"items_purged":["Strike_B","Strike_B","Normality","Coolheaded"],"score":1736,"play_id":"e791b177-2bfa-4da2-8dbd-9813678d00e3","local_time":"20190224130952","is_ascension_mode":true,"campfire_choices":[{"data":"Zap","floor":10,"key":"SMITH"},{"data":"Darkness","floor":12,"key":"SMITH"},{"floor":15,"key":"REST"},{"data":"Dualcast","floor":23,"key":"SMITH"},{"data":"Defragment","floor":28,"key":"SMITH"},{"floor":32,"key":"REST"},{"data":"Normality","floor":40,"key":"PURGE"},{"data":"Echo Form","floor":42,"key":"SMITH"},{"data":"Capacitor","floor":47,"key":"SMITH"},{"data":"Loop","floor":49,"key":"SMITH"}],"neow_cost":"NONE","seed_source_timestamp":7155182303833,"circlet_count":0,"master_deck":["AscendersBane","Defend_B","Defend_B","Defend_B+1","Defend_B+1","Zap+1","Dualcast+1","Compile Driver","Cold Snap","Defragment+1","Glacier","Genetic Algorithm","Capacitor+1","Darkness+1","Go for the Eyes","Steam","All For One","Barrage","Biased Cognition","Self Repair","FTL","Echo Form+1","Machine Learning","Coolheaded+1","Rainbow","Loop+1","Steam Power","Flash of Steel","Redo+1"],"relics":["Cracked Core","NeowsBlessing","Golden Idol","Old Coin","Ancient Tea Set","War Paint","Unceasing Top","Orichalcum","Potion Belt","Nuclear Battery","MutagenicStrength","Sundial","Bronze Scales","Question Card","Gambling Chip","PreservedInsect","Sozu","Medical Kit","Peace Pipe","Vajra","Mercury Hourglass","StoneCalendar","ClockworkSouvenir","Pocketwatch"],"potions_floor_usage":[8,8,18,24,24,33,50,50],"damage_taken":[{"damage":0,"enemies":"2 Louse","floor":1,"turns":1},{"damage":0,"enemies":"Small Slimes","floor":2,"turns":1},{"damage":0,"enemies":"Lagavulin","floor":6,"turns":1},{"damage":16,"enemies":"Gremlin Nob","floor":8,"turns":6},{"damage":16,"enemies":"3 Sentries","floor":11,"turns":8},{"damage":1,"enemies":"Lagavulin","floor":13,"turns":6},{"damage":0,"enemies":"Jaw Worm","floor":14,"turns":3},{"damage":13,"enemies":"Hexaghost","floor":16,"turns":10},{"damage":3,"enemies":"Chosen","floor":18,"turns":4},{"damage":12,"enemies":"Slavers","floor":24,"turns":4},{"damage":0,"enemies":"3 Byrds","floor":27,"turns":2},{"damage":9,"enemies":"Book of Stabbing","floor":29,"turns":6},{"damage":14,"enemies":"Gremlin Leader","floor":31,"turns":5},{"damage":0,"enemies":"Automaton","floor":33,"turns":10},{"damage":9,"enemies":"Orb Walker","floor":35,"turns":4},{"damage":0,"enemies":"3 Shapes","floor":36,"turns":6},{"damage":9,"enemies":"Sphere and 2 Shapes","floor":37,"turns":8},{"damage":0,"enemies":"Giant Head","floor":41,"turns":8},{"damage":6,"enemies":"Nemesis","floor":44,"turns":5},{"damage":6,"enemies":"2 Orb Walkers","floor":48,"turns":6},{"damage":0,"enemies":"Donu and Deca","floor":50,"turns":5}],"seed_played":"6356037313393572290","potions_obtained":[{"floor":1,"key":"SkillPotion"},{"floor":11,"key":"SkillPotion"},{"floor":13,"key":"Ancient Potion"},{"floor":16,"key":"AttackPotion"},{"floor":18,"key":"Block Potion"},{"floor":29,"key":"SteroidPotion"},{"floor":31,"key":"LiquidBronze"}],"is_trial":false,"path_per_floor":["M","M","$","?","?","E","$","E","T","R","E","R","E","M","R","B",null,"M","?","?","$","?","R","E","?","T","M","R","E","$","E","R","B",null,"M","M","M","?","$","R","E","R","T","E","?","$","R","?","R","B",null],"character_chosen":"DEFECT","items_purchased":["Defragment","AttackPotion","Genetic Algorithm","Ancient Tea Set","Biased Cognition","Gambling Chip","Medical Kit","Rainbow","Peace Pipe","ClockworkSouvenir","Flash of Steel"],"campfire_rested":2,"item_purchase_floors":[3,7,7,7,21,30,39,39,39,46,46],"current_hp_per_floor":[64,64,64,64,53,53,53,37,37,37,21,21,20,20,39,26,55,52,52,52,52,52,52,40,40,40,47,47,45,45,38,57,64,64,64,64,64,64,64,64,64,64,64,64,64,64,64,64,64,64],"gold":176,"neow_bonus":"THREE_ENEMY_KILL","is_prod":false,"is_daily":false,"chose_seed":false,"campfire_upgraded":7,"win_rate":0,"timestamp":1551035392,"path_taken":["M","M","$","?","?","E","$","E","T","R","E","R","E","M","R","BOSS","M","?","?","$","?","R","E","?","T","M","R","E","$","E","R","BOSS","M","M","?","?","$","R","E","R","T","E","?","$","R","?","R","BOSS"],"build_version":"2019-01-23","purchased_purges":4,"victory":true,"max_hp_per_floor":[71,71,71,64,64,64,64,64,64,64,64,64,64,64,64,64,64,64,64,64,64,64,64,64,64,64,64,64,64,64,64,64,64,64,64,64,64,64,64,64,64,64,64,64,64,64,64,64,64,64],"card_choices":[{"not_picked":["Storm","Fusion"],"picked":"Compile Driver","floor":1},{"not_picked":["Hello World","Sweeping Beam"],"picked":"Cold Snap","floor":2},{"not_picked":["Gash","Creative AI"],"picked":"Glacier","floor":6},{"not_picked":["Stack","Cold Snap"],"picked":"Capacitor","floor":8},{"not_picked":["Hologram","Turbo"],"picked":"Darkness","floor":11},{"not_picked":["Reinforced Body","Darkness"],"picked":"Go for the Eyes","floor":13},{"not_picked":["Sweeping Beam","Skim"],"picked":"Steam","floor":14},{"not_picked":["Amplify","Creative AI"],"picked":"All For One","floor":16},{"not_picked":["Heatsinks","Reprogram"],"picked":"Barrage","floor":18},{"not_picked":["Darkness+1","Aggregate"],"picked":"Self Repair","floor":24},{"not_picked":["Barrage","Self Repair+1","Go for the Eyes"],"picked":"SKIP","floor":27},{"not_picked":["Redo","Self Repair"],"picked":"FTL","floor":29},{"not_picked":["Redo","BootSequence","Consume"],"picked":"Echo Form","floor":31},{"not_picked":["Thunder Strike","Multi-Cast","Hyperbeam"],"picked":"Machine Learning","floor":33},{"not_picked":["Skim","Redo","Self Repair"],"picked":"Coolheaded","floor":35},{"not_picked":["Compile Driver","Gash","Rip and Tear"],"picked":"Coolheaded+1","floor":36},{"not_picked":["Barrage+1","Compile Driver+1","Cold Snap+1","Ball Lightning"],"picked":"SKIP","floor":37},{"not_picked":["Undo","Lockon","Skim"],"picked":"Loop","floor":41},{"not_picked":["Coolheaded+1","Multi-Cast","Double Energy"],"picked":"Steam Power","floor":44},{"not_picked":["Barrage+1","Streamline+1","Static Discharge+1"],"picked":"Redo+1","floor":48}],"player_experience":573503,"relics_obtained":[{"floor":6,"key":"Old Coin"},{"floor":8,"key":"War Paint"},{"floor":9,"key":"Unceasing Top"},{"floor":11,"key":"Orichalcum"},{"floor":13,"key":"Potion Belt"},{"floor":24,"key":"Sundial"},{"floor":26,"key":"Bronze Scales"},{"floor":29,"key":"Question Card"},{"floor":31,"key":"PreservedInsect"},{"floor":41,"key":"Vajra"},{"floor":43,"key":"Mercury Hourglass"},{"floor":44,"key":"StoneCalendar"},{"floor":48,"key":"Pocketwatch"}],"event_choices":[{"damage_healed":0,"gold_gain":0,"player_choice":"Lose Max HP","damage_taken":0,"relics_obtained":["Golden Idol"],"max_hp_gain":0,"max_hp_loss":7,"event_name":"Golden Idol","floor":4,"gold_loss":0},{"damage_healed":0,"gold_gain":75,"player_choice":"Gather Gold","damage_taken":11,"max_hp_gain":0,"max_hp_loss":0,"event_name":"World of Goop","floor":5,"gold_loss":0},{"cards_removed":["Strike_B"],"damage_healed":0,"gold_gain":0,"player_choice":"Gave Gold","damage_taken":0,"max_hp_gain":0,"max_hp_loss":0,"event_name":"Beggar","floor":19,"gold_loss":75},{"damage_healed":0,"gold_gain":0,"player_choice":"Inject Mutagens","damage_taken":0,"relics_obtained":["MutagenicStrength"],"max_hp_gain":0,"max_hp_loss":0,"event_name":"Drug Dealer","floor":20,"gold_loss":0},{"cards_removed":["Strike_B"],"damage_healed":0,"gold_gain":0,"player_choice":"Elegance","damage_taken":0,"max_hp_gain":0,"max_hp_loss":0,"event_name":"Back to Basics","floor":22,"gold_loss":0},{"damage_healed":0,"gold_gain":250,"player_choice":"Bet on Owner","damage_taken":0,"max_hp_gain":0,"max_hp_loss":0,"event_name":"The Joust","floor":25,"gold_loss":50},{"damage_healed":0,"gold_gain":999,"player_choice":"Gold","damage_taken":0,"max_hp_gain":0,"max_hp_loss":0,"event_name":"MindBloom","floor":38,"gold_loss":0,"cards_obtained":["Normality","Normality"]},{"damage_healed":0,"gold_gain":0,"player_choice":"Ignored","damage_taken":0,"max_hp_gain":0,"max_hp_loss":0,"event_name":"Tomb of Lord Red Mask","floor":45,"gold_loss":0},{"damage_healed":0,"gold_gain":0,"player_choice":"Fight","damage_taken":0,"max_hp_gain":0,"max_hp_loss":0,"event_name":"Mysterious Sphere","floor":48,"gold_loss":0}],"is_beta":false,"boss_relics":[{"not_picked":["Empty Cage","Philosopher\u0027s Stone"],"picked":"Nuclear Battery"},{"not_picked":["Calling Bell","Pandora\u0027s Box"],"picked":"Sozu"}],"items_purged_floors":[3,7,39,46],"is_endless":false,"potions_floor_spawned":[1,11,13,16,18,29,31,36,48],"ascension_level":16}