{"path_per_floor":["M","?","?","?","M","R","M","E","T","M","M","R","M","M","R","B",null,"M","$","?","?","?","R","E","M","T","$","M","R","M","M","R","B",null,"M","M","?","M","M","R","E","R","T","M","M","M","$","M","R"],"character_chosen":"THE_SILENT","items_purchased":["Mercury Hourglass","Shuriken"],"gold_per_floor":[116,116,116,191,205,205,225,258,338,362,381,381,394,413,413,534,534,529,206,206,206,206,206,232,252,278,20,33,33,44,63,63,158,158,169,185,0,19,36,36,67,67,115,127,142,160,60,80,80,80],"floor_reached":50,"campfire_rested":9,"playtime":3178,"current_hp_per_floor":[62,45,42,31,30,51,51,26,26,26,22,43,37,25,46,3,53,22,22,22,22,22,43,15,16,21,21,19,40,38,45,66,54,66,68,70,70,63,40,61,25,46,51,47,41,36,36,43,64,0],"items_purged":["Strike_G","A Thousand Cuts"],"gold":80,"score":750,"play_id":"97d1059c-f2a3-41cc-8fbc-8f6f37720246","local_time":"20180520213830","is_prod":false,"is_daily":false,"chose_seed":false,"is_ascension_mode":true,"campfire_upgraded":0,"timestamp":1526877510,"campfire_choices":[{"floor":6,"key":"REST"},{"floor":12,"key":"REST"},{"floor":15,"key":"REST"},{"floor":23,"key":"REST"},{"floor":29,"key":"REST"},{"floor":32,"key":"REST"},{"floor":40,"key":"REST"},{"floor":42,"key":"REST"},{"floor":49,"key":"REST"}],"path_taken":["M","?","?","?","M","R","M","E","T","M","M","R","M","M","R","BOSS","M","$","?","?","?","R","E","M","T","?","M","R","M","?","R","BOSS","M","M","?","M","M","R","E","R","T","M","?","M","$","?","R","BOSS"],"build_version":"2018-05-17","seed_source_timestamp":247573594893603,"purchased_purges":3,"victory":false,"master_deck":["Defend_G+1","Defend_G+1","Defend_G+1","Defend_G+1","Defend_G+1","Strike_G+1","Strike_G+1","Strike_G+1","Strike_G+1","Survivor","Neutralize","AscendersBane","Sucker Punch","Backflip","Backflip","Flying Knee","Footwork","Underhanded Strike+1","Unload+1","Terror","Dagger Spray","Leg Sweep+1","Heel Hook","Flying Knee","Die Die Die","Dagger Throw","Dagger Spray+1","Dodge and Roll","Choke","Malaise"],"max_hp_per_floor":[70,70,70,70,70,70,70,70,70,70,70,70,70,70,70,70,70,70,70,70,70,70,70,70,70,70,70,70,70,70,70,70,70,70,70,70,70,70,70,70,70,70,70,70,70,70,70,70,70,70],"relics":["Ring of the Snake","Bloody Idol","Pen Nib","Bottled Flame","Darkstone Periapt","Velvet Choker","Mercury Hourglass","Blood Vial","Happy Flower","Whetstone","Shuriken","Sozu","Red Mask","Frozen Egg 2","Lantern"],"card_choices":[{"not_picked":["Deflect","Deadly Poison"],"picked":"Sucker Punch","floor":1},{"not_picked":["Poisoned Stab","Reflex"],"picked":"Backflip","floor":5},{"not_picked":["Deflect","Caltrops"],"picked":"Backflip","floor":7},{"not_picked":["Escape Plan","Reflex"],"picked":"Flying Knee","floor":8},{"not_picked":["Riddle With Holes","Quick Slash"],"picked":"Footwork","floor":10},{"not_picked":["Well Laid Plans","Sucker Punch"],"picked":"Underhanded Strike","floor":11},{"not_picked":["Eviscerate","Poisoned Stab"],"picked":"Unload","floor":13},{"not_picked":["Quick Slash","Deadly Poison"],"picked":"Terror","floor":14},{"not_picked":["Unload","Doppelganger"],"picked":"A Thousand Cuts","floor":16},{"not_picked":["Dodge and Roll","Outmaneuver+1","Noxious Fumes+1"],"picked":"SKIP","floor":18},{"not_picked":["Underhanded Strike","Burst"],"picked":"Dagger Spray","floor":24},{"not_picked":["Footwork+1","Noxious Fumes"],"picked":"Leg Sweep+1","floor":25},{"not_picked":["Footwork","Cloak And Dagger"],"picked":"Heel Hook","floor":28},{"not_picked":["PiercingWail","Bane+1"],"picked":"Flying Knee","floor":30},{"not_picked":["Outmaneuver","Well Laid Plans","Dodge and Roll"],"picked":"SKIP","floor":31},{"not_picked":["Tactician","Wraith Form v2"],"picked":"Die Die Die","floor":33},{"not_picked":["Backflip+1","Poisoned Stab"],"picked":"Dagger Throw","floor":35},{"not_picked":["Setup","Catalyst","Footwork+1"],"picked":"SKIP","floor":36},{"not_picked":["Setup","Calculated Gamble"],"picked":"Dagger Spray+1","floor":38},{"not_picked":["Escape Plan+1","Bane+1","Cloak And Dagger+1"],"picked":"SKIP","floor":39},{"not_picked":["Tools of the Trade","Setup","Deflect+1"],"picked":"SKIP","floor":41},{"not_picked":["Reflex","Flying Knee"],"picked":"Dodge and Roll","floor":44},{"not_picked":["All Out Attack+1","Flying Knee+1"],"picked":"Choke","floor":45},{"not_picked":["Deadly Poison+1","Reflex+1"],"picked":"Malaise","floor":46},{"not_picked":["Outmaneuver+1","Expertise","Caltrops+1"],"picked":"SKIP","floor":48}],"player_experience":463263,"potions_floor_usage":[14,16,16,16,24,33,33,33],"damage_taken":[{"damage":1,"enemies":"Jaw Worm","floor":1,"turns":5},{"damage":1,"enemies":"Small Slimes","floor":5,"turns":5},{"damage":0,"enemies":"2 Louse","floor":7,"turns":2},{"damage":25,"enemies":"3 Sentries","floor":8,"turns":13},{"damage":0,"enemies":"2 Fungi Beasts","floor":10,"turns":4},{"damage":4,"enemies":"Looter","floor":11,"turns":4},{"damage":6,"enemies":"Blue Slaver","floor":13,"turns":5},{"damage":12,"enemies":"Large Slime","floor":14,"turns":8},{"damage":43,"enemies":"Slime Boss","floor":16,"turns":11},{"damage":31,"enemies":"2 Thieves","floor":18,"turns":4},{"damage":35,"enemies":"Slavers","floor":24,"turns":7},{"damage":6,"enemies":"3 Byrds","floor":25,"turns":4},{"damage":9,"enemies":"Snake Plant","floor":28,"turns":5},{"damage":9,"enemies":"Centurion and Healer","floor":30,"turns":5},{"damage":0,"enemies":"Snecko","floor":31,"turns":4},{"damage":19,"enemies":"Collector","floor":33,"turns":10},{"damage":5,"enemies":"3 Darklings","floor":35,"turns":4},{"damage":0,"enemies":"Orb Walker","floor":36,"turns":3},{"damage":12,"enemies":"3 Darklings","floor":38,"turns":3},{"damage":30,"enemies":"4 Shapes","floor":39,"turns":2},{"damage":43,"enemies":"Giant Head","floor":41,"turns":8},{"damage":11,"enemies":"Sphere and 2 Shapes","floor":44,"turns":3},{"damage":13,"enemies":"3 Darklings","floor":45,"turns":3},{"damage":12,"enemies":"4 Shapes","floor":46,"turns":4},{"damage":0,"enemies":"Sphere and 2 Shapes","floor":48,"turns":4},{"damage":66,"enemies":"Awakened One","floor":50,"turns":13}],"relics_obtained":[{"floor":8,"key":"Bottled Flame"},{"floor":9,"key":"Darkstone Periapt"},{"floor":24,"key":"Happy Flower"},{"floor":26,"key":"Whetstone"},{"floor":41,"key":"Frozen Egg 2"},{"floor":43,"key":"Lantern"}],"event_choices":[{"event_name":"Golden Idol","player_choice":"Take Damage","floor":2,"damage_taken":0},{"event_name":"Scrap Ooze","player_choice":"success","floor":3,"damage_taken":3},{"event_name":"World of Goop","player_choice":"Gather Gold","floor":4,"damage_taken":0},{"event_name":"Forgotten Altar","player_choice":"Gave Idol","floor":20,"damage_taken":0},{"event_name":"The Mausoleum","player_choice":"Yes","floor":21,"damage_taken":0},{"event_name":"Back to Basics","player_choice":"Simplicity","floor":22,"damage_taken":0},{"event_name":"Tomb of Lord Red Mask","player_choice":"Paid","floor":37,"damage_taken":0}],"boss_relics":[{"not_picked":["Tiny House","Orrery"],"picked":"Velvet Choker"},{"not_picked":["White Beast Statue","Calling Bell"],"picked":"Sozu"}],"potions_floor_spawned":[5,7,13,14,16,25,28,30,41,44,45],"seed_played":"-3329778327127041780","killed_by":"Awakened One","ascension_level":10,"potions_obtained":[{"floor":5,"key":"SpeedPotion"},{"floor":7,"key":"Dexterity Potion"},{"floor":13,"key":"Block Potion"},{"floor":14,"key":"LiquidBronze"},{"floor":16,"key":"GamblersBrew"},{"floor":25,"key":"PowerPotion"},{"floor":28,"key":"Energy Potion"},{"floor":30,"key":"Energy Potion"}],"is_trial":false}