{"gold_per_floor":[110,123,133,147,147,180,200,212,212,212,245,245],"floor_reached":12,"playtime":2353,"items_purged":[],"score":92,"play_id":"786030df-6ceb-49bb-a2c2-c5c2fa12d2d2","local_time":"20180730194128","is_ascension_mode":false,"campfire_choices":[],"neow_cost":"NONE","seed_source_timestamp":1642101340271166,"circlet_count":0,"master_deck":["Strike_R","Strike_R+1","Strike_R","Strike_R+1","Defend_R","Defend_R","Defend_R","Defend_R","Bash","Body Slam","Armaments","Carnage","Armaments","Shrug It Off","Feel No Pain","Battle Trance","Cleave"],"relics":["Burning Blood","NeowsBlessing","Pen Nib","Incense Burner","Dodecahedron"],"potions_floor_usage":[8,11],"damage_taken":[{"damage":0,"enemies":"2 Louse","floor":1,"turns":1},{"damage":0,"enemies":"Jaw Worm","floor":2,"turns":1},{"damage":0,"enemies":"Cultist","floor":3,"turns":1},{"damage":7,"enemies":"2 Fungi Beasts","floor":4,"turns":4},{"damage":14,"enemies":"3 Sentries","floor":6,"turns":7},{"damage":5,"enemies":"Exordium Thugs","floor":7,"turns":3},{"damage":36,"enemies":"Gremlin Gang","floor":8,"turns":7},{"damage":22,"enemies":"Lagavulin","floor":11,"turns":11},{"damage":13,"enemies":"Red Slaver","floor":12,"turns":1}],"seed_played":"-6848212036700838180","potions_obtained":[{"floor":2,"key":"FearPotion"},{"floor":4,"key":"Swift Potion"},{"floor":6,"key":"Poison Potion"}],"is_trial":false,"path_per_floor":["M","M","M","M","?","E","M","M","T","?","E"],"character_chosen":"IRONCLAD","items_purchased":[],"campfire_rested":0,"item_purchase_floors":[],"current_hp_per_floor":[80,80,80,79,63,55,56,26,26,26,10,0],"gold":245,"neow_bonus":"THREE_ENEMY_KILL","is_prod":false,"is_daily":false,"chose_seed":false,"campfire_upgraded":0,"win_rate":0.0,"timestamp":1532972488,"path_taken":["M","M","M","M","?","E","M","M","T","?","E","M"],"build_version":"2018-07-26","purchased_purges":0,"victory":false,"max_hp_per_floor":[80,80,80,80,80,80,80,80,80,80,80,80],"card_choices":[{"not_picked":["Warcry","Thunderclap"],"picked":"Body Slam","floor":1},{"not_picked":["Rage","Thunderclap"],"picked":"Armaments","floor":2},{"not_picked":["Flex","Bloodletting"],"picked":"Carnage","floor":3},{"not_picked":["Body Slam","Flex"],"picked":"Armaments","floor":4},{"not_picked":["Perfected Strike","Thunderclap"],"picked":"Shrug It Off","floor":6},{"not_picked":["Heavy Blade","Headbutt"],"picked":"Feel No Pain","floor":7},{"not_picked":["Bludgeon","Second Wind"],"picked":"Battle Trance","floor":8},{"not_picked":["Double Tap","Clash"],"picked":"Cleave","floor":11}],"player_experience":44802,"relics_obtained":[{"floor":6,"key":"Pen Nib"},{"floor":9,"key":"Incense Burner"},{"floor":11,"key":"Dodecahedron"}],"event_choices":[{"event_name":"Shining Light","player_choice":"Entered Light","floor":5,"damage_taken":0},{"event_name":"Purifier","player_choice":"One Purge","floor":10,"damage_taken":0}],"is_beta":false,"boss_relics":[],"items_purged_floors":[],"is_endless":false,"potions_floor_spawned":[2,4,6],"killed_by":"Red Slaver","ascension_level":0}