{"gold_per_floor":[627,627,658,687,714,714,268,268,299,329,357,357,33,33,68,100,126,156],"floor_reached":19,"playtime":1206,"items_purged":["Strike_R","Strike_R"],"score":295,"play_id":"299e4b78-6217-4984-99e7-14ed58597386","local_time":"20190418230536","daily_mods":["CTS - Bronze Difficulty","CTS - Elite Rush","Uncertain Future"],"is_ascension_mode":false,"campfire_choices":[{"data":"Sword Boomerang","floor":2,"key":"SMITH"},{"data":"Corruption","floor":8,"key":"SMITH"},{"data":"True Grit","floor":14,"key":"SMITH"}],"neow_cost":"","seed_source_timestamp":0,"circlet_count":0,"master_deck":["Strike_R","Strike_R","Strike_R","Defend_R","Defend_R","Defend_R","Defend_R","Bash","Corruption+1","Sword Boomerang+1","Inflame","Offering","Inflame","Reaper+1","Hemokinesis+1","True Grit+1","Impervious","Rupture","Pummel+1","Exhume"],"relics":["Burning Blood","Black Star","Sling","PreservedInsect","TheAbacus","Vajra","Turnip","Molten Egg 2","Red Skull","Blue Candle","Omamori","Lizard Tail","Anchor","Pen Nib","Orichalcum","Kunai","Ornamental Fan","Pear","Bottled Tornado","Runic Cube","Dodecahedron","Self Forming Clay","Blood Vial","Bag of Preparation","Paper Frog","Bag of Marbles","Potion Belt","Mercury Hourglass"],"potions_floor_usage":[16,18,18,18],"damage_taken":[{"damage":15,"enemies":"Lagavulin","floor":3,"turns":5},{"damage":14,"enemies":"Gremlin Nob","floor":4,"turns":3},{"damage":10,"enemies":"3 Sentries","floor":5,"turns":4},{"damage":28,"enemies":"Slavers","floor":9,"turns":4},{"damage":20,"enemies":"Gremlin Leader","floor":10,"turns":5},{"damage":14,"enemies":"Book of Stabbing","floor":11,"turns":3},{"damage":47,"enemies":"Nemesis","floor":15,"turns":5},{"damage":25,"enemies":"Giant Head","floor":16,"turns":7},{"damage":52,"enemies":"Reptomancer","floor":17,"turns":5},{"damage":47,"enemies":"Shield and Spear","floor":18,"turns":4}],"seed_played":"5166389772510443922","potions_obtained":[{"floor":10,"key":"Dexterity Potion"},{"floor":11,"key":"Poison Potion"},{"floor":15,"key":"FearPotion"},{"floor":16,"key":"BloodPotion"}],"is_trial":true,"path_per_floor":["$","R","E","E","E","T","$","R","E","E","E","T","$","R","E","E","E","E",null],"character_chosen":"IRONCLAD","items_purchased":["Corruption","TheAbacus","Sword Boomerang","Reaper+1","Anchor","Dexterity Potion","True Grit","Impervious","EssenceOfSteel","Rupture"],"campfire_rested":0,"item_purchase_floors":[1,1,1,7,7,7,13,13,13,13],"current_hp_per_floor":[80,80,71,63,59,59,59,59,67,66,78,78,78,78,69,71,50,34],"gold":156,"neow_bonus":"","is_prod":false,"is_daily":false,"chose_seed":false,"campfire_upgraded":3,"win_rate":0,"timestamp":1555646736,"path_taken":["$","R","E","E","E","T","$","R","E","E","E","T","$","R","E","E","E","E"],"build_version":"2019-01-23","purchased_purges":2,"victory":true,"max_hp_per_floor":[80,80,80,80,80,80,80,80,80,80,90,90,90,90,90,90,90,90],"card_choices":[{"not_picked":["Havoc","Clash"],"picked":"Inflame","floor":3},{"not_picked":["Pommel Strike","Cleave"],"picked":"Offering","floor":4},{"not_picked":["Sentinel","Armaments"],"picked":"Inflame","floor":5},{"not_picked":["Twin Strike+1","Warcry","Wild Strike+1"],"picked":"SKIP","floor":9},{"not_picked":["Immolate+1","Wild Strike+1"],"picked":"Hemokinesis+1","floor":10},{"not_picked":["Armaments","Anger+1","Warcry"],"picked":"SKIP","floor":11},{"not_picked":["Havoc","Warcry"],"picked":"Pummel+1","floor":15},{"not_picked":["Clothesline+1","Shockwave","Wild Strike+1"],"picked":"SKIP","floor":16},{"not_picked":["Anger+1","Carnage+1"],"picked":"Exhume","floor":17}],"player_experience":778248,"relics_obtained":[{"floor":3,"key":"Vajra"},{"floor":3,"key":"Turnip"},{"floor":4,"key":"Molten Egg 2"},{"floor":4,"key":"Red Skull"},{"floor":5,"key":"Blue Candle"},{"floor":5,"key":"Omamori"},{"floor":9,"key":"Pen Nib"},{"floor":9,"key":"Orichalcum"},{"floor":10,"key":"Kunai"},{"floor":10,"key":"Ornamental Fan"},{"floor":11,"key":"Pear"},{"floor":11,"key":"Bottled Tornado"},{"floor":15,"key":"Dodecahedron"},{"floor":15,"key":"Self Forming Clay"},{"floor":16,"key":"Blood Vial"},{"floor":16,"key":"Bag of Preparation"},{"floor":17,"key":"Paper Frog"},{"floor":17,"key":"Bag of Marbles"},{"floor":18,"key":"Potion Belt"},{"floor":18,"key":"Mercury Hourglass"}],"event_choices":[],"is_beta":false,"boss_relics":[{"not_picked":["White Beast Statue","Eternal Feather"],"picked":"Lizard Tail"},{"not_picked":["Velvet Choker","Mark of Pain"],"picked":"Runic Cube"}],"items_purged_floors":[1,7],"is_endless":false,"potions_floor_spawned":[10,11,15,16],"ascension_level":0}