{"gold_per_floor":[15,29,29,49,68,68,86,118,118,43,43,1,19,50,50,50],"floor_reached":16,"playtime":857,"items_purged":[],"score":267,"play_id":"b5787db9-c855-4752-9a11-fc9477c72cc7","local_time":"20190304210318","is_ascension_mode":true,"campfire_choices":[{"data":"Zap","floor":6.0,"key":"SMITH"},{"floor":15.0,"key":"REST"}],"neow_cost":"NO_GOLD","seed_source_timestamp":42983927457707,"circlet_count":0,"master_deck":["AscendersBane","Strike_B","Strike_B","Defend_B","Defend_B","Defend_B","Defend_B","Zap+1","Dualcast","Lockon","Double Energy","Sunder","Coolheaded","Hologram","FTL","Reinforced Body","BootSequence"],"special_seed":0,"relics":["Cracked Core","Cables","Potion Belt","The Courier","Mercury Hourglass","Ornamental Fan"],"potions_floor_usage":[16,16],"damage_taken":[{"damage":0.0,"enemies":"Cultist","floor":1.0,"turns":3.0},{"damage":3.0,"enemies":"Small Slimes","floor":2.0,"turns":3.0},{"damage":4.0,"enemies":"Jaw Worm","floor":4.0,"turns":3.0},{"damage":21.0,"enemies":"3 Louse","floor":5.0,"turns":3.0},{"damage":2.0,"enemies":"2 Fungi Beasts","floor":7.0,"turns":2.0},{"damage":4.0,"enemies":"Lagavulin","floor":8.0,"turns":6.0},{"damage":4.0,"enemies":"Exordium Wildlife","floor":13.0,"turns":2.0},{"damage":6.0,"enemies":"Gremlin Nob","floor":14.0,"turns":3.0},{"damage":40,"enemies":"Slime Boss","floor":16,"turns":8}],"seed_played":"957800701341369338","potions_obtained":[{"floor":4.0,"key":"Energy Potion"},{"floor":5.0,"key":"FocusPotion"},{"floor":7.0,"key":"FocusPotion"},{"floor":13.0,"key":"Weak Potion"},{"floor":14.0,"key":"Swift Potion"}],"is_trial":false,"path_per_floor":["M","M","?","M","M","R","M","E","T","?","?","$","M","E","R","B"],"character_chosen":"DEFECT","items_purchased":["SteroidPotion"],"campfire_rested":1,"item_purchase_floors":[12],"current_hp_per_floor":[64,61,61,57,36,36,34,30,30,30,19,19,15,9,30,0],"gold":50,"neow_bonus":"TRANSFORM_TWO_CARDS","is_prod":false,"is_daily":false,"chose_seed":false,"campfire_upgraded":1,"win_rate":0,"timestamp":1551762198,"path_taken":["M","M","?","M","M","R","M","E","T","?","?","$","?","E","R","BOSS"],"build_version":"2019-01-23","purchased_purges":0,"victory":false,"max_hp_per_floor":[71,71,71,71,71,71,71,71,71,71,71,71,71,71,71,71],"card_choices":[{"not_picked":["Streamline","Ball Lightning"],"picked":"Sunder","floor":1.0},{"not_picked":["Rip and Tear","Go for the Eyes"],"picked":"Coolheaded","floor":2.0},{"not_picked":["Hello World","Gash","Beam Cell"],"picked":"SKIP","floor":4.0},{"not_picked":["Steam","Turbo"],"picked":"Hologram","floor":5.0},{"not_picked":["Sweeping Beam","Beam Cell"],"picked":"FTL","floor":7.0},{"not_picked":["Force Field","Sweeping Beam","Heatsinks"],"picked":"SKIP","floor":8.0},{"not_picked":["Steam Power","Darkness"],"picked":"Reinforced Body","floor":13.0},{"not_picked":["Go for the Eyes","Coolheaded"],"picked":"BootSequence","floor":14.0}],"player_experience":1244235,"relics_obtained":[{"floor":8.0,"key":"Potion Belt"},{"floor":9.0,"key":"The Courier"},{"floor":14.0,"key":"Ornamental Fan"}],"event_choices":[{"damage_healed":0.0,"max_hp_gain":0.0,"max_hp_loss":0.0,"gold_gain":0.0,"event_name":"Big Fish","player_choice":"Box","floor":3.0,"gold_loss":0.0,"damage_taken":0.0,"relics_obtained":["Cables"],"cards_obtained":["Regret"]},{"cards_removed":["Regret"],"damage_healed":0.0,"max_hp_gain":0.0,"max_hp_loss":0.0,"gold_gain":0.0,"event_name":"The Cleric","player_choice":"Card Removal","floor":10.0,"gold_loss":75.0,"damage_taken":0.0},{"damage_healed":0.0,"max_hp_gain":0.0,"max_hp_loss":0.0,"gold_gain":0.0,"event_name":"Scrap Ooze","player_choice":"Success","floor":11.0,"gold_loss":0.0,"damage_taken":11.0,"relics_obtained":["Mercury Hourglass"]}],"is_beta":false,"boss_relics":[],"items_purged_floors":[],"is_endless":false,"potions_floor_spawned":[4,5,7,13,14],"killed_by":"Slime Boss","ascension_level":19}