{"gold_per_floor":[115,181,199,49,59,59,93,93,120,148,160,192,224,247,259,372,384],"floor_reached":17,"playtime":757,"items_purged":["Strike_B"],"score":159,"play_id":"088aafc3-d6c3-4e1a-b773-d2a1d4f0296c","local_time":"20180822122220","is_ascension_mode":false,"campfire_choices":[{"data":"Zap","floor":6,"key":"SMITH"},{"data":"Dualcast","floor":8,"key":"SMITH"},{"data":"FTL","floor":11,"key":"SMITH"},{"data":"Go for the Eyes","floor":15,"key":"SMITH"}],"neow_cost":"NONE","seed_source_timestamp":4569811376810,"circlet_count":0,"master_deck":["Strike_B+1","Strike_B","Strike_B","Defend_B","Defend_B","Defend_B","Defend_B","Zap+1","Dualcast+1","All For One","Leap","Gash+1","Go for the Eyes+1","FTL+1","Streamline","Conserve Battery","Echo Form"],"relics":["Cracked Core","Whetstone","MawBank","Nuclear Battery"],"potions_floor_usage":[7,14,16,16],"damage_taken":[{"damage":0,"enemies":"2 Louse","floor":1,"turns":2},{"damage":3,"enemies":"Small Slimes","floor":3,"turns":3},{"damage":1,"enemies":"Jaw Worm","floor":5,"turns":4},{"damage":18,"enemies":"3 Sentries","floor":7,"turns":5},{"damage":9,"enemies":"Red Slaver","floor":10,"turns":3},{"damage":0,"enemies":"Large Slime","floor":12,"turns":3},{"damage":0,"enemies":"2 Fungi Beasts","floor":13,"turns":3},{"damage":0,"enemies":"Lots of Slimes","floor":14,"turns":2},{"damage":14,"enemies":"Slime Boss","floor":16,"turns":8}],"seed_played":"6212397388436680329","potions_obtained":[{"floor":1,"key":"Poison Potion"},{"floor":7,"key":"GamblersBrew"},{"floor":12,"key":"Fire Potion"},{"floor":14,"key":"Fruit Juice"}],"is_trial":false,"path_per_floor":["M","?","M","$","M","R","E","R","T","M","R","M","M","M","R","B"],"character_chosen":"DEFECT","items_purchased":["Gash","Go for the Eyes"],"campfire_rested":0,"item_purchase_floors":[4,4],"current_hp_per_floor":[75,75,72,72,71,71,53,53,53,44,44,44,44,44,44,35,80],"gold":384,"neow_bonus":"ONE_RANDOM_RARE_CARD","is_prod":false,"is_daily":false,"chose_seed":false,"campfire_upgraded":4,"win_rate":0,"timestamp":1534958540,"path_taken":["M","?","M","$","M","R","E","R","T","M","R","M","?","M","R","BOSS"],"build_version":"2018-08-16","purchased_purges":1,"victory":false,"max_hp_per_floor":[75,75,75,75,75,75,75,75,75,75,75,75,75,75,75,80,80],"card_choices":[{"not_picked":["Lockon","Rebound","Blizzard"],"picked":"SKIP","floor":1},{"not_picked":["Sweeping Beam","Steam"],"picked":"Leap","floor":3},{"not_picked":["Barrage","Sweeping Beam"],"picked":"FTL","floor":5},{"not_picked":["Steam","Coolheaded"],"picked":"Streamline","floor":7},{"not_picked":["Streamline","Sunder","Compile Driver"],"picked":"SKIP","floor":10},{"not_picked":["Chaos","Static Discharge","Sweeping Beam"],"picked":"SKIP","floor":12},{"not_picked":["BootSequence","Reinforced Body"],"picked":"Conserve Battery","floor":13},{"not_picked":["Turbo","Rebound","Defragment"],"picked":"SKIP","floor":14},{"not_picked":["Multi-Cast","Electrodynamics"],"picked":"Echo Form","floor":16}],"player_experience":366811,"relics_obtained":[{"floor":7,"key":"Whetstone"},{"floor":9,"key":"MawBank"}],"event_choices":[{"event_name":"Golden Wing","player_choice":"Gained Gold","floor":2,"damage_taken":0}],"is_beta":false,"boss_relics":[{"not_picked":["Velvet Choker","Inserter"],"picked":"Nuclear Battery"}],"items_purged_floors":[4],"is_endless":false,"potions_floor_spawned":[1,7,12,14],"ascension_level":0}