{"path_per_floor":["M","?","M","?","M","R","E","R","T","$","M","?","E","M","R","B",null,"M","M","$","M","M","R","M","R","T","?","M","E","R","M","R","B",null,"M","?","M","?","T","R"],"character_chosen":"THE_SILENT","items_purchased":["Paper Crane","Footwork","Mercury Hourglass","Dagger Throw"],"gold_per_floor":[212,212,222,222,240,240,266,266,566,33,45,45,102,120,120,219,219,237,256,132,150,166,166,182,182,208,208,227,256,256,272,272,372,372,387,441,461,461,461,461,461],"floor_reached":41,"campfire_rested":6,"playtime":5515,"current_hp_per_floor":[62,55,55,55,52,52,45,45,45,45,39,32,17,15,36,23,58,48,43,43,38,18,39,16,37,37,37,6,1,37,30,66,51,67,67,41,5,5,5,45,0],"items_purged":["Regret"],"gold":461,"score":685,"play_id":"76c5970a-e0e9-4996-80e9-bcf9206308c5","local_time":"20180510213551","is_prod":false,"is_daily":false,"chose_seed":false,"is_ascension_mode":true,"campfire_upgraded":2,"timestamp":1526013351,"path_taken":["M","?","?","?","M","R","E","R","T","$","M","?","E","M","R","BOSS","M","M","$","M","M","R","M","R","T","?","M","E","R","M","R","BOSS","M","?","M","?","?","R","E"],"build_version":"2018-05-10","seed_source_timestamp":87440195477002,"purchased_purges":1,"victory":false,"master_deck":["Survivor","Neutralize+1","AscendersBane","Flying Knee","Quick Slash","Deflect","Malaise+1","Footwork","Dagger Throw","Heel Hook","Tactician","Deflect+1","Underhanded Strike+1","Dagger Throw","Underhanded Strike","Calculated Gamble","Infinite Blades","Quick Slash","Poisoned Stab","Predator","Well Laid Plans","Prepared","Dagger Spray","Escape Plan","Acrobatics","Skewer","Footwork","Backflip+1","Dodge and Roll+1","Quick Slash+1"],"max_hp_per_floor":[70,70,70,70,70,70,70,70,70,70,70,70,70,70,70,70,70,70,70,70,70,70,70,70,70,70,70,70,70,70,70,70,72,72,72,86,86,86,86,86,86],"relics":["Ring of the Snake","Dead Branch","Ginger","Old Coin","Paper Crane","Mercury Hourglass","Bronze Scales","Tiny Chest","Black Star","Art of War","Regal Pillow","Singing Bowl","Pandora\u0027s Box","Mango","Oddly Smooth Stone"],"card_choices":[{"not_picked":["Sucker Punch","Acrobatics"],"picked":"Flying Knee","floor":1},{"not_picked":["Poisoned Stab","Calculated Gamble"],"picked":"Quick Slash","floor":3},{"not_picked":["Terror","Bane"],"picked":"Deflect","floor":5},{"not_picked":["Leg Sweep","Sucker Punch"],"picked":"Malaise","floor":7},{"not_picked":["Expertise","Acrobatics"],"picked":"Dagger Throw","floor":11},{"not_picked":["Bane","Cloak And Dagger"],"picked":"Heel Hook","floor":14},{"not_picked":["Corpse Explosion","Die Die Die"],"picked":"Tactician","floor":16},{"not_picked":["Poisoned Stab","Prepared"],"picked":"Deflect","floor":18},{"not_picked":["Backflip","Masterful Stab"],"picked":"Underhanded Strike","floor":19},{"not_picked":["Acrobatics","Dagger Throw"],"picked":"Underhanded Strike","floor":21},{"not_picked":["Bouncing Flask","PiercingWail"],"picked":"Calculated Gamble","floor":24},{"not_picked":["Crippling Poison","Dagger Spray"],"picked":"Infinite Blades","floor":29},{"not_picked":["Escape Plan","Distraction"],"picked":"Quick Slash","floor":31},{"not_picked":["Crippling Poison","Quick Slash"],"picked":"Backflip","floor":35},{"not_picked":["Riddle With Holes","Bane"],"picked":"Dodge and Roll","floor":36},{"not_picked":["Bane","Dagger Spray"],"picked":"Quick Slash","floor":37}],"player_experience":435822,"potions_floor_usage":[7,13,13,16,21,28,33,33],"damage_taken":[{"damage":1,"enemies":"Jaw Worm","floor":1,"turns":5},{"damage":0,"enemies":"Small Slimes","floor":3,"turns":5},{"damage":3,"enemies":"2 Louse","floor":5,"turns":4},{"damage":22,"enemies":"3 Sentries","floor":7,"turns":9},{"damage":6,"enemies":"Red Slaver","floor":11,"turns":5},{"damage":15,"enemies":"Lagavulin","floor":13,"turns":6},{"damage":2,"enemies":"Lots of Slimes","floor":14,"turns":3},{"damage":13,"enemies":"Hexaghost","floor":16,"turns":9},{"damage":10,"enemies":"Shell Parasite","floor":18,"turns":8},{"damage":5,"enemies":"Chosen","floor":19,"turns":5},{"damage":5,"enemies":"3 Cultists","floor":21,"turns":4},{"damage":20,"enemies":"Snake Plant","floor":22,"turns":4},{"damage":23,"enemies":"Cultist and Chosen","floor":24,"turns":5},{"damage":31,"enemies":"Slaver and Parasite","floor":28,"turns":7},{"damage":5,"enemies":"Book of Stabbing","floor":29,"turns":6},{"damage":7,"enemies":"Snake Plant","floor":31,"turns":5},{"damage":17,"enemies":"Champ","floor":33,"turns":12},{"damage":0,"enemies":"Orb Walker","floor":35,"turns":3},{"damage":40,"enemies":"Mysterious Sphere","floor":36,"turns":7},{"damage":36,"enemies":"3 Darklings","floor":37,"turns":5},{"damage":52,"enemies":"2 Orb Walkers","floor":41,"turns":3}],"event_choices":[{"event_name":"Golden Wing","player_choice":"Card Removal","floor":2,"damage_taken":0},{"event_name":"Big Fish","player_choice":"Box","floor":4,"damage_taken":0},{"event_name":"Scrap Ooze","player_choice":"success","floor":12,"damage_taken":7},{"event_name":"Vampires","player_choice":"Ignored","floor":27,"damage_taken":0},{"event_name":"Mysterious Sphere","player_choice":"Fight","floor":36,"damage_taken":0},{"event_name":"Tomb of Lord Red Mask","player_choice":"Ignored","floor":38,"damage_taken":0}],"boss_relics":[{"not_picked":["Philosopher\u0027s Stone","Runic Pyramid"],"picked":"Black Star"},{"not_picked":["Orrery","Lizard Tail"],"picked":"Pandora\u0027s Box"}],"potions_floor_spawned":[3,7,13,14,21,29,31,37],"seed_played":"-8183218519558754077","killed_by":"2 Orb Walkers","ascension_level":10,"is_trial":false}