{"gold_per_floor":[111,261,274,274,288,288,213,50,102,137,12,30,30,57,57,134,134,147,147,147,166,166,198,198,210,210,243,259,259,259,272,272,346,346,359,377,99,115,126,146,146,166,190,190],"floor_reached":44,"playtime":3205,"items_purged":["Doubt","Strike_B"],"score":883,"play_id":"a636930d-4e54-464c-926c-c5494f93f7de","local_time":"20181107203217","is_ascension_mode":true,"campfire_choices":[{"data":"Zap","floor":6.0,"key":"SMITH"},{"data":"Loop","floor":15.0,"key":"SMITH"},{"floor":24.0,"key":"REST"},{"floor":30.0,"key":"REST"},{"floor":32.0,"key":"REST"},{"floor":41,"key":"REST"}],"neow_cost":"NONE","seed_source_timestamp":0,"circlet_count":0,"master_deck":["AscendersBane","Strike_B","Defend_B","Defend_B","Defend_B","Defend_B","Zap+1","Dualcast","Cold Snap","Cold Snap","Buffer","Go for the Eyes","Loop+1","Conserve Battery","Coolheaded","Sunder","Seek","Go for the Eyes","Cold Snap","White Noise","Cold Snap","Writhe","Self Repair","Blizzard","Go for the Eyes","FTL+1","Chill","Hologram","Coolheaded","Reboot","Coolheaded","Core Surge+1","Cold Snap+1","Loop","Defragment","Melter+1","Parasite","Glacier","Conserve Battery","FTL+1","Seek","Loop","Writhe"],"special_seed":0,"relics":["Cracked Core","Torii","Oddly Smooth Stone","Prayer Wheel","Bronze Scales","Fusion Hammer","Bag of Marbles","PreservedInsect","Molten Egg 2","Anchor","Cursed Key","Pear","Orichalcum"],"potions_floor_usage":[39,40,42,44],"damage_taken":[{"damage":8.0,"enemies":"Small Slimes","floor":1.0,"turns":3.0},{"damage":5.0,"enemies":"Jaw Worm","floor":3.0,"turns":4.0},{"damage":1.0,"enemies":"2 Louse","floor":5.0,"turns":3.0},{"damage":17.0,"enemies":"3 Sentries","floor":10.0,"turns":10.0},{"damage":12.0,"enemies":"Exordium Thugs","floor":12.0,"turns":5.0},{"damage":16.0,"enemies":"The Guardian","floor":16.0,"turns":12.0},{"damage":1.0,"enemies":"Spheric Guardian","floor":18.0,"turns":6.0},{"damage":7.0,"enemies":"Shell Parasite","floor":21.0,"turns":9.0},{"damage":1.0,"enemies":"Book of Stabbing","floor":23.0,"turns":6.0},{"damage":7.0,"enemies":"3 Cultists","floor":25.0,"turns":5.0},{"damage":28.0,"enemies":"Gremlin Leader","floor":27.0,"turns":8.0},{"damage":1.0,"enemies":"Snake Plant","floor":28.0,"turns":4.0},{"damage":6.0,"enemies":"Shelled Parasite and Fungi","floor":31.0,"turns":7.0},{"damage":57.0,"enemies":"Collector","floor":33.0,"turns":16.0},{"damage":13.0,"enemies":"3 Shapes","floor":35.0,"turns":4.0},{"damage":2.0,"enemies":"Orb Walker","floor":36.0,"turns":5.0},{"damage":1.0,"enemies":"Spire Growth","floor":38.0,"turns":5.0},{"damage":35,"enemies":"Writhing Mass","floor":39,"turns":7},{"damage":22,"enemies":"Jaw Worm Horde","floor":40,"turns":6},{"damage":10,"enemies":"Sphere and 2 Shapes","floor":42,"turns":7},{"damage":63,"enemies":"Reptomancer","floor":44,"turns":5}],"seed_played":"-2272874008273954865","potions_obtained":[{"floor":5.0,"key":"FearPotion"},{"floor":12.0,"key":"EssenceOfSteel"},{"floor":23.0,"key":"FearPotion"},{"floor":25.0,"key":"AttackPotion"},{"floor":27.0,"key":"EssenceOfSteel"},{"floor":33.0,"key":"EssenceOfSteel"},{"floor":35.0,"key":"Swift Potion"},{"floor":39,"key":"AttackPotion"},{"floor":40,"key":"GamblersBrew"}],"is_trial":false,"path_per_floor":["M","?","M","?","M","R","?","$","T","E","$","M","?","T","R","B",null,"M","?","?","M","?","E","R","M","T","E","M","?","R","M","R","B",null,"M","M","$","M","M","M","R","M","T","E"],"character_chosen":"DEFECT","items_purchased":["Loop","Coolheaded","Pear"],"campfire_rested":4,"item_purchase_floors":[8,11,37],"current_hp_per_floor":[56,56,51,51,50,50,50,50,50,33,33,21,21,21,21,5,55,54,54,54,47,47,46,67,67,67,39,38,38,59,60,71,21,59,53,58,68,74,46,31,55,52,52,0],"gold":190,"neow_bonus":"THREE_CARDS","is_prod":false,"is_daily":false,"chose_seed":false,"campfire_upgraded":2,"win_rate":0,"timestamp":1541651537,"path_taken":["M","?","M","?","M","R","?","$","T","E","?","M","?","?","R","BOSS","M","?","?","M","?","E","R","M","T","E","?","?","R","M","R","BOSS","M","?","$","M","M","M","R","M","T","E"],"build_version":"2018-11-01","purchased_purges":2,"victory":false,"max_hp_per_floor":[71,71,71,71,71,71,71,71,71,71,71,71,71,71,71,71,71,71,71,71,71,71,71,71,71,71,71,71,71,71,71,71,71,71,71,71,81,81,81,81,81,81,81,81],"card_choices":[{"not_picked":["Conserve Battery","Redo"],"picked":"Cold Snap","floor":0.0},{"not_picked":["Go for the Eyes","Conserve Battery"],"picked":"Cold Snap","floor":1.0},{"not_picked":["Streamline","Doom and Gloom"],"picked":"Buffer","floor":3.0},{"not_picked":["Barrage","Hello World"],"picked":"Go for the Eyes","floor":5.0},{"not_picked":["Scrape","Leap"],"picked":"Conserve Battery","floor":10.0},{"not_picked":["Beam Cell","Turbo"],"picked":"Sunder","floor":12.0},{"not_picked":["Auto Shields","Gash","Redo"],"picked":"SKIP","floor":12.0},{"not_picked":["Thunder Strike","Meteor Strike"],"picked":"Seek","floor":16.0},{"not_picked":["Rebound+1","Stack"],"picked":"Go for the Eyes","floor":18.0},{"not_picked":["Rebound","Coolheaded"],"picked":"Cold Snap","floor":18.0},{"not_picked":["Rebound","Fusion"],"picked":"White Noise","floor":21.0},{"not_picked":["Conserve Battery","Darkness"],"picked":"Cold Snap","floor":21.0},{"not_picked":["Barrage","Force Field"],"picked":"Self Repair","floor":23.0},{"not_picked":["Core Surge","Fusion"],"picked":"Blizzard","floor":25.0},{"not_picked":["Compile Driver","Gash"],"picked":"Go for the Eyes","floor":25.0},{"not_picked":["Steam","Streamline+1","Scrape+1"],"picked":"SKIP","floor":27.0},{"not_picked":["Steam","Chaos"],"picked":"FTL+1","floor":28.0},{"not_picked":["Rebound+1","Compile Driver+1","Turbo+1"],"picked":"SKIP","floor":28.0},{"not_picked":["Self Repair","Redo"],"picked":"Hologram","floor":31.0},{"not_picked":["Go for the Eyes+1","Leap"],"picked":"Coolheaded","floor":31.0},{"not_picked":["Amplify","Rainbow"],"picked":"Reboot","floor":33.0},{"not_picked":["Double Energy","Leap+1"],"picked":"Coolheaded","floor":35.0},{"not_picked":["Rebound+1","Hologram"],"picked":"Core Surge+1","floor":35.0},{"not_picked":["Coolheaded","Sweeping Beam+1"],"picked":"Cold Snap+1","floor":36.0},{"not_picked":["Double Energy","Conserve Battery"],"picked":"Loop","floor":36.0},{"not_picked":["Cold Snap+1","Recycle"],"picked":"Defragment","floor":38.0},{"not_picked":["Hello World","Redo"],"picked":"Melter+1","floor":38.0},{"not_picked":["Cold Snap+1","Static Discharge+1"],"picked":"Glacier","floor":39},{"not_picked":["Skim+1","Barrage+1"],"picked":"Conserve Battery","floor":39},{"not_picked":["Hologram","Barrage+1"],"picked":"FTL+1","floor":40},{"not_picked":["Turbo","Sweeping Beam+1"],"picked":"Seek","floor":40},{"not_picked":["Leap+1","Reprogram+1"],"picked":"Loop","floor":42},{"not_picked":["Fusion","Tempest+1","Skim"],"picked":"SKIP","floor":42}],"player_experience":1036820,"relics_obtained":[{"floor":9.0,"key":"Oddly Smooth Stone"},{"floor":10.0,"key":"Prayer Wheel"},{"floor":14.0,"key":"Bronze Scales"},{"floor":23.0,"key":"PreservedInsect"},{"floor":26.0,"key":"Molten Egg 2"},{"floor":27.0,"key":"Anchor"},{"floor":43,"key":"Orichalcum"}],"event_choices":[{"damage_healed":0.0,"max_hp_gain":0.0,"max_hp_loss":0.0,"gold_gain":150.0,"event_name":"Liars Game","player_choice":"AGREE","floor":2.0,"gold_loss":0.0,"damage_taken":0.0,"cards_obtained":["Doubt"]},{"damage_healed":0.0,"max_hp_gain":0.0,"max_hp_loss":0.0,"gold_gain":0.0,"event_name":"Big Fish","player_choice":"Box","floor":4.0,"gold_loss":0.0,"damage_taken":0.0,"relics_obtained":["Torii"],"cards_obtained":["Regret"]},{"cards_removed":["Regret"],"damage_healed":0.0,"max_hp_gain":0.0,"max_hp_loss":0.0,"gold_gain":0.0,"event_name":"The Cleric","player_choice":"Card Removal","floor":7.0,"gold_loss":75.0,"damage_taken":0.0},{"cards_removed":["Strike_B"],"damage_healed":0.0,"max_hp_gain":0.0,"max_hp_loss":0.0,"gold_gain":0.0,"event_name":"Living Wall","player_choice":"Forget","floor":13.0,"gold_loss":0.0,"damage_taken":0.0},{"damage_healed":0.0,"max_hp_gain":0.0,"max_hp_loss":0.0,"gold_gain":0.0,"event_name":"Ghosts","player_choice":"Ignored","floor":19.0,"gold_loss":0.0,"damage_taken":0.0},{"damage_healed":0.0,"max_hp_gain":0.0,"max_hp_loss":0.0,"gold_gain":0.0,"event_name":"Cursed Tome","player_choice":"Ignored","floor":20.0,"gold_loss":0.0,"damage_taken":0.0},{"damage_healed":0.0,"max_hp_gain":0.0,"max_hp_loss":0.0,"gold_gain":0.0,"event_name":"The Mausoleum","player_choice":"Opened","floor":22.0,"gold_loss":0.0,"damage_taken":0.0,"relics_obtained":["Bag of Marbles"],"cards_obtained":["Writhe"]},{"damage_healed":0.0,"max_hp_gain":0.0,"max_hp_loss":0.0,"gold_gain":0.0,"cards_transformed":["Strike_B"],"event_name":"Transmorgrifier","player_choice":"Transformed","floor":29.0,"gold_loss":0.0,"damage_taken":0.0,"cards_obtained":["Chill"]}],"is_beta":false,"boss_relics":[{"not_picked":["Tiny House","FrozenCore"],"picked":"Fusion Hammer"},{"not_picked":["Snecko Eye","Pandora\u0027s Box"],"picked":"Cursed Key"}],"items_purged_floors":[8,11],"is_endless":false,"potions_floor_spawned":[5,12,23,25,27,33,35,38,39,40],"killed_by":"Reptomancer","ascension_level":17}