{"path_per_floor":["M","?","M","?","M","R","M","M","T","E","$","E","M","$","R","B",null,"M","M","?","?","M"],"character_chosen":"THE_SILENT","items_purchased":["Bullet Time","Catalyst","Riddle With Holes"],"gold_per_floor":[10,10,29,29,54,54,24,44,67,111,42,86,109,5,5,131,131,126,146,146,146,165],"floor_reached":23,"campfire_rested":0,"playtime":3056,"current_hp_per_floor":[70,65,65,65,65,65,64,55,55,60,60,72,64,64,64,32,72,43,39,39,39,24],"items_purged":[],"gold":165,"score":226,"play_id":"66d8e49c-ffc7-4e2c-a7d8-48247697954a","is_prod":false,"is_daily":false,"is_ascension_mode":false,"campfire_upgraded":2,"path_taken":["M","?","?","?","M","R","M","?","T","E","$","E","M","?","R","BOSS","M","M","?","?","M","E"],"build_version":"2018-02-15-PROD1","purchased_purges":0,"victory":false,"master_deck":["Defend_G","Defend_G","Defend_G","Defend_G","Defend_G","Strike_G","Strike_G","Strike_G","Strike_G","Survivor","Neutralize","Footwork","Well Laid Plans+1","Footwork","Backflip","Escape Plan","Deadly Poison","Bullet Time","Riddle With Holes","Unload","Catalyst+1","Riddle With Holes","Night Terror","Dagger Throw","Writhe","Prepared"],"max_hp_per_floor":[70,65,65,65,65,65,65,65,65,72,72,72,72,72,72,72,72,72,72,72,72,72],"relics":["Ring of the Snake","Unceasing Top","Bloody Idol","Snake Skull","Strawberry","Prayer Wheel","The Specimen","Happy Flower"],"card_choices":[{"not_picked":["Calculated Gamble","Caltrops"],"picked":"Footwork"},{"not_picked":["Sucker Punch","Slice"],"picked":"Well Laid Plans"},{"not_picked":["Backflip","Prepared"],"picked":"Footwork"},{"not_picked":["Dodge and Roll","Acrobatics"],"picked":"Backflip"},{"not_picked":["Prepared","Slice"],"picked":"Escape Plan"},{"not_picked":["Masterful Stab","Blade Dance"],"picked":"Deadly Poison"},{"not_picked":["Choke","Backflip"],"picked":"Riddle With Holes"},{"not_picked":["Catalyst","Dagger Spray"],"picked":"Unload"},{"not_picked":["A Thousand Cuts","Bullet Time"],"picked":"Night Terror"},{"not_picked":["Eviscerate","Deflect"],"picked":"Dagger Throw"},{"not_picked":["Flying Knee","Dagger Throw"],"picked":"Prepared"}],"player_experience":41389,"potions_floor_usage":[10,12,22,22],"damage_taken":[{"damage":0,"enemies":"Jaw Worm","floor":1,"turns":5},{"damage":0,"enemies":"2 Louse","floor":3,"turns":4},{"damage":0,"enemies":"Cultist","floor":5,"turns":5},{"damage":1,"enemies":"Looter","floor":7,"turns":4},{"damage":9,"enemies":"Lots of Slimes","floor":8,"turns":8},{"damage":2,"enemies":"Lagavulin","floor":10,"turns":17},{"damage":0,"enemies":"3 Sentries","floor":12,"turns":13},{"damage":8,"enemies":"Exordium Wildlife","floor":13,"turns":6},{"damage":32,"enemies":"Hexaghost","floor":16,"turns":8},{"damage":29,"enemies":"2 Thieves","floor":18,"turns":4},{"damage":4,"enemies":"Chosen","floor":19,"turns":5},{"damage":35,"enemies":"Slaver and Parasite","floor":22,"turns":5},{"damage":26,"enemies":"Book of Stabbing","floor":23,"turns":7}],"event_choices":[{"event_name":"Golden Idol","player_choice":"Lose Max HP","floor":2,"damage_taken":0},{"event_name":"Purifier","player_choice":"One Purge","floor":4,"damage_taken":0},{"event_name":"Forgotten Altar","player_choice":"Gave Idol","floor":20,"damage_taken":0},{"event_name":"The Mausoleum","player_choice":"Yes","floor":21,"damage_taken":0}],"boss_relics":[{"not_picked":["Philosopher\u0027s Stone","Question Card"],"picked":"The Specimen"}],"potions_floor_spawned":[1,3,8,13,18],"seed_played":"8782678369235360033","killed_by":"Book of Stabbing","ascension_level":0,"is_trial":false}