{"gold_per_floor":[20,20,20,32,46,46,63,63,141,161,161,175,250,305,305,384,384,395,395,128,144,144],"floor_reached":22,"playtime":883,"items_purged":["Strike_G"],"score":372,"play_id":"41d1d378-f086-4b00-aa64-c5bcf73627c3","local_time":"20190402122355","is_ascension_mode":true,"campfire_choices":[{"data":"1","floor":6.0,"key":"LIFT"},{"data":"2","floor":8.0,"key":"LIFT"},{"data":"3","floor":11.0,"key":"LIFT"},{"data":"Cloak And Dagger","floor":15.0,"key":"SMITH"}],"neow_cost":"NO_GOLD","seed_source_timestamp":0,"circlet_count":0,"master_deck":["AscendersBane","Defend_G","Defend_G","Defend_G","Defend_G","Defend_G","Strike_G","Strike_G","Strike_G","Survivor","Neutralize","Deadly Poison","Bane","Bane","Dagger Spray","Quick Slash","Cloak And Dagger+1","Deflect","Envenom","Leg Sweep","Footwork","Adrenaline"],"special_seed":0,"relics":["Ring of the Snake","Girya","Pen Nib","Bottled Flame","Tiny Chest","MutagenicStrength"],"potions_floor_usage":[],"damage_taken":[{"damage":7.0,"enemies":"Small Slimes","floor":1.0,"turns":5.0},{"damage":2.0,"enemies":"Jaw Worm","floor":4.0,"turns":5.0},{"damage":0.0,"enemies":"Cultist","floor":5.0,"turns":3.0},{"damage":10.0,"enemies":"Lots of Slimes","floor":7.0,"turns":5.0},{"damage":4.0,"enemies":"Large Slime","floor":10.0,"turns":5.0},{"damage":0.0,"enemies":"2 Fungi Beasts","floor":12.0,"turns":3.0},{"damage":5.0,"enemies":"3 Sentries","floor":14.0,"turns":3.0},{"damage":10.0,"enemies":"Slime Boss","floor":16.0,"turns":7.0},{"damage":19.0,"enemies":"Spheric Guardian","floor":18.0,"turns":4.0},{"damage":6.0,"enemies":"Shell Parasite","floor":21.0,"turns":6.0},{"damage":20,"enemies":"Cultist and Chosen","floor":22,"turns":4}],"seed_played":"7787029164546288895","potions_obtained":[{"floor":1.0,"key":"Fire Potion"},{"floor":7.0,"key":"GamblersBrew"},{"floor":10.0,"key":"Energy Potion"}],"is_trial":false,"path_per_floor":["M","?","?","M","M","R","M","R","T","M","R","M","?","E","R","B",null,"M","?","$","M","M"],"character_chosen":"THE_SILENT","items_purchased":["Footwork","Adrenaline"],"campfire_rested":0,"item_purchase_floors":[20,20],"current_hp_per_floor":[52,47,47,45,45,45,35,35,35,31,31,31,20,15,15,5,51,32,32,32,26,6],"gold":144,"neow_bonus":"ONE_RARE_RELIC","is_prod":false,"is_daily":false,"chose_seed":true,"campfire_upgraded":1,"win_rate":0,"timestamp":1554200635,"path_taken":["M","?","?","M","?","R","?","R","T","M","R","M","?","E","R","BOSS","M","?","$","M","M"],"build_version":"2019-01-23","purchased_purges":1,"victory":false,"max_hp_per_floor":[66,66,66,66,66,66,66,66,66,66,66,66,66,66,66,66,66,66,66,66,66,66],"card_choices":[{"not_picked":["Escape Plan","Sucker Punch"],"picked":"Deadly Poison","floor":1.0},{"not_picked":["Quick Slash","Dodge and Roll"],"picked":"Bane","floor":4.0},{"not_picked":["Quick Slash","Concentrate"],"picked":"Bane","floor":5.0},{"not_picked":["Sucker Punch","Tactician"],"picked":"Dagger Spray","floor":7.0},{"not_picked":["Prepared","Dodge and Roll"],"picked":"Quick Slash","floor":10.0},{"not_picked":["Burst","Reflex"],"picked":"Cloak And Dagger","floor":12.0},{"not_picked":["Dagger Spray","Slice"],"picked":"Deflect","floor":14.0},{"not_picked":["Grand Finale","Night Terror"],"picked":"Envenom","floor":16.0},{"not_picked":["Predator","Heel Hook"],"picked":"Leg Sweep","floor":18.0},{"not_picked":["Dagger Throw","Crippling Poison","Eviscerate"],"picked":"SKIP","floor":21.0}],"player_experience":566008,"relics_obtained":[{"floor":9.0,"key":"Bottled Flame"},{"floor":14.0,"key":"Tiny Chest"}],"event_choices":[{"damage_healed":0.0,"max_hp_gain":0.0,"max_hp_loss":0.0,"gold_gain":0.0,"event_name":"Scrap Ooze","player_choice":"Success","floor":2.0,"gold_loss":0.0,"damage_taken":5.0,"relics_obtained":["Pen Nib"]},{"cards_removed":["Strike_G"],"damage_healed":0.0,"max_hp_gain":0.0,"max_hp_loss":0.0,"gold_gain":0.0,"event_name":"Bonfire Elementals","player_choice":"Offered Basic","floor":3.0,"gold_loss":0.0,"damage_taken":0.0},{"damage_healed":0.0,"max_hp_gain":0.0,"max_hp_loss":0.0,"gold_gain":75.0,"event_name":"World of Goop","player_choice":"Gather Gold","floor":13.0,"gold_loss":0.0,"damage_taken":11.0},{"damage_healed":0.0,"max_hp_gain":0.0,"max_hp_loss":0.0,"gold_gain":0.0,"event_name":"Drug Dealer","player_choice":"Inject Mutagens","floor":19.0,"gold_loss":0.0,"damage_taken":0.0,"relics_obtained":["MutagenicStrength"]}],"is_beta":false,"boss_relics":[{"not_picked":["Snecko Eye","Calling Bell","Runic Dome"]}],"items_purged_floors":[20],"is_endless":false,"potions_floor_spawned":[1,7,10],"killed_by":"Cultist and Chosen","ascension_level":20}