{"gold_per_floor":[218,235,310,329,279,305,305,333,333,333,17,37,52,67,67,171,171,181,198,223,102,102,132,151,182,227,242,242,258,292,215,215,316,316,334,349,361,0,18,18,47,47,47,47,72,88,310,330,330,330],"floor_reached":51,"playtime":3516,"items_purged":["Strike_R","Defend_R"],"score":829,"play_id":"831d75ea-6e7c-423b-beb8-25abdd633449","local_time":"20180803005520","is_ascension_mode":false,"campfire_choices":[{"data":"Exhume","floor":7.0,"key":"SMITH"},{"data":"Anger","floor":10.0,"key":"SMITH"},{"data":"Pommel Strike","floor":15.0,"key":"SMITH"},{"floor":28,"key":"REST"},{"data":"Armaments","floor":32,"key":"SMITH"},{"data":"Fiend Fire","floor":40,"key":"SMITH"},{"floor":49,"key":"REST"}],"neow_cost":"NONE","seed_source_timestamp":0,"circlet_count":0,"master_deck":["Strike_R","Strike_R","Strike_R","Defend_R","Defend_R","Defend_R","Bash","Iron Wave","Anger+1","Clothesline","Exhume+1","Inflame","Anger+1","Spot Weakness","Pommel Strike+1","Offering","Uppercut+1","Shrug It Off","Whirlwind","Shrug It Off","Fiend Fire+1","Rampage","Armaments+1","Barricade","J.A.X.","Double Tap","Shockwave+1","Anger","Body Slam+1","Anger+1","Demon Form"],"special_seed":0,"relics":["Burning Blood","Vajra","Self Forming Clay","Singing Bowl","Strange Spoon","Philosopher\u0027s Stone","Red Mask","Gremlin Horn","Juzu Bracelet","Anchor","Mercury Hourglass","Snecko Eye","Ornamental Fan","Charon\u0027s Ashes","Blue Candle","Letter Opener"],"potions_floor_usage":[23,23,25,25,30,33,33,45,50],"damage_taken":[{"damage":1.0,"enemies":"Jaw Worm","floor":1.0,"turns":5.0},{"damage":8.0,"enemies":"2 Louse","floor":2.0,"turns":4.0},{"damage":0.0,"enemies":"Small Slimes","floor":4.0,"turns":3.0},{"damage":13.0,"enemies":"3 Sentries","floor":6.0,"turns":9.0},{"damage":26.0,"enemies":"Gremlin Nob","floor":8.0,"turns":5.0},{"damage":4.0,"enemies":"Red Slaver","floor":12.0,"turns":3.0},{"damage":4.0,"enemies":"Exordium Thugs","floor":13.0,"turns":4.0},{"damage":7.0,"enemies":"Blue Slaver","floor":14.0,"turns":2.0},{"damage":23.0,"enemies":"Hexaghost","floor":16.0,"turns":7.0},{"damage":10,"enemies":"Spheric Guardian","floor":18,"turns":3},{"damage":20,"enemies":"Shell Parasite","floor":19,"turns":3},{"damage":10,"floor":20,"turns":2},{"damage":25,"enemies":"Slavers","floor":23,"turns":5},{"damage":5,"enemies":"3 Cultists","floor":24,"turns":2},{"damage":7,"enemies":"Gremlin Leader","floor":25,"turns":4},{"damage":5,"enemies":"Centurion and Healer","floor":27,"turns":3},{"damage":10,"enemies":"Slaver and Parasite","floor":29,"turns":5},{"damage":21,"enemies":"Book of Stabbing","floor":30,"turns":4},{"damage":27,"enemies":"Champ","floor":33,"turns":6},{"damage":32,"enemies":"3 Darklings","floor":35,"turns":4},{"damage":0,"enemies":"Orb Walker","floor":36,"turns":2},{"damage":0,"enemies":"Sphere and 2 Shapes","floor":37,"turns":2},{"damage":9,"enemies":"Spire Growth","floor":39,"turns":4},{"damage":8,"enemies":"Giant Head","floor":41,"turns":6},{"damage":21,"enemies":"2 Orb Walkers","floor":45,"turns":3},{"damage":0,"enemies":"Transient","floor":46,"turns":5},{"damage":0,"enemies":"4 Shapes","floor":48,"turns":3},{"damage":40,"enemies":"Awakened One","floor":50,"turns":7}],"seed_played":"-7082543965667479134","potions_obtained":[{"floor":2.0,"key":"SpeedPotion"},{"floor":8.0,"key":"BloodPotion"},{"floor":13.0,"key":"GamblersBrew"},{"floor":16.0,"key":"Swift Potion"},{"floor":18,"key":"Dexterity Potion"},{"floor":23,"key":"Fire Potion"},{"floor":25,"key":"GamblersBrew"},{"floor":29,"key":"Swift Potion"},{"floor":30,"key":"AttackPotion"},{"floor":39,"key":"Fire Potion"},{"floor":41,"key":"SteroidPotion"},{"floor":46,"key":"SkillPotion"},{"floor":48,"key":"Swift Potion"}],"is_trial":false,"path_per_floor":["M","M","?","M","?","E","R","E","T","R","$","M","M","M","R","B",null,"M","M","?","$","?","E","M","E","T","M","R","M","E","?","R","B",null,"M","M","M","$","M","R","E","$","T","?","E","M","?","M","R","B"],"character_chosen":"IRONCLAD","items_purchased":["Strange Spoon","Inflame","Anger","Shrug It Off","Ornamental Fan"],"campfire_rested":2,"item_purchase_floors":[11,11,11,21,38],"current_hp_per_floor":[80,78,67,73,73,66,66,46,46,46,46,48,50,51,51,42,82,80,68,64,64,64,45,46,45,45,46,71,67,52,52,52,31,86,62,68,74,74,73,73,71,71,71,71,58,64,64,70,92,58],"gold":330,"neow_bonus":"HUNDRED_GOLD","is_prod":false,"is_daily":false,"chose_seed":false,"campfire_upgraded":5,"win_rate":0,"timestamp":1533250520,"path_taken":["M","M","?","M","?","E","R","E","T","R","$","?","M","M","R","BOSS","M","M","?","$","?","E","?","E","T","M","R","M","E","?","R","BOSS","M","M","M","$","M","R","E","$","T","?","E","M","?","M","R","BOSS"],"build_version":"2018-07-26","purchased_purges":2,"victory":true,"max_hp_per_floor":[80,80,80,80,80,80,80,80,80,80,80,80,80,82,82,82,82,84,86,86,86,86,86,86,86,86,86,86,86,86,86,86,86,86,88,88,88,88,90,90,90,90,90,90,92,92,92,92,92,92],"card_choices":[{"not_picked":["Sword Boomerang","Thunderclap"],"picked":"Iron Wave","floor":1.0},{"not_picked":["Perfected Strike","Fire Breathing"],"picked":"Anger","floor":2.0},{"not_picked":["Wild Strike","Iron Wave"],"picked":"Clothesline","floor":4.0},{"not_picked":["Warcry","Infernal Blade"],"picked":"Exhume","floor":6.0},{"not_picked":["Warcry","Sword Boomerang","Second Wind"],"picked":"SKIP","floor":8.0},{"not_picked":["Sword Boomerang","Havoc"],"picked":"Spot Weakness","floor":12.0},{"not_picked":["Anger","Combust"],"picked":"Pommel Strike","floor":13.0},{"not_picked":["Burning Pact","Pummel","Heavy Blade"],"picked":"Singing Bowl","floor":14.0},{"not_picked":["Feed","Immolate"],"picked":"Offering","floor":16.0},{"not_picked":["Second Wind+1","Blood for Blood","Pommel Strike"],"picked":"Singing Bowl","floor":18},{"not_picked":["Warcry","Intimidate","Blood for Blood+1"],"picked":"Singing Bowl","floor":19},{"not_picked":["Body Slam+1","Thunderclap"],"picked":"Uppercut+1","floor":20},{"not_picked":["Havoc","Reckless Charge+1"],"picked":"Whirlwind","floor":23},{"not_picked":["Clash","Wild Strike+1"],"picked":"Shrug It Off","floor":24},{"not_picked":["True Grit+1","Brutality"],"picked":"Fiend Fire","floor":25},{"not_picked":["Fire Breathing","Twin Strike+1"],"picked":"Rampage","floor":27},{"not_picked":["Twin Strike","Flex"],"picked":"Armaments","floor":29},{"not_picked":["Burning Pact","Bloodletting"],"picked":"Barricade","floor":30},{"not_picked":["Berserk","Impervious"],"picked":"Double Tap","floor":33},{"not_picked":["Body Slam","Thunderclap","Sword Boomerang+1"],"picked":"Singing Bowl","floor":35},{"not_picked":["Whirlwind+1","Perfected Strike"],"picked":"Shockwave+1","floor":36},{"not_picked":["Feel No Pain","Clothesline"],"picked":"Anger","floor":37},{"not_picked":["Perfected Strike+1","Dropkick","Clash+1"],"picked":"Singing Bowl","floor":39},{"not_picked":["Ghostly Armor+1","Pommel Strike"],"picked":"Body Slam+1","floor":41},{"not_picked":["Rupture+1","Perfected Strike+1","Armaments"],"picked":"Singing Bowl","floor":45},{"not_picked":["Perfected Strike+1","Infernal Blade"],"picked":"Anger+1","floor":46},{"not_picked":["Twin Strike+1","Havoc"],"picked":"Demon Form","floor":48}],"player_experience":73565,"relics_obtained":[{"floor":6.0,"key":"Vajra"},{"floor":8.0,"key":"Self Forming Clay"},{"floor":9.0,"key":"Singing Bowl"},{"floor":20,"key":"Red Mask"},{"floor":23,"key":"Gremlin Horn"},{"floor":25,"key":"Juzu Bracelet"},{"floor":26,"key":"Anchor"},{"floor":30,"key":"Mercury Hourglass"},{"floor":41,"key":"Charon\u0027s Ashes"},{"floor":43,"key":"Blue Candle"},{"floor":45,"key":"Letter Opener"}],"event_choices":[{"event_name":"World of Goop","player_choice":"Gather Gold","floor":3.0,"damage_taken":0.0},{"event_name":"The Cleric","player_choice":"Card Removal","floor":5.0,"damage_taken":0.0},{"event_name":"Masked Bandits","player_choice":"Fought over 198 gold","floor":20,"damage_taken":0},{"event_name":"Accursed Blacksmith","player_choice":"Ignore","floor":22,"damage_taken":0},{"event_name":"Drug Dealer","player_choice":"Got JAXXED","floor":31,"damage_taken":0},{"event_name":"Upgrade Shrine","player_choice":"Upgraded","floor":44,"damage_taken":0},{"event_name":"Tomb of Lord Red Mask","player_choice":"Wore Mask","floor":47,"damage_taken":0}],"is_beta":false,"boss_relics":[{"not_picked":["Runic Cube","Fusion Hammer"],"picked":"Philosopher\u0027s Stone"},{"not_picked":["Black Blood","White Beast Statue"],"picked":"Snecko Eye"}],"items_purged_floors":[21,38],"is_endless":false,"potions_floor_spawned":[2,8,13,16,18,23,25,29,30,39,41,46,48],"ascension_level":0}