{"gold_per_floor":[38,38,150,263,381,381,42,42,160,274,387,387,15,15,132,250,368,484],"floor_reached":19,"playtime":1531,"items_purged":["Strike_B","Strike_B"],"score":2490,"play_id":"13b27340-2b6e-4ef3-93ba-5d9937ec8739","local_time":"20190407222908","daily_mods":["Uncertain Future"],"is_ascension_mode":false,"campfire_choices":[{"data":"Zap","floor":8,"key":"SMITH"},{"data":"Dualcast","floor":14,"key":"SMITH"}],"neow_cost":"","seed_source_timestamp":0,"circlet_count":0,"master_deck":["Strike_B","Strike_B","Defend_B","Defend_B","Defend_B","Defend_B","Zap+1","Dualcast+1","Chill+1","Loop+1","Capacitor+1","Echo Form+1","Static Discharge+1","Heatsinks+1","Self Repair+1","Redo+1","Barrage+1","FTL+1","Hologram+1","Force Field+1","Coolheaded+1","Lockon+1","Doom and Gloom+1","Self Repair+1","Electrodynamics+1","Defragment+1","Reinforced Body+1","White Noise+1","Creative AI+1","Chaos+1","Coolheaded+1","Compile Driver+1","Darkness+1","Stack+1"],"relics":["Cracked Core","The Courier","Molten Egg 2","Toxic Egg 2","Frozen Egg 2","Mummified Hand","Happy Flower","Strawberry","Shuriken","Inserter","Bronze Scales","FossilizedHelix","Bag of Preparation","Cursed Key","DataDisk","Singing Bowl","Ornamental Fan","Centennial Puzzle","Bag of Marbles"],"potions_floor_usage":[3,9,10,16,18,18],"damage_taken":[{"damage":20,"enemies":"Hexaghost","floor":3,"turns":6},{"damage":16,"enemies":"The Guardian","floor":4,"turns":8},{"damage":0,"enemies":"Slime Boss","floor":5,"turns":8},{"damage":17,"enemies":"Collector","floor":9,"turns":4},{"damage":34,"enemies":"Champ","floor":10,"turns":5},{"damage":3,"enemies":"Automaton","floor":11,"turns":7},{"damage":0,"enemies":"Time Eater","floor":15,"turns":7},{"damage":44,"enemies":"Awakened One","floor":16,"turns":7},{"damage":13,"enemies":"Donu and Deca","floor":17,"turns":4},{"damage":64,"enemies":"The Heart","floor":18,"turns":7}],"seed_played":"1598031540359567327","potions_obtained":[{"floor":4,"key":"Explosive Potion"},{"floor":9,"key":"PowerPotion"},{"floor":16,"key":"FearPotion"},{"floor":17,"key":"SkillPotion"},{"floor":18,"key":"PowerPotion"}],"is_trial":true,"path_per_floor":["$","$","M","M","M","T","$","R","M","M","M","T","$","R","M","M","M","M",null],"character_chosen":"DEFECT","items_purchased":["Chill+1","Mummified Hand","Loop+1","Capacitor+1","Echo Form+1","Static Discharge+1","Heatsinks+1","Self Repair+1","Redo+1","Barrage+1","FTL+1","Hologram+1","Force Field+1","Coolheaded+1","Block Potion","PowerPotion","Self Repair+1","Electrodynamics+1","Defragment+1","DataDisk","Chaos+1","Coolheaded+1","EssenceOfSteel","Explosive Potion"],"campfire_rested":0,"item_purchase_floors":[1,1,1,1,1,1,1,1,1,1,1,1,1,1,1,7,7,7,7,13,13,13,13,13],"current_hp_per_floor":[75,75,65,66,82,82,82,82,75,81,82,82,82,82,82,68,82,30],"gold":484,"neow_bonus":"","is_prod":false,"is_daily":false,"chose_seed":false,"campfire_upgraded":2,"win_rate":0,"timestamp":1554694148,"path_taken":["$","$","M","M","M","T","$","R","M","M","M","T","$","R","M","M","M","M"],"build_version":"2019-01-23","purchased_purges":2,"victory":true,"max_hp_per_floor":[75,75,75,82,82,82,82,82,82,82,82,82,82,82,82,82,82,84],"card_choices":[{"not_picked":["Melter+1","Redo+1"],"picked":"Lockon+1","floor":3},{"not_picked":["Lockon+1","Redo+1","Barrage+1"],"picked":"SKIP","floor":4},{"not_picked":["Cold Snap+1","Steam+1"],"picked":"Doom and Gloom+1","floor":5},{"not_picked":["Double Energy+1","Streamline+1"],"picked":"Reinforced Body+1","floor":9},{"not_picked":["Blizzard+1","Go for the Eyes+1"],"picked":"White Noise+1","floor":10},{"not_picked":["Cold Snap+1","Streamline+1"],"picked":"Creative AI+1","floor":11},{"not_picked":["Go for the Eyes+1","Leap+1"],"picked":"Compile Driver+1","floor":15},{"not_picked":["Gash+1","Rip and Tear+1"],"picked":"Darkness+1","floor":16},{"not_picked":["Reprogram+1","Ball Lightning+1"],"picked":"Stack+1","floor":17},{"not_picked":["Barrage+1","Chill+1","Aggregate+1"],"picked":"Singing Bowl","floor":18}],"player_experience":711148,"relics_obtained":[{"floor":3,"key":"Happy Flower"},{"floor":4,"key":"Strawberry"},{"floor":5,"key":"Shuriken"},{"floor":9,"key":"Bronze Scales"},{"floor":10,"key":"FossilizedHelix"},{"floor":11,"key":"Bag of Preparation"},{"floor":15,"key":"Singing Bowl"},{"floor":16,"key":"Ornamental Fan"},{"floor":17,"key":"Centennial Puzzle"},{"floor":18,"key":"Bag of Marbles"}],"event_choices":[],"is_beta":false,"boss_relics":[{"not_picked":["Eternal Feather","Runic Pyramid"],"picked":"Inserter"},{"not_picked":["Ectoplasm","Velvet Choker"],"picked":"Cursed Key"}],"items_purged_floors":[7,13],"is_endless":false,"potions_floor_spawned":[4,9,16,17,18],"ascension_level":0}