{"path_per_floor":["M","M","M","$","?","R","E","?","T","$","R","E","R","M","R","B",null,"M","$","?","?","?","R","$","M","T","$","?","$","M","M","R","B",null,"M","M","$"],"character_chosen":"THE_SILENT","items_purchased":["Noxious Fumes","Catalyst","Noxious Fumes"],"gold_per_floor":[117,130,143,68,68,68,111,111,134,67,67,111,111,131,131,262,262,283,183,183,183,222,222,62,82,108,68,68,68,81,95,95,214,214,234,253,103,103],"floor_reached":38,"campfire_rested":3,"playtime":2442,"current_hp_per_floor":[69,68,68,68,68,68,39,39,39,39,39,28,28,20,43,18,62,46,46,46,46,15,38,38,36,36,36,36,36,9,11,36,7,64,60,23,23,0],"items_purged":["Strike_G","Injury","Writhe","Slice"],"gold":103,"score":658,"play_id":"af07646f-bb01-4fbb-899e-cc6d7fa2a607","local_time":"20180521213727","is_prod":false,"is_daily":false,"chose_seed":false,"is_ascension_mode":true,"campfire_upgraded":3,"timestamp":1526963847,"campfire_choices":[{"data":"Footwork","floor":6,"key":"SMITH"},{"data":"Noxious Fumes","floor":11,"key":"SMITH"},{"data":"Survivor","floor":13,"key":"SMITH"},{"floor":15,"key":"REST"},{"floor":23,"key":"REST"},{"floor":32,"key":"REST"}],"path_taken":["M","M","M","$","?","R","E","?","T","$","R","E","R","M","R","BOSS","M","$","?","?","?","R","?","M","T","$","?","$","M","M","R","BOSS","M","M","$","M"],"build_version":"2018-05-17","seed_source_timestamp":334649370367435,"purchased_purges":5,"victory":false,"master_deck":["Defend_G+1","Defend_G+1","Defend_G+1","Defend_G+1","Defend_G+1","Strike_G+1","Strike_G+1","Strike_G+1","Strike_G+1","Survivor+1","Neutralize+1","AscendersBane","Predator","Heel Hook","Footwork+1","Noxious Fumes+1","Crippling Poison","Backflip","Bane","Tools of the Trade","Noxious Fumes","Noxious Fumes","Catalyst","Noxious Fumes","Venomology","Catalyst"],"max_hp_per_floor":[77,77,77,77,77,77,77,77,77,77,77,77,77,77,77,77,77,77,77,77,77,77,77,77,77,77,77,77,77,77,79,81,83,83,85,85,85,85],"relics":["Ring of the Snake","Golden Idol","Dream Catcher","Snake Skull","The Specimen","Runic Dome","Girya","Red Mask","Singing Bowl","Cursed Key"],"card_choices":[{"not_picked":["Reflex","Dodge and Roll"],"picked":"Predator","floor":1},{"not_picked":["Deadly Poison","Infinite Blades"],"picked":"Heel Hook","floor":2},{"not_picked":["Distraction","Riddle With Holes"],"picked":"Footwork","floor":3},{"not_picked":["Deadly Poison","Quick Slash"],"picked":"Slice","floor":7},{"not_picked":["Dodge and Roll","Acrobatics"],"picked":"Crippling Poison","floor":12},{"not_picked":["Dodge and Roll","Outmaneuver"],"picked":"Backflip","floor":14},{"not_picked":["Tools of the Trade","Eviscerate"],"picked":"Bane","floor":15},{"not_picked":["Bullet Time","Wraith Form v2"],"picked":"Tools of the Trade","floor":16},{"not_picked":["PiercingWail","Acrobatics","Outmaneuver"],"picked":"SKIP","floor":18},{"not_picked":["Acrobatics","Deadly Poison"],"picked":"Noxious Fumes","floor":22},{"not_picked":["Backflip","Underhanded Strike"],"picked":"Noxious Fumes","floor":23},{"not_picked":["Accuracy+1","Acrobatics","Flying Knee+1"],"picked":"SKIP","floor":25},{"not_picked":["Sucker Punch","PiercingWail"],"picked":"Venomology","floor":30},{"not_picked":["Heel Hook","Deflect+1","Slice+1"],"picked":"Singing Bowl","floor":31},{"not_picked":["Expertise","Flying Knee+1","Outmaneuver"],"picked":"Singing Bowl","floor":32},{"not_picked":["Die Die Die","Bullet Time","Storm of Steel"],"picked":"Singing Bowl","floor":33},{"not_picked":["Endless Agony","Quick Slash+1","Setup"],"picked":"Singing Bowl","floor":35},{"not_picked":["Backstab","Acrobatics"],"picked":"Catalyst","floor":36}],"player_experience":470437,"potions_floor_usage":[7,7,31,33,33,33,36],"damage_taken":[{"damage":1,"enemies":"Small Slimes","floor":1,"turns":6},{"damage":1,"enemies":"Cultist","floor":2,"turns":4},{"damage":0,"enemies":"Jaw Worm","floor":3,"turns":4},{"damage":29,"enemies":"Lagavulin","floor":7,"turns":7},{"damage":11,"enemies":"Gremlin Nob","floor":12,"turns":5},{"damage":8,"enemies":"Looter","floor":14,"turns":4},{"damage":25,"enemies":"The Guardian","floor":16,"turns":11},{"damage":16,"enemies":"2 Thieves","floor":18,"turns":4},{"damage":31,"enemies":"Masked Bandits","floor":22,"turns":4},{"damage":2,"enemies":"Chosen","floor":25,"turns":5},{"damage":27,"enemies":"Centurion and Healer","floor":30,"turns":6},{"damage":0,"enemies":"Sentry and Sphere","floor":31,"turns":3},{"damage":31,"enemies":"Collector","floor":33,"turns":7},{"damage":6,"enemies":"Orb Walker","floor":35,"turns":4},{"damage":37,"enemies":"3 Darklings","floor":36,"turns":4},{"damage":23,"enemies":"4 Shapes","floor":38,"turns":1}],"relics_obtained":[{"floor":7,"key":"Dream Catcher"},{"floor":9,"key":"Snake Skull"},{"floor":12,"key":"The Specimen"},{"floor":22,"key":"Red Mask"},{"floor":26,"key":"Singing Bowl"}],"event_choices":[{"event_name":"Golden Idol","player_choice":"Take Wound","floor":5,"damage_taken":0},{"event_name":"Living Wall","player_choice":"Grow","floor":8,"damage_taken":0},{"event_name":"Vampires","player_choice":"Ignored","floor":20,"damage_taken":0},{"event_name":"The Mausoleum","player_choice":"Yes","floor":21,"damage_taken":0},{"event_name":"Masked Bandits","player_choice":"Fought over 183 gold","floor":22,"damage_taken":0},{"event_name":"Back to Basics","player_choice":"Simplicity","floor":28,"damage_taken":0}],"boss_relics":[{"not_picked":["Tiny House","Snecko Eye"],"picked":"Runic Dome"},{"not_picked":["Lizard Tail","Orrery"],"picked":"Cursed Key"}],"potions_floor_spawned":[1,2,3,22,33],"seed_played":"-8350897605496570608","killed_by":"4 Shapes","ascension_level":10,"potions_obtained":[{"floor":1,"key":"FearPotion"},{"floor":2,"key":"FearPotion"},{"floor":3,"key":"Energy Potion"},{"floor":22,"key":"Weak Potion"},{"floor":33,"key":"Dexterity Potion"}],"is_trial":false}