{"gold_per_floor":[210,46,46,58,72,100,22,82,108,108,135,152,163,238,238,238],"floor_reached":16,"playtime":804,"items_purged":["Strike_B"],"score":222,"play_id":"df8974d7-a040-4dfc-b99f-5ac3a8b03943","local_time":"20190115204040","is_ascension_mode":true,"campfire_choices":[{"data":"Dualcast","floor":10,"key":"SMITH"},{"floor":15,"key":"REST"}],"neow_cost":"NONE","seed_source_timestamp":40787431395715,"circlet_count":0,"master_deck":["AscendersBane","Strike_B","Strike_B","Strike_B","Defend_B","Defend_B","Defend_B","Defend_B","Zap+1","Dualcast+1","Coolheaded","Chill","Leap","Conserve Battery","Glacier","Cold Snap","Hologram","Glacier","Loop"],"relics":["Cracked Core","Boot","Tiny Chest","Lantern","Dead Branch"],"potions_floor_usage":[6,11,16],"damage_taken":[{"damage":9,"enemies":"Small Slimes","floor":1,"turns":4},{"damage":0,"enemies":"Cultist","floor":4,"turns":4},{"damage":0,"enemies":"Jaw Worm","floor":5,"turns":4},{"damage":7,"enemies":"3 Sentries","floor":6,"turns":11},{"damage":14,"enemies":"Lagavulin","floor":8,"turns":13},{"damage":12,"enemies":"Gremlin Nob","floor":11,"turns":5},{"damage":3,"enemies":"2 Fungi Beasts","floor":12,"turns":5},{"damage":3,"enemies":"Exordium Wildlife","floor":13,"turns":4},{"damage":29,"enemies":"Slime Boss","floor":16,"turns":13}],"seed_played":"-3688648854878729119","potions_obtained":[{"floor":1,"key":"Fire Potion"},{"floor":6,"key":"Weak Potion"},{"floor":11,"key":"Ancient Potion"},{"floor":12,"key":"Fire Potion"}],"is_trial":false,"path_per_floor":["M","$","?","M","M","E","$","E","T","R","E","M","M","?","R","B"],"character_chosen":"DEFECT","items_purchased":["Chill","Cold Snap","Hologram"],"campfire_rested":1,"item_purchase_floors":[2,7,7],"current_hp_per_floor":[55,55,55,55,55,48,48,34,34,34,22,19,16,5,26,0],"gold":238,"neow_bonus":"HUNDRED_GOLD","is_prod":false,"is_daily":false,"chose_seed":false,"campfire_upgraded":1,"win_rate":0,"timestamp":1547613640,"path_taken":["M","$","?","?","M","E","$","E","T","R","E","M","M","?","R","BOSS"],"build_version":"2019-01-10","purchased_purges":1,"victory":false,"max_hp_per_floor":[71,71,71,71,71,71,71,71,71,71,71,71,71,71,71,71],"card_choices":[{"not_picked":["Gash","Compile Driver"],"picked":"Coolheaded","floor":1},{"not_picked":["Streamline","Stack"],"picked":"Leap","floor":4},{"not_picked":["Hello World","Fission"],"picked":"Conserve Battery","floor":5},{"not_picked":["Streamline","Redo"],"picked":"Glacier","floor":6},{"not_picked":["Lockon","Steam","Hologram"],"picked":"SKIP","floor":8},{"not_picked":["Melter","Aggregate"],"picked":"Glacier","floor":11},{"not_picked":["Lockon","Steam"],"picked":"Loop","floor":12},{"not_picked":["Consume","Scrape","Streamline"],"picked":"SKIP","floor":13}],"player_experience":1128221,"relics_obtained":[{"floor":6,"key":"Boot"},{"floor":8,"key":"Tiny Chest"},{"floor":9,"key":"Lantern"},{"floor":11,"key":"Dead Branch"}],"event_choices":[{"damage_healed":0,"gold_gain":0,"player_choice":"Upgraded","damage_taken":0,"max_hp_gain":0,"max_hp_loss":0,"event_name":"Upgrade Shrine","floor":3,"gold_loss":0,"cards_upgraded":["Zap"]},{"damage_healed":0,"gold_gain":75,"player_choice":"Gather Gold","damage_taken":11,"max_hp_gain":0,"max_hp_loss":0,"event_name":"World of Goop","floor":14,"gold_loss":0}],"is_beta":false,"boss_relics":[],"items_purged_floors":[2],"is_endless":false,"potions_floor_spawned":[1,6,11,12],"killed_by":"Slime Boss","ascension_level":17}