{"gold_per_floor":[116,116,130,145,220,231,231,231,231,246,246,258,433,466,466,563,563,574,574,591,591,226,226,236,261,316,316,340,340,350,361,361,361],"floor_reached":33,"playtime":1914,"items_purged":["Doubt"],"score":320,"play_id":"d0fec519-6912-4f2a-b4d9-5333a10bb9bb","local_time":"20180722233442","is_ascension_mode":true,"campfire_choices":[{"data":"Zap","floor":7.0,"key":"SMITH"},{"floor":11.0,"key":"REST"},{"data":"Static Discharge","floor":15.0,"key":"SMITH"},{"floor":23,"key":"DIG"},{"floor":29,"key":"REST"},{"floor":32,"key":"REST"}],"neow_cost":"NONE","seed_source_timestamp":0,"circlet_count":0,"master_deck":["Strike_B+1","Strike_B+1","Defend_B+1","Defend_B+1","Defend_B+1","Defend_B+1","Zap+1","Dualcast","Chaos","Leap","Cold Snap","Static Discharge+1","Defragment","Core Surge","Ball Lightning","White Noise+1","Defragment","Coolheaded","Cold Snap+1","Glacier+1","Go for the Eyes+1"],"special_seed":0,"relics":["Cracked Core","Singing Bowl","Shovel","Sozu","Runic Capacitor","Letter Opener","Anchor","Dream Catcher","Question Card","Art of War"],"potions_floor_usage":[16,33],"damage_taken":[{"damage":0.0,"enemies":"Cultist","floor":1.0,"turns":4.0},{"damage":0.0,"enemies":"Jaw Worm","floor":3.0,"turns":4.0},{"damage":0.0,"enemies":"2 Louse","floor":4.0,"turns":2.0},{"damage":25.0,"enemies":"Gremlin Gang","floor":6.0,"turns":8.0},{"damage":1.0,"enemies":"Looter","floor":10.0,"turns":3.0},{"damage":12.0,"enemies":"Exordium Wildlife","floor":12.0,"turns":5.0},{"damage":40.0,"enemies":"Gremlin Nob","floor":14.0,"turns":4.0},{"damage":14,"enemies":"The Guardian","floor":16,"turns":9},{"damage":15,"enemies":"3 Byrds","floor":18,"turns":3},{"damage":0,"enemies":"Chosen","floor":20,"turns":5},{"damage":10,"enemies":"Snake Plant","floor":24,"turns":3},{"damage":42,"enemies":"Slavers","floor":25,"turns":4},{"damage":3,"enemies":"Cultist and Chosen","floor":30,"turns":6},{"damage":22,"enemies":"Sentry and Sphere","floor":31,"turns":4},{"damage":64,"enemies":"Automaton","floor":33,"turns":6}],"seed_played":"-6934908218568173200","potions_obtained":[{"floor":4.0,"key":"Regen Potion"},{"floor":10.0,"key":"Fire Potion"},{"floor":12.0,"key":"SmokeBomb"},{"floor":14.0,"key":"AttackPotion"}],"is_trial":false,"path_per_floor":["M","?","M","M","?","M","R","?","T","M","R","M","?","E","R","B",null,"M","?","M","?","$","R","M","E","T","?","T","R","M","M","R"],"character_chosen":"DEFECT","items_purchased":["Defragment","Runic Capacitor","Coolheaded"],"campfire_rested":3,"item_purchase_floors":[22,22,22],"current_hp_per_floor":[75,75,75,75,64,54,54,47,47,48,71,59,59,21,21,7,79,64,64,64,64,64,64,54,14,14,14,14,40,39,17,42,0],"gold":361,"neow_bonus":"THREE_CARDS","is_prod":false,"is_daily":false,"chose_seed":false,"campfire_upgraded":2,"win_rate":0,"timestamp":1532327682,"path_taken":["M","?","M","M","?","M","R","?","T","M","R","M","?","E","R","BOSS","M","?","M","?","$","R","M","E","T","?","?","R","?","M","R","BOSS"],"build_version":"2018-07-19v2","purchased_purges":1,"victory":false,"max_hp_per_floor":[75,75,75,75,75,75,75,75,75,77,77,77,77,79,79,79,79,79,79,79,79,79,79,79,81,81,81,81,83,85,85,85,85],"card_choices":[{"not_picked":["Sunder","Beam Cell"],"picked":"Chaos","floor":0.0},{"not_picked":["Beam Cell","Compile Driver"],"picked":"Leap","floor":1.0},{"not_picked":["Turbo","Reinforced Body","Heatsinks"],"picked":"SKIP","floor":3.0},{"not_picked":["Consume","Barrage"],"picked":"Cold Snap","floor":4.0},{"not_picked":["Compile Driver","Barrage"],"picked":"Static Discharge","floor":6.0},{"not_picked":["Streamline","Barrage","Steam Power"],"picked":"Singing Bowl","floor":10.0},{"not_picked":["All For One","Barrage"],"picked":"Defragment","floor":12.0},{"not_picked":["Undo","Consume","Sweeping Beam"],"picked":"Singing Bowl","floor":14.0},{"not_picked":["Fission","Seek"],"picked":"Core Surge","floor":16},{"not_picked":["Self Repair","Sweeping Beam"],"picked":"Ball Lightning","floor":18},{"not_picked":["Melter","Self Repair+1"],"picked":"White Noise+1","floor":20},{"not_picked":["Aggregate","Go for the Eyes"],"picked":"Cold Snap+1","floor":24},{"not_picked":["Streamline","Capacitor","Rebound"],"picked":"Singing Bowl","floor":25},{"not_picked":["Steam Power","Reprogram+1","Chaos","Force Field"],"picked":"Singing Bowl","floor":29},{"not_picked":["Redo","Ball Lightning+1","Barrage","Undo+1"],"picked":"Singing Bowl","floor":30},{"not_picked":["Barrage","Streamline","Steam+1"],"picked":"Glacier+1","floor":31},{"not_picked":["Compile Driver","Turbo","Barrage"],"picked":"Go for the Eyes+1","floor":32}],"player_experience":649747,"relics_obtained":[{"floor":9.0,"key":"Singing Bowl"},{"floor":14.0,"key":"Shovel"},{"floor":23,"key":"Letter Opener"},{"floor":25,"key":"Anchor"},{"floor":26,"key":"Dream Catcher"},{"floor":28,"key":"Art of War"}],"event_choices":[{"event_name":"Wheel of Change","player_choice":"Card Removal","floor":2.0,"damage_taken":0.0},{"event_name":"World of Goop","player_choice":"Gather Gold","floor":5.0,"damage_taken":0.0},{"event_name":"Golden Wing","player_choice":"Card Removal","floor":8.0,"damage_taken":0.0},{"event_name":"Liars Game","player_choice":"agreed","floor":13.0,"damage_taken":0.0},{"event_name":"Back to Basics","player_choice":"Simplicity","floor":19,"damage_taken":0},{"event_name":"Vampires","player_choice":"Ignored","floor":21,"damage_taken":0},{"event_name":"The Mausoleum","player_choice":"Yes","floor":27,"damage_taken":0}],"is_beta":false,"boss_relics":[{"not_picked":["Cursed Key","Eternal Feather"],"picked":"Sozu"}],"items_purged_floors":[22],"is_endless":false,"potions_floor_spawned":[4,10,12,14,24,25],"killed_by":"Automaton","ascension_level":4}