{"path_per_floor":["M","$","M","?","$","R","E","?","T","E","M","M","R","M","R"],"character_chosen":"IRONCLAD","items_purchased":[],"gold_per_floor":[113,38,48,48,48,48,76,76,76,106,121,140,140,155,155,155],"floor_reached":16,"campfire_rested":0,"playtime":673,"item_purchase_floors":[],"current_hp_per_floor":[78,78,80,80,80,80,80,80,80,31,37,31,31,28,28,0],"items_purged":["Strike_R"],"gold":155,"score":223,"play_id":"bef2d26a-0d70-4456-98aa-5f9186013436","local_time":"20180601231932","is_prod":false,"is_daily":false,"chose_seed":false,"is_ascension_mode":true,"campfire_upgraded":3,"win_rate":0,"timestamp":1527920372,"campfire_choices":[{"data":"Bash","floor":6,"key":"SMITH"},{"data":"True Grit","floor":13,"key":"SMITH"},{"data":"Clothesline","floor":15,"key":"SMITH"}],"path_taken":["M","$","?","?","?","R","E","?","T","E","M","M","R","M","R","BOSS"],"build_version":"2018-05-31","seed_source_timestamp":399663986227,"purchased_purges":1,"victory":false,"master_deck":["Strike_R","Strike_R","Strike_R","Strike_R","Defend_R","Defend_R","Defend_R","Defend_R","Bash+1","AscendersBane","True Grit+1","Regret","Metallicize","Clothesline+1","Rage","Pommel Strike","Reckless Charge"],"max_hp_per_floor":[80,80,80,80,80,80,80,80,80,80,80,80,80,80,80,80],"relics":["Burning Blood","NeowsBlessing","Kunai","Bird Faced Urn","Centennial Puzzle","Paper Frog"],"card_choices":[{"not_picked":["Perfected Strike","Second Wind","Havoc"],"picked":"SKIP","floor":1},{"not_picked":["Perfected Strike","Wild Strike"],"picked":"True Grit","floor":3},{"not_picked":["Perfected Strike","Iron Wave"],"picked":"Metallicize","floor":7},{"not_picked":["Warcry","Flame Barrier"],"picked":"Clothesline","floor":10},{"not_picked":["Cleave","Thunderclap"],"picked":"Rage","floor":11},{"not_picked":["Wild Strike","Flex"],"picked":"Pommel Strike","floor":12},{"not_picked":["Wild Strike","Perfected Strike"],"picked":"Reckless Charge","floor":14}],"player_experience":543294,"potions_floor_usage":[10,14,16],"damage_taken":[{"damage":0,"enemies":"Cultist","floor":1,"turns":1},{"damage":0,"enemies":"Small Slimes","floor":3,"turns":1},{"damage":2,"enemies":"3 Sentries","floor":7,"turns":2},{"damage":65,"enemies":"Gremlin Nob","floor":10,"turns":7},{"damage":2,"enemies":"Jaw Worm","floor":11,"turns":5},{"damage":14,"enemies":"Red Slaver","floor":12,"turns":4},{"damage":11,"enemies":"Exordium Thugs","floor":14,"turns":6},{"damage":29,"enemies":"The Guardian","floor":16,"turns":5}],"relics_obtained":[{"floor":7,"key":"Bird Faced Urn"},{"floor":9,"key":"Centennial Puzzle"},{"floor":10,"key":"Paper Frog"}],"event_choices":[{"event_name":"Big Fish","player_choice":"Box","floor":4,"damage_taken":0},{"event_name":"The Lab","player_choice":"Got Potions","floor":8,"damage_taken":0}],"boss_relics":[],"items_purged_floors":[2],"potions_floor_spawned":[1,11,12],"seed_played":"-8447807933828847804","killed_by":"The Guardian","ascension_level":13,"potions_obtained":[{"floor":1,"key":"Swift Potion"},{"floor":8,"key":"FearPotion"},{"floor":8,"key":"SmokeBomb"},{"floor":8,"key":"BloodPotion"},{"floor":11,"key":"Strength Potion"}],"is_trial":false}