{"gold_per_floor":[119,99,113,132,146,146,176,176,199,229,246,198,198,221,221,345,345,360,360,360,8,20,20,54,54,54,4,19,19,38,9,9,109,109,123,174,9,25,40,68,368,368,368,403,403,423,423,423,423,423],"floor_reached":51,"playtime":5229,"items_purged":["Strike_G+1","Strike_G+1"],"score":1035,"play_id":"9c88a415-c15f-4e7d-bd4e-d7b90d28e72f","local_time":"20190131121552","is_ascension_mode":true,"campfire_choices":[{"data":"Neutralize","floor":6.0,"key":"SMITH"},{"data":"Blade Dance","floor":8.0,"key":"SMITH"},{"floor":15.0,"key":"REST"},{"data":"Cloak And Dagger","floor":23.0,"key":"SMITH"},{"data":"After Image","floor":25.0,"key":"SMITH"},{"data":"Burst","floor":29.0,"key":"SMITH"},{"data":"Footwork","floor":32.0,"key":"SMITH"},{"data":"Tools of the Trade","floor":42.0,"key":"SMITH"},{"floor":45.0,"key":"RECALL"},{"data":"Accuracy","floor":47.0,"key":"SMITH"},{"data":"Terror","floor":49,"key":"SMITH"}],"neow_cost":"NONE","seed_source_timestamp":521832208870720,"circlet_count":0,"master_deck":["Defend_G+1","Defend_G+1","Defend_G+1","Defend_G+1","Strike_G+1","Survivor","Neutralize+1","Deflect+1","Doppelganger+1","Finisher+1","Quick Slash+1","Blade Dance+1","Dodge and Roll","Prepared","Sucker Punch+1","Outmaneuver","After Image+1","Cloak And Dagger+1","Burst+1","PiercingWail","Heel Hook","Accuracy+1","Footwork+1","Tools of the Trade+1","Infinite Blades+1","Prepared","Terror+1","Accuracy+1","Die Die Die"],"special_seed":0,"relics":["Astrolabe","Bag of Preparation","Smiling Mask","Dream Catcher","Bloody Idol","Sozu","PreservedInsect","Whetstone","Lantern","The Courier","Runic Pyramid","Unceasing Top","HandDrill","Juzu Bracelet","Thread and Needle","Anchor"],"potions_floor_usage":[50,50],"damage_taken":[{"damage":0.0,"enemies":"Small Slimes","floor":1.0,"turns":3.0},{"damage":0.0,"enemies":"Cultist","floor":3.0,"turns":2.0},{"damage":6.0,"enemies":"2 Louse","floor":4.0,"turns":3.0},{"damage":6.0,"enemies":"Large Slime","floor":5.0,"turns":10.0},{"damage":28.0,"enemies":"Gremlin Nob","floor":7.0,"turns":5.0},{"damage":0.0,"enemies":"Lagavulin","floor":10.0,"turns":3.0},{"damage":0.0,"enemies":"2 Fungi Beasts","floor":11.0,"turns":3.0},{"damage":0.0,"enemies":"Exordium Thugs","floor":14.0,"turns":4.0},{"damage":36.0,"enemies":"Slime Boss","floor":16.0,"turns":14.0},{"damage":18.0,"enemies":"2 Thieves","floor":18.0,"turns":4.0},{"damage":2.0,"enemies":"Shell Parasite","floor":22.0,"turns":5.0},{"damage":0.0,"enemies":"Gremlin Leader","floor":24.0,"turns":4.0},{"damage":0.0,"enemies":"Snecko","floor":28.0,"turns":3.0},{"damage":0.0,"enemies":"Shelled Parasite and Fungi","floor":30.0,"turns":3.0},{"damage":4.0,"enemies":"Collector","floor":33.0,"turns":17.0},{"damage":0.0,"enemies":"3 Shapes","floor":35.0,"turns":7.0},{"damage":16.0,"enemies":"2 Orb Walkers","floor":36.0,"turns":8.0},{"damage":0.0,"enemies":"3 Darklings","floor":38.0,"turns":4.0},{"damage":0.0,"enemies":"Maw","floor":39.0,"turns":8.0},{"damage":0.0,"enemies":"Nemesis","floor":40.0,"turns":5.0},{"damage":0.0,"enemies":"Giant Head","floor":44.0,"turns":5.0},{"damage":0.0,"enemies":"Spire Growth","floor":46.0,"turns":3.0},{"damage":57,"enemies":"Donu and Deca","floor":50,"turns":9}],"seed_played":"9187075064699676399","potions_obtained":[{"floor":2.0,"key":"Fire Potion"},{"floor":4.0,"key":"Regen Potion"},{"floor":5.0,"key":"Strength Potion"},{"floor":10.0,"key":"EssenceOfSteel"}],"is_trial":false,"path_per_floor":["M","?","M","M","M","R","E","R","T","E","M","?","?","M","R","B",null,"M","?","?","$","M","R","E","R","T","$","M","R","M","$","R","B",null,"M","?","$","M","M","E","?","R","T","E","R","M","R","?","R","B",null],"character_chosen":"THE_SILENT","items_purchased":["PreservedInsect","Whetstone","Footwork","HandDrill"],"campfire_rested":1,"item_purchase_floors":[21,21,31,37],"current_hp_per_floor":[70,70,70,64,58,58,30,30,30,30,30,30,30,30,49,13,52,34,34,34,34,37,37,42,42,42,42,47,47,52,52,52,53,62,65,54,54,59,64,65,65,65,65,65,65,65,65,65,65,23],"gold":423,"neow_bonus":"BOSS_RELIC","is_prod":false,"is_daily":false,"chose_seed":false,"campfire_upgraded":9,"win_rate":0,"timestamp":1548933352,"path_taken":["M","?","M","M","M","R","E","R","T","E","?","?","?","M","R","BOSS","M","?","?","$","M","R","E","R","T","?","?","R","M","?","R","BOSS","M","?","$","M","M","E","?","R","T","E","R","M","R","?","R","BOSS"],"build_version":"2019-01-23","purchased_purges":2,"victory":true,"max_hp_per_floor":[70,70,70,70,70,70,70,70,70,70,70,70,65,65,65,65,65,65,65,65,65,65,65,65,65,65,65,65,65,65,65,65,65,65,65,65,65,65,65,65,65,65,65,65,65,65,65,65,65,65],"card_choices":[{"not_picked":["Deadly Poison","Deflect"],"picked":"Quick Slash","floor":1.0},{"not_picked":["Catalyst","Reflex","Distraction"],"picked":"SKIP","floor":3.0},{"not_picked":["Choke","Backflip"],"picked":"Blade Dance","floor":4.0},{"not_picked":["Setup","Concentrate"],"picked":"Dodge and Roll","floor":5.0},{"not_picked":["Bouncing Flask","Dagger Throw"],"picked":"Prepared","floor":7.0},{"not_picked":["Deadly Poison","Prepared"],"picked":"Sucker Punch","floor":10.0},{"not_picked":["Quick Slash","PiercingWail"],"picked":"Outmaneuver","floor":11.0},{"not_picked":["Slice","Bane"],"picked":"After Image","floor":14.0},{"not_picked":["PiercingWail","All Out Attack"],"picked":"Cloak And Dagger","floor":15.0},{"not_picked":["After Image","Night Terror"],"picked":"Burst","floor":16.0},{"not_picked":["Crippling Poison","Escape Plan"],"picked":"PiercingWail","floor":18.0},{"not_picked":["Underhanded Strike+1","Outmaneuver"],"picked":"Heel Hook","floor":22.0},{"not_picked":["Acrobatics+1","Deadly Poison"],"picked":"Accuracy","floor":24.0},{"not_picked":["Calculated Gamble+1","Poisoned Stab+1","Underhanded Strike"],"picked":"SKIP","floor":28.0},{"not_picked":["Deadly Poison+1","Sucker Punch","Calculated Gamble+1"],"picked":"SKIP","floor":30.0},{"not_picked":["Bullet Time","Unload"],"picked":"Tools of the Trade","floor":33.0},{"not_picked":["Cloak And Dagger+1","Endless Agony","Distraction+1"],"picked":"SKIP","floor":35.0},{"not_picked":["Escape Plan","PiercingWail"],"picked":"Infinite Blades+1","floor":36.0},{"not_picked":["Deadly Poison","Poisoned Stab+1"],"picked":"Prepared","floor":38.0},{"not_picked":["Sucker Punch","Bane+1"],"picked":"Terror","floor":39.0},{"not_picked":["Underhanded Strike+1","Calculated Gamble"],"picked":"Accuracy+1","floor":40.0},{"not_picked":["Slice","Caltrops"],"picked":"Die Die Die","floor":44.0},{"not_picked":["PiercingWail","Riddle With Holes","Escape Plan+1"],"picked":"SKIP","floor":46.0}],"player_experience":208139,"relics_obtained":[{"floor":7.0,"key":"Bag of Preparation"},{"floor":9.0,"key":"Smiling Mask"},{"floor":10.0,"key":"Dream Catcher"},{"floor":24.0,"key":"Lantern"},{"floor":26.0,"key":"The Courier"},{"floor":36.0,"key":"Unceasing Top"},{"floor":40.0,"key":"Juzu Bracelet"},{"floor":43.0,"key":"Thread and Needle"},{"floor":44.0,"key":"Anchor"}],"event_choices":[{"damage_healed":0.0,"max_hp_gain":0.0,"max_hp_loss":0.0,"gold_gain":0.0,"event_name":"The Woman in Blue","player_choice":"Bought 1 Potion","floor":2.0,"gold_loss":0.0,"damage_taken":0.0},{"damage_healed":0.0,"max_hp_gain":0.0,"max_hp_loss":0.0,"gold_gain":0.0,"event_name":"World of Goop","player_choice":"Left Gold","floor":12.0,"gold_loss":48.0,"damage_taken":0.0},{"damage_healed":0.0,"max_hp_gain":0.0,"max_hp_loss":5.0,"gold_gain":0.0,"event_name":"Golden Idol","player_choice":"Lose Max HP","floor":13.0,"gold_loss":0.0,"damage_taken":0.0,"relics_obtained":["Golden Idol"]},{"damage_healed":0.0,"max_hp_gain":0.0,"max_hp_loss":0.0,"gold_gain":0.0,"event_name":"Back to Basics","player_choice":"Simplicity","floor":19.0,"gold_loss":0.0,"damage_taken":0.0,"cards_upgraded":["Defend_G","Defend_G","Defend_G","Defend_G","Strike_G","Strike_G","Strike_G"]},{"damage_healed":0.0,"max_hp_gain":0.0,"max_hp_loss":0.0,"gold_gain":0.0,"event_name":"Forgotten Altar","player_choice":"Gave Idol","floor":20.0,"relics_lost":["Golden Idol"],"gold_loss":0.0,"damage_taken":0.0,"relics_obtained":["Bloody Idol"]},{"damage_healed":0.0,"max_hp_gain":0.0,"max_hp_loss":0.0,"gold_gain":0.0,"event_name":"Mysterious Sphere","player_choice":"Fight","floor":36.0,"gold_loss":0.0,"damage_taken":0.0},{"damage_healed":0.0,"max_hp_gain":0.0,"max_hp_loss":0.0,"gold_gain":300.0,"event_name":"Wheel of Change","player_choice":"Gold","floor":41.0,"gold_loss":0.0,"damage_taken":0.0},{"damage_healed":0,"gold_gain":0,"player_choice":"Got Potions","damage_taken":0,"max_hp_gain":0,"max_hp_loss":0,"event_name":"Lab","floor":48,"gold_loss":0}],"is_beta":false,"boss_relics":[{"not_picked":["Black Star","Eternal Feather"],"picked":"Sozu"},{"not_picked":["Busted Crown","HoveringKite"],"picked":"Runic Pyramid"}],"items_purged_floors":[21,27],"is_endless":false,"potions_floor_spawned":[4,5,7,10,18,30,38,39,44],"ascension_level":5}