{"gold_per_floor":[112,112,112,132,142,169,38,23],"floor_reached":8,"playtime":299,"items_purged":[],"score":56,"play_id":"bfba6e95-c0e1-4dc7-b2e1-102f558d9671","local_time":"20190415225222","is_ascension_mode":false,"campfire_choices":[],"neow_cost":"NONE","seed_source_timestamp":447462356601554,"circlet_count":0,"master_deck":["Defend_G","Defend_G","Defend_G","Defend_G","Defend_G","Strike_G","Strike_G","Strike_G","Strike_G","Strike_G","Survivor","Neutralize","A Thousand Cuts","Backstab","Masterful Stab","Infinite Blades","All Out Attack","Blade Dance","Dramatic Entrance"],"relics":["Ring of the Snake","Pantograph","Ancient Tea Set"],"potions_floor_usage":[8],"damage_taken":[{"damage":7,"enemies":"2 Louse","floor":1,"turns":3},{"damage":0,"enemies":"Small Slimes","floor":4,"turns":2},{"damage":0,"enemies":"Cultist","floor":5,"turns":3},{"damage":43,"enemies":"Gremlin Nob","floor":6,"turns":5},{"damage":2,"enemies":"Exordium Thugs","floor":8,"turns":1}],"seed_played":"-7700678959021463986","potions_obtained":[{"floor":1,"key":"FearPotion"},{"floor":5,"key":"Strength Potion"},{"floor":6,"key":"Swift Potion"}],"is_trial":false,"path_per_floor":["M","?","?","M","M","E","$","M"],"character_chosen":"THE_SILENT","items_purchased":["Blade Dance","Dramatic Entrance"],"campfire_rested":0,"item_purchase_floors":[7,7],"current_hp_per_floor":[63,45,45,45,45,2,2,0],"gold":23,"neow_bonus":"ONE_RANDOM_RARE_CARD","is_prod":false,"is_daily":false,"chose_seed":false,"campfire_upgraded":0,"win_rate":0.0,"timestamp":1555383142,"path_taken":["M","?","?","M","?","E","$","M"],"build_version":"2019-01-23","purchased_purges":0,"victory":false,"max_hp_per_floor":[70,70,70,70,70,70,70,70],"card_choices":[{"not_picked":["Choke","Distraction"],"picked":"Backstab","floor":1},{"not_picked":["Bane","Catalyst"],"picked":"Masterful Stab","floor":4},{"not_picked":["Heel Hook","Escape Plan"],"picked":"Infinite Blades","floor":5},{"not_picked":["Calculated Gamble","Deadly Poison"],"picked":"All Out Attack","floor":6}],"player_experience":28582,"relics_obtained":[{"floor":6,"key":"Ancient Tea Set"}],"event_choices":[{"damage_healed":0,"gold_gain":0,"player_choice":"Success","damage_taken":18,"relics_obtained":["Pantograph"],"max_hp_gain":0,"max_hp_loss":0,"event_name":"Scrap Ooze","floor":2,"gold_loss":0},{"damage_healed":0,"gold_gain":0,"player_choice":"Ignored","damage_taken":0,"max_hp_gain":0,"max_hp_loss":0,"event_name":"NoteForYourself","floor":3,"gold_loss":0}],"is_beta":false,"boss_relics":[],"items_purged_floors":[],"is_endless":false,"potions_floor_spawned":[1,5,6],"killed_by":"Exordium Thugs","ascension_level":0}