{"gold_per_floor":[109,109,109,109,119,147,160,170,170,195,120,153,153,153,153,249,249,249,249,149,149,74,74],"floor_reached":23,"playtime":1516,"items_purged":["Strike_B","Defend_B"],"score":302,"play_id":"7a4b9506-5637-4105-bdb9-dd3e01c16206","local_time":"20190428163221","is_ascension_mode":true,"campfire_choices":[{"floor":13,"key":"REST"},{"data":"Defragment","floor":15,"key":"SMITH"}],"neow_cost":"NONE","seed_source_timestamp":1546661159445655,"circlet_count":0,"master_deck":["Strike_B","Strike_B","Defend_B+1","Defend_B+1","Defend_B","Zap+1","Dualcast","Self Repair","Buffer","Defragment+1","Capacitor+1","Buffer+1","Machine Learning+1","RitualDagger"],"relics":["Cracked Core","NeowsBlessing","Girya","Frozen Egg 2","Kunai","Boot","Ectoplasm"],"potions_floor_usage":[10,10,16,16,23],"damage_taken":[{"damage":0,"enemies":"Cultist","floor":1,"turns":1},{"damage":0,"enemies":"Jaw Worm","floor":5,"turns":1},{"damage":0,"enemies":"Lagavulin","floor":6,"turns":1},{"damage":0,"enemies":"Small Slimes","floor":7,"turns":3},{"damage":21,"enemies":"Exordium Thugs","floor":8,"turns":5},{"damage":35,"enemies":"3 Sentries","floor":10,"turns":10},{"damage":18,"enemies":"Gremlin Nob","floor":12,"turns":5},{"damage":3,"enemies":"The Guardian","floor":16,"turns":14},{"damage":19,"enemies":"3 Byrds","floor":18,"turns":5},{"damage":0,"enemies":"Spheric Guardian","floor":19,"turns":5},{"damage":59,"enemies":"Gremlin Leader","floor":23,"turns":8}],"seed_played":"7703627785111860479","potions_obtained":[{"floor":1,"key":"Dexterity Potion"},{"floor":7,"key":"Ancient Potion"},{"floor":8,"key":"Dexterity Potion"},{"floor":12,"key":"Energy Potion"},{"floor":18,"key":"Explosive Potion"}],"is_trial":false,"path_per_floor":["M","?","?","?","M","E","M","M","T","E","$","E","R","?","R","B",null,"M","M","$","?","?","E"],"character_chosen":"DEFECT","items_purchased":[],"campfire_rested":1,"item_purchase_floors":[],"current_hp_per_floor":[68,73,57,57,57,57,64,50,50,22,22,4,28,28,28,32,68,56,63,63,57,57,0],"gold":74,"neow_bonus":"THREE_ENEMY_KILL","is_prod":false,"is_daily":false,"chose_seed":false,"campfire_upgraded":1,"win_rate":0,"timestamp":1556483541,"path_taken":["M","?","?","?","M","E","?","M","T","E","$","E","R","?","R","BOSS","M","M","$","?","?","E"],"build_version":"2019-01-23","purchased_purges":2,"victory":false,"max_hp_per_floor":[75,80,80,80,80,80,80,80,80,80,80,80,80,80,80,80,80,80,80,80,80,80,80],"card_choices":[{"not_picked":["Redo","Auto Shields"],"picked":"Self Repair","floor":1},{"not_picked":["Go for the Eyes","Leap","Chaos"],"picked":"SKIP","floor":5},{"not_picked":["Coolheaded","Darkness"],"picked":"Buffer","floor":6},{"not_picked":["Gash","Static Discharge","Turbo"],"picked":"SKIP","floor":7},{"not_picked":["Sweeping Beam","Ball Lightning"],"picked":"Defragment","floor":8},{"not_picked":["Static Discharge+1","Redo"],"picked":"Capacitor+1","floor":10},{"not_picked":["Chill","Ball Lightning"],"picked":"Buffer+1","floor":12},{"not_picked":["All For One","Thunder Strike"],"picked":"Machine Learning+1","floor":16},{"not_picked":["Genetic Algorithm","Leap","Gash"],"picked":"SKIP","floor":18},{"not_picked":["Aggregate","Consume+1","Redo"],"picked":"SKIP","floor":19}],"player_experience":108291,"relics_obtained":[{"floor":6,"key":"Girya"},{"floor":9,"key":"Frozen Egg 2"},{"floor":10,"key":"Kunai"},{"floor":12,"key":"Boot"}],"event_choices":[{"damage_healed":0,"gold_gain":0,"player_choice":"Donut","damage_taken":0,"max_hp_gain":5,"max_hp_loss":0,"event_name":"Big Fish","floor":2,"gold_loss":0},{"damage_healed":0,"gold_gain":0,"player_choice":"Entered Light","damage_taken":16,"max_hp_gain":0,"max_hp_loss":0,"event_name":"Shining Light","floor":3,"gold_loss":0,"cards_upgraded":["Defend_B","Defend_B"]},{"damage_healed":0,"gold_gain":0,"player_choice":"Upgraded","damage_taken":0,"max_hp_gain":0,"max_hp_loss":0,"event_name":"Upgrade Shrine","floor":4,"gold_loss":0,"cards_upgraded":["Zap"]},{"damage_healed":0,"gold_gain":0,"player_choice":"Searched \u00270\u0027 times","damage_taken":0,"max_hp_gain":0,"max_hp_loss":0,"event_name":"Dead Adventurer","floor":14,"gold_loss":0},{"damage_healed":0,"gold_gain":0,"player_choice":"Joined the Cult","damage_taken":6,"max_hp_gain":0,"max_hp_loss":0,"event_name":"Nest","floor":21,"gold_loss":0,"cards_obtained":["RitualDagger"]},{"cards_removed":["Strike_B"],"damage_healed":0,"gold_gain":0,"player_choice":"Gave Gold","damage_taken":0,"max_hp_gain":0,"max_hp_loss":0,"event_name":"Beggar","floor":22,"gold_loss":75}],"is_beta":false,"boss_relics":[{"not_picked":["Snecko Eye","White Beast Statue"],"picked":"Ectoplasm"}],"items_purged_floors":[11,20],"is_endless":false,"potions_floor_spawned":[1,7,8,12,18],"killed_by":"Gremlin Leader","ascension_level":6}