{"gold_per_floor":[360,360,360,177,102,102,135,148,148,168,202,46,46,66,66,140,140,155,48,77,277,288,288,288,288,366,366,385,385,413,413],"floor_reached":31,"playtime":1961,"items_purged":["Strike_B","Strike_B"],"score":518,"play_id":"7f8d6fb2-49fb-44a3-a15a-eb1e7b7dc5ab","local_time":"20190301101029","is_ascension_mode":true,"campfire_choices":[{"data":"Zap","floor":6.0,"key":"SMITH"},{"data":"Dualcast","floor":13.0,"key":"SMITH"},{"data":"Hologram","floor":15.0,"key":"SMITH"},{"data":"Barrage","floor":23.0,"key":"SMITH"},{"data":"FTL","floor":25.0,"key":"SMITH"},{"data":"Beam Cell","floor":29.0,"key":"SMITH"}],"neow_cost":"TEN_PERCENT_HP_LOSS","seed_source_timestamp":913202200375,"circlet_count":0,"master_deck":["AscendersBane","Defend_B","Defend_B","Defend_B","Defend_B","Zap+1","Dualcast+1","Compile Driver","Hologram+1","Core Surge","Gash","Glacier","Gash","Compile Driver","Sweeping Beam","Cold Snap+1","Barrage+1","FTL+1","Beam Cell+1","Undo"],"special_seed":0,"relics":["Cracked Core","Ancient Tea Set","Potion Belt","Shuriken","Du-Vu Doll","Inserter","Red Mask","MutagenicStrength","Darkstone Periapt","Calipers"],"potions_floor_usage":[31],"damage_taken":[{"damage":9.0,"enemies":"Small Slimes","floor":1.0,"turns":3.0},{"damage":19.0,"enemies":"Lagavulin","floor":7.0,"turns":7.0},{"damage":2.0,"enemies":"2 Louse","floor":8.0,"turns":3.0},{"damage":4.0,"enemies":"Jaw Worm","floor":10.0,"turns":3.0},{"damage":2.0,"enemies":"3 Sentries","floor":11.0,"turns":7.0},{"damage":0.0,"enemies":"Looter","floor":14.0,"turns":2.0},{"damage":2.0,"enemies":"Slime Boss","floor":16.0,"turns":6.0},{"damage":12.0,"enemies":"Shell Parasite","floor":18.0,"turns":6.0},{"damage":6.0,"enemies":"Masked Bandits","floor":20.0,"turns":3.0},{"damage":4.0,"enemies":"Chosen","floor":22.0,"turns":5.0},{"damage":0.0,"enemies":"Centurion and Healer","floor":28.0,"turns":3.0},{"damage":44.0,"enemies":"Gremlin Leader","floor":30.0,"turns":8.0},{"damage":3,"enemies":"Snake Plant","floor":31,"turns":2}],"seed_played":"-6087030730827741697","potions_obtained":[{"floor":7.0,"key":"AttackPotion"},{"floor":8.0,"key":"Swift Potion"},{"floor":10.0,"key":"LiquidBronze"},{"floor":11.0,"key":"PowerPotion"},{"floor":20.0,"key":"Regen Potion"},{"floor":30.0,"key":"LiquidBronze"}],"is_trial":false,"path_per_floor":["M","?","?","$","?","R","E","M","T","M","E","$","R","M","R","B",null,"M","$","?","?","M","R","?","R","T","?","M","R","E","M"],"character_chosen":"DEFECT","items_purchased":["Hologram","Weak Potion","Compile Driver","EntropicBrew"],"campfire_rested":0,"item_purchase_floors":[4,4,12,19],"current_hp_per_floor":[55,37,58,58,58,58,39,37,37,33,31,31,31,31,31,29,55,43,43,37,37,45,45,45,45,45,45,45,45,1,0],"gold":413,"neow_bonus":"TWO_FIFTY_GOLD","is_prod":false,"is_daily":false,"chose_seed":false,"campfire_upgraded":6,"win_rate":0,"timestamp":1551456629,"path_taken":["M","?","?","?","?","R","E","?","T","M","E","$","R","M","R","BOSS","M","$","?","?","?","R","?","R","T","?","?","R","E","M"],"build_version":"2019-01-23","purchased_purges":2,"victory":false,"max_hp_per_floor":[64,64,64,64,64,64,64,64,64,64,64,64,64,64,64,64,64,64,64,64,64,64,64,64,64,64,64,64,64,64,64],"card_choices":[{"not_picked":["Streamline","Sunder"],"picked":"Compile Driver","floor":1.0},{"not_picked":["Beam Cell","Compile Driver"],"picked":"Core Surge","floor":7.0},{"not_picked":["Compile Driver","Steam Power"],"picked":"Gash","floor":8.0},{"not_picked":["Force Field","Steam"],"picked":"Glacier","floor":10.0},{"not_picked":["Steam","Leap"],"picked":"Gash","floor":11.0},{"not_picked":["Redo","Stack"],"picked":"Sweeping Beam","floor":14.0},{"not_picked":["Skim","Redo"],"picked":"Cold Snap+1","floor":18.0},{"not_picked":["Rebound","Reprogram"],"picked":"Barrage","floor":20.0},{"not_picked":["Capacitor","Force Field"],"picked":"FTL","floor":22.0},{"not_picked":["Tempest","Gash"],"picked":"Beam Cell","floor":28.0},{"not_picked":["Hello World","Reprogram"],"picked":"Undo","floor":30.0}],"player_experience":594769,"relics_obtained":[{"floor":7.0,"key":"Potion Belt"},{"floor":9.0,"key":"Shuriken"},{"floor":11.0,"key":"Du-Vu Doll"},{"floor":20.0,"key":"Red Mask"},{"floor":26.0,"key":"Darkstone Periapt"},{"floor":30.0,"key":"Calipers"}],"event_choices":[{"damage_healed":0.0,"max_hp_gain":0.0,"max_hp_loss":0.0,"gold_gain":0.0,"event_name":"Scrap Ooze","player_choice":"Success","floor":2.0,"gold_loss":0.0,"damage_taken":18.0,"relics_obtained":["Ancient Tea Set"]},{"damage_healed":21.0,"max_hp_gain":0.0,"max_hp_loss":0.0,"gold_gain":0.0,"event_name":"Big Fish","player_choice":"Banana","floor":3.0,"gold_loss":0.0,"damage_taken":0.0},{"cards_removed":["Strike_B"],"damage_healed":0.0,"max_hp_gain":0.0,"max_hp_loss":0.0,"gold_gain":0.0,"event_name":"The Cleric","player_choice":"Card Removal","floor":5.0,"gold_loss":75.0,"damage_taken":0.0},{"damage_healed":0.0,"max_hp_gain":0.0,"max_hp_loss":0.0,"gold_gain":0.0,"event_name":"Masked Bandits","player_choice":"Fought Bandits","floor":20.0,"gold_loss":0.0,"damage_taken":0.0},{"damage_healed":0.0,"max_hp_gain":0.0,"max_hp_loss":0.0,"gold_gain":200.0,"event_name":"Wheel of Change","player_choice":"Gold","floor":21.0,"gold_loss":0.0,"damage_taken":0.0},{"damage_healed":0.0,"max_hp_gain":0.0,"max_hp_loss":0.0,"gold_gain":0.0,"event_name":"Drug Dealer","player_choice":"Inject Mutagens","floor":24.0,"gold_loss":0.0,"damage_taken":0.0,"relics_obtained":["MutagenicStrength"]},{"cards_removed":["Strike_B"],"damage_healed":0.0,"max_hp_gain":0.0,"max_hp_loss":0.0,"gold_gain":0.0,"event_name":"Bonfire Elementals","player_choice":"Offered Basic","floor":27.0,"gold_loss":0.0,"damage_taken":0.0}],"is_beta":false,"boss_relics":[{"not_picked":["Snecko Eye","Tiny House"],"picked":"Inserter"}],"items_purged_floors":[4,12],"is_endless":false,"potions_floor_spawned":[7,8,10,11,20,30],"killed_by":"Snake Plant","ascension_level":20}