{"gold_per_floor":[119,44,44,44,55,87,87,97,97,97,124,144,144,144,144,144],"floor_reached":16,"playtime":463,"items_purged":["Strike_B"],"score":124,"play_id":"d05a624c-44d4-4476-b568-0f855a0b8b9d","local_time":"20190421230203","is_ascension_mode":true,"campfire_choices":[{"data":"Capacitor","floor":7,"key":"SMITH"},{"data":"White Noise","floor":15,"key":"SMITH"}],"neow_cost":"NONE","seed_source_timestamp":966291003899983,"circlet_count":0,"master_deck":["Strike_B+1","Strike_B+1","Strike_B","Defend_B","Defend_B","Defend_B","Zap","Dualcast","Dramatic Entrance","Capacitor+1","Conserve Battery","Loop","Electrodynamics","White Noise+1"],"relics":["Cracked Core","Bottled Tornado","Letter Opener","Whetstone","Smiling Mask"],"potions_floor_usage":[6,16],"damage_taken":[{"damage":7,"enemies":"Jaw Worm","floor":1,"turns":2},{"damage":1,"enemies":"Cultist","floor":5,"turns":3},{"damage":28,"enemies":"3 Sentries","floor":6,"turns":7},{"damage":2,"enemies":"Small Slimes","floor":8,"turns":3},{"damage":29,"enemies":"Gremlin Nob","floor":11,"turns":4},{"damage":6,"enemies":"2 Fungi Beasts","floor":12,"turns":2},{"damage":38,"enemies":"The Guardian","floor":16,"turns":5}],"seed_played":"-1992032052568695103","potions_obtained":[{"floor":5,"key":"Fruit Juice"},{"floor":8,"key":"Ancient Potion"},{"floor":11,"key":"EssenceOfSteel"}],"is_trial":false,"path_per_floor":["M","$","?","$","M","E","R","M","T","$","E","M","?","T","R","B"],"character_chosen":"DEFECT","items_purchased":[],"campfire_rested":0,"item_purchase_floors":[],"current_hp_per_floor":[68,68,68,68,67,44,44,42,42,42,13,7,33,33,33,0],"gold":144,"neow_bonus":"RANDOM_COLORLESS","is_prod":false,"is_daily":false,"chose_seed":false,"campfire_upgraded":2,"win_rate":0,"timestamp":1555902123,"path_taken":["M","$","?","?","M","E","R","M","T","$","E","?","?","?","R","BOSS"],"build_version":"2019-01-23","purchased_purges":1,"victory":false,"max_hp_per_floor":[75,75,75,75,75,80,80,80,80,80,80,80,80,80,80,80],"card_choices":[{"not_picked":["Sweeping Beam","Conserve Battery"],"picked":"Capacitor","floor":1},{"not_picked":["Barrage","Go for the Eyes"],"picked":"Conserve Battery","floor":5},{"not_picked":["White Noise","Barrage"],"picked":"Loop","floor":6},{"not_picked":["Leap","BootSequence"],"picked":"Electrodynamics","floor":8},{"not_picked":["Streamline","Reinforced Body"],"picked":"White Noise","floor":11},{"not_picked":["Conserve Battery","Barrage","Go for the Eyes"],"picked":"SKIP","floor":12}],"player_experience":83999,"relics_obtained":[{"floor":6,"key":"Bottled Tornado"},{"floor":9,"key":"Letter Opener"},{"floor":11,"key":"Whetstone"},{"floor":14,"key":"Smiling Mask"}],"event_choices":[{"cards_removed":["Defend_B"],"damage_healed":0,"gold_gain":0,"player_choice":"Offered Basic","damage_taken":0,"max_hp_gain":0,"max_hp_loss":0,"event_name":"Bonfire Elementals","floor":3,"gold_loss":0},{"damage_healed":26,"gold_gain":0,"player_choice":"Banana","damage_taken":0,"max_hp_gain":0,"max_hp_loss":0,"event_name":"Big Fish","floor":13,"gold_loss":0}],"is_beta":false,"boss_relics":[],"items_purged_floors":[2],"is_endless":false,"potions_floor_spawned":[5,8,11],"killed_by":"The Guardian","ascension_level":3}