{"gold_per_floor":[112,112,112,112,128,128,166,166,166,237,250,250,266,310,310,433,496,521,21,21,21,38,78,78,78],"floor_reached":25,"playtime":1287,"items_purged":[],"score":295,"play_id":"a5053d49-0b12-467e-bfbd-5b3d7c55781d","local_time":"20190123224420","is_ascension_mode":true,"campfire_choices":[{"data":"Bash","floor":6.0,"key":"SMITH"},{"data":"Shrug It Off","floor":8.0,"key":"SMITH"},{"floor":15.0,"key":"REST"},{"data":"Apotheosis","floor":24,"key":"SMITH"}],"neow_cost":"NONE","seed_source_timestamp":259432698701004,"circlet_count":0,"master_deck":["Strike_R","Strike_R+1","Strike_R+1","Strike_R","Strike_R","Defend_R","Defend_R+1","Defend_R+1","Defend_R","Bash+1","Forethought","Shrug It Off+1","Twin Strike","Cleave","Shrug It Off+1","Demon Form","Body Slam","Headbutt","Apotheosis+1","Forethought","Hemokinesis"],"special_seed":0,"relics":["Burning Blood","Golden Idol","Singing Bowl","Darkstone Periapt","Ancient Tea Set","War Paint","Tiny House","Oddly Smooth Stone","The Courier"],"potions_floor_usage":[23,23],"damage_taken":[{"damage":10.0,"enemies":"2 Louse","floor":1.0,"turns":3.0},{"damage":2.0,"enemies":"Small Slimes","floor":5.0,"turns":4.0},{"damage":33.0,"enemies":"3 Sentries","floor":7.0,"turns":10.0},{"damage":1.0,"enemies":"Cultist","floor":11.0,"turns":3.0},{"damage":11.0,"enemies":"3 Louse","floor":13.0,"turns":2.0},{"damage":16.0,"enemies":"Lagavulin","floor":14.0,"turns":7.0},{"damage":25.0,"enemies":"The Guardian","floor":16.0,"turns":12.0},{"damage":14.0,"enemies":"Shell Parasite","floor":18.0,"turns":6.0},{"damage":16.0,"enemies":"2 Thieves","floor":22.0,"turns":4.0},{"damage":88,"enemies":"Book of Stabbing","floor":23,"turns":7},{"damage":28,"enemies":"Gremlin Leader","floor":25,"turns":2}],"seed_played":"5674311660249564551","potions_obtained":[{"floor":7.0,"key":"AttackPotion"},{"floor":13.0,"key":"Swift Potion"},{"floor":16.0,"key":"PowerPotion"},{"floor":17.0,"key":"Fruit Juice"},{"floor":23,"key":"PowerPotion"}],"is_trial":false,"path_per_floor":["M","?","?","?","M","R","E","R","T","?","M","T","M","E","R","B",null,"M","$","?","?","M","E","R","E"],"character_chosen":"IRONCLAD","items_purchased":["Oddly Smooth Stone","Apotheosis","Regen Potion","Regen Potion"],"campfire_rested":1,"item_purchase_floors":[19,19,19,19],"current_hp_per_floor":[68,68,68,53,57,57,30,30,30,30,35,35,32,24,47,28,71,68,68,68,68,58,23,23,0],"gold":78,"neow_bonus":"RANDOM_COLORLESS","is_prod":false,"is_daily":false,"chose_seed":false,"campfire_upgraded":3,"win_rate":0,"timestamp":1548279860,"path_taken":["M","?","?","?","M","R","E","R","T","?","M","?","M","E","R","BOSS","M","$","?","?","?","E","R","E"],"build_version":"2018-12-20","purchased_purges":0,"victory":false,"max_hp_per_floor":[80,74,74,74,74,74,74,74,74,74,74,74,76,78,78,78,83,88,88,88,88,88,90,90,90],"card_choices":[{"not_picked":["Anger","Wild Strike"],"picked":"Shrug It Off","floor":1.0},{"not_picked":["Rage","Pummel"],"picked":"Twin Strike","floor":5.0},{"not_picked":["Shrug It Off","Whirlwind"],"picked":"Cleave","floor":7.0},{"not_picked":["Ghostly Armor","Immolate"],"picked":"Shrug It Off","floor":11.0},{"not_picked":["Metallicize","Rupture","Blood for Blood"],"picked":"Singing Bowl","floor":13.0},{"not_picked":["Shrug It Off","Flex","Power Through"],"picked":"Singing Bowl","floor":14.0},{"not_picked":["Barricade","Offering"],"picked":"Demon Form","floor":16.0},{"not_picked":["Armaments","Twin Strike"],"picked":"Body Slam","floor":17.0},{"not_picked":["Cleave","Warcry"],"picked":"Headbutt","floor":18.0},{"not_picked":["Inflame","Rupture"],"picked":"Hemokinesis","floor":22.0},{"not_picked":["Body Slam","Evolve","Disarm+1"],"picked":"Singing Bowl","floor":23}],"player_experience":137411,"relics_obtained":[{"floor":7.0,"key":"Singing Bowl"},{"floor":9.0,"key":"Darkstone Periapt"},{"floor":12.0,"key":"Ancient Tea Set"},{"floor":14.0,"key":"War Paint"},{"floor":23,"key":"The Courier"}],"event_choices":[{"damage_healed":0.0,"max_hp_gain":0.0,"max_hp_loss":6.0,"gold_gain":0.0,"event_name":"Golden Idol","player_choice":"Lose Max HP","floor":2.0,"gold_loss":0.0,"damage_taken":0.0,"relics_obtained":["Golden Idol"]},{"damage_healed":0.0,"max_hp_gain":0.0,"max_hp_loss":0.0,"gold_gain":0.0,"event_name":"Liars Game","player_choice":"Ignored","floor":3.0,"gold_loss":0.0,"damage_taken":0.0},{"damage_healed":0.0,"max_hp_gain":0.0,"max_hp_loss":0.0,"gold_gain":0.0,"event_name":"Shining Light","player_choice":"Entered Light","floor":4.0,"gold_loss":0.0,"damage_taken":15.0,"cards_upgraded":["Strike_R","Defend_R"]},{"damage_healed":0.0,"max_hp_gain":0.0,"max_hp_loss":0.0,"gold_gain":71.0,"event_name":"Golden Wing","player_choice":"Gained Gold","floor":10.0,"gold_loss":0.0,"damage_taken":0.0},{"damage_healed":0.0,"max_hp_gain":0.0,"max_hp_loss":0.0,"gold_gain":0.0,"event_name":"Beggar","player_choice":"Ignored","floor":20.0,"gold_loss":0.0,"damage_taken":0.0},{"damage_healed":0.0,"max_hp_gain":0.0,"max_hp_loss":0.0,"gold_gain":0.0,"event_name":"Duplicator","player_choice":"Copied","floor":21.0,"gold_loss":0.0,"damage_taken":0.0,"cards_obtained":["Forethought"]}],"is_beta":false,"boss_relics":[{"not_picked":["Astrolabe","Orrery"],"picked":"Tiny House"}],"items_purged_floors":[],"is_endless":false,"potions_floor_spawned":[7,13,16,23],"killed_by":"Gremlin Leader","ascension_level":6}