{"gold_per_floor":[366,45,45,60,75,75,110,110,192,217,231,248,274,284,284,379,379,389,389,400,429,73,73],"floor_reached":23,"playtime":1886,"items_purged":["Strike_R","Writhe"],"score":327,"play_id":"1b8e1088-ef79-4fd9-974f-cdb11394d24a","local_time":"20190130095325","is_ascension_mode":true,"campfire_choices":[{"data":"Apotheosis","floor":6.0,"key":"SMITH"},{"floor":8.0,"key":"REST"},{"floor":15.0,"key":"REST"}],"neow_cost":"PERCENT_DAMAGE","seed_source_timestamp":2569633528244,"circlet_count":0,"master_deck":["AscendersBane","Strike_R","Strike_R","Strike_R","Defend_R+1","Defend_R","Defend_R","Defend_R","Bash","Anger","Apotheosis+1","Shrug It Off+1","Combust","Carnage","Intimidate","Rupture","Double Tap+1","Shrug It Off+1","Brutality","Twin Strike+1","Intimidate+1","Shrug It Off+1","Havoc+1","Panacea+1"],"special_seed":0,"relics":["Burning Blood","Lantern","Kunai","Juzu Bracelet","Toxic Egg 2","Runic Cube","War Paint","Red Mask"],"potions_floor_usage":[23,23],"damage_taken":[{"damage":6.0,"enemies":"Jaw Worm","floor":1.0,"turns":5.0},{"damage":0.0,"enemies":"Cultist","floor":4.0,"turns":3.0},{"damage":4.0,"enemies":"Small Slimes","floor":5.0,"turns":3.0},{"damage":21.0,"enemies":"3 Sentries","floor":7.0,"turns":8.0},{"damage":39.0,"enemies":"Gremlin Nob","floor":10.0,"turns":4.0},{"damage":0.0,"enemies":"2 Fungi Beasts","floor":11.0,"turns":3.0},{"damage":5.0,"enemies":"Looter","floor":12.0,"turns":3.0},{"damage":22.0,"enemies":"Lagavulin","floor":13.0,"turns":5.0},{"damage":6.0,"enemies":"Gremlin Gang","floor":14.0,"turns":3.0},{"damage":12.0,"enemies":"Slime Boss","floor":16.0,"turns":7.0},{"damage":8.0,"enemies":"3 Byrds","floor":18.0,"turns":5.0},{"damage":36.0,"enemies":"2 Thieves","floor":20.0,"turns":5.0},{"damage":42.0,"enemies":"Masked Bandits","floor":21.0,"turns":6.0},{"damage":19,"enemies":"Book of Stabbing","floor":23,"turns":5}],"seed_played":"-7339149927842776808","potions_obtained":[{"floor":1.0,"key":"Poison Potion"},{"floor":11.0,"key":"Regen Potion"},{"floor":12.0,"key":"Fire Potion"},{"floor":16.0,"key":"Ancient Potion"},{"floor":20.0,"key":"AttackPotion"},{"floor":21.0,"key":"Dexterity Potion"}],"is_trial":false,"path_per_floor":["M","$","?","M","M","R","E","R","T","E","M","M","E","M","R","B",null,"M","?","M","?","$","E"],"character_chosen":"IRONCLAD","items_purchased":["Apotheosis","Shrug It Off","BloodPotion","Shrug It Off+1","Havoc+1","Panacea+1"],"campfire_rested":2,"item_purchase_floors":[2,2,22,22,22,22],"current_hp_per_floor":[51,51,51,57,59,59,44,68,68,35,41,42,40,40,64,58,75,73,73,43,7,7,0],"gold":73,"neow_bonus":"TWO_FIFTY_GOLD","is_prod":false,"is_daily":false,"chose_seed":false,"campfire_upgraded":1,"win_rate":0,"timestamp":1548863605,"path_taken":["M","$","?","M","?","R","E","R","T","E","M","M","E","M","R","BOSS","M","?","M","?","$","E"],"build_version":"2019-01-23","purchased_purges":2,"victory":false,"max_hp_per_floor":[80,80,80,80,80,80,80,80,80,80,80,80,80,80,80,80,80,80,80,80,80,80,80],"card_choices":[{"not_picked":["Rupture","Wild Strike"],"picked":"Anger","floor":1.0},{"not_picked":["Armaments","Iron Wave"],"picked":"Combust","floor":4.0},{"not_picked":["Anger","Cleave","Reckless Charge"],"picked":"SKIP","floor":5.0},{"not_picked":["Sword Boomerang","Twin Strike","Rampage"],"picked":"SKIP","floor":7.0},{"not_picked":["Reckless Charge","Feel No Pain"],"picked":"Carnage","floor":10.0},{"not_picked":["Twin Strike","Perfected Strike"],"picked":"Intimidate","floor":11.0},{"not_picked":["Clothesline","Entrench"],"picked":"Rupture","floor":12.0},{"not_picked":["Clash","Fiend Fire"],"picked":"Double Tap","floor":13.0},{"not_picked":["Pommel Strike","Anger"],"picked":"Shrug It Off+1","floor":14.0},{"not_picked":["Barricade","Reaper"],"picked":"Brutality","floor":16.0},{"not_picked":["Flame Barrier+1","Uppercut"],"picked":"Twin Strike+1","floor":18.0},{"not_picked":["Wild Strike+1","Iron Wave+1"],"picked":"Intimidate+1","floor":20.0}],"player_experience":516461,"relics_obtained":[{"floor":7.0,"key":"Lantern"},{"floor":9.0,"key":"Kunai"},{"floor":10.0,"key":"Juzu Bracelet"},{"floor":13.0,"key":"Toxic Egg 2"},{"floor":21.0,"key":"Red Mask"}],"event_choices":[{"cards_removed":["Strike_R"],"damage_healed":0.0,"max_hp_gain":0.0,"max_hp_loss":0.0,"gold_gain":0.0,"event_name":"Wheel of Change","player_choice":"Card Removal","floor":3.0,"gold_loss":0.0,"damage_taken":0.0},{"damage_healed":0.0,"max_hp_gain":0.0,"max_hp_loss":0.0,"gold_gain":0.0,"event_name":"The Mausoleum","player_choice":"Opened","floor":19.0,"gold_loss":0.0,"damage_taken":0.0,"relics_obtained":["War Paint"],"cards_obtained":["Writhe"]},{"damage_healed":0.0,"max_hp_gain":0.0,"max_hp_loss":0.0,"gold_gain":0.0,"event_name":"Masked Bandits","player_choice":"Fought Bandits","floor":21.0,"gold_loss":0.0,"damage_taken":0.0}],"is_beta":false,"boss_relics":[{"not_picked":["Black Star","Lizard Tail"],"picked":"Runic Cube"}],"items_purged_floors":[2,22],"is_endless":false,"potions_floor_spawned":[1,11,12,16,20,21],"killed_by":"Book of Stabbing","ascension_level":11}