{"gold_per_floor":[14,28,28,48,67,97,97,108,108,119,130,130,141,16,16,120,120,136,155,155,155,167,167,196,196,223,238,265,285,296,327,327,427,427,446,446,456,279,0,26,81,81,81,97,97,124,137,151,151,151],"floor_reached":51,"playtime":7497,"items_purged":["Strike_G","Defend_G+1"],"score":923,"play_id":"dc18e502-c64d-47b5-bf36-11e306754255","local_time":"20181007030956","is_ascension_mode":false,"campfire_choices":[{"data":"Predator","floor":7.0,"key":"SMITH"},{"data":"Cloak And Dagger","floor":12.0,"key":"SMITH"},{"data":"Blade Dance","floor":15.0,"key":"SMITH"},{"data":"Cloak And Dagger","floor":23.0,"key":"SMITH"},{"data":"After Image","floor":25.0,"key":"SMITH"},{"data":"Distraction","floor":32.0,"key":"SMITH"},{"data":"Accuracy","floor":42,"key":"SMITH"},{"data":"Choke","floor":49,"key":"SMITH"}],"neow_cost":"NO_GOLD","seed_source_timestamp":0,"circlet_count":0,"master_deck":["Defend_G+1","Defend_G+1","Defend_G+1","Defend_G+1","Survivor+1","Neutralize+1","Cloak And Dagger+1","Backstab+1","Infinite Blades+1","Predator+1","Quick Slash+1","Cloak And Dagger+1","Well Laid Plans+1","Leg Sweep+1","Blade Dance+1","After Image+1","Blade Dance+1","Dagger Spray+1","Distraction+1","Adrenaline+1","Dodge and Roll+1","Predator+1","Footwork","Crippling Poison","Accuracy+1","Dash+1","Madness","Madness","Deflect","Choke+1"],"special_seed":0,"relics":["Ring of the Snake","Kunai","Art of War","Mummified Hand","Busted Crown","Unceasing Top","Strawberry","Happy Flower","Vajra","Empty Cage","Mark of the Bloom","Red Mask","Paper Crane","Turnip","Sundial","Ancient Tea Set"],"potions_floor_usage":[33,50,50,50],"damage_taken":[{"damage":7.0,"enemies":"Small Slimes","floor":1.0,"turns":6.0},{"damage":0.0,"enemies":"Cultist","floor":2.0,"turns":4.0},{"damage":0.0,"enemies":"2 Louse","floor":4.0,"turns":3.0},{"damage":0.0,"enemies":"Lots of Slimes","floor":5.0,"turns":6.0},{"damage":11.0,"enemies":"3 Sentries","floor":6.0,"turns":12.0},{"damage":5.0,"enemies":"Exordium Wildlife","floor":8.0,"turns":4.0},{"damage":0.0,"enemies":"3 Louse","floor":10.0,"turns":3.0},{"damage":0.0,"enemies":"2 Fungi Beasts","floor":11.0,"turns":4.0},{"damage":0.0,"enemies":"Looter","floor":13.0,"turns":2.0},{"damage":4.0,"enemies":"Hexaghost","floor":16.0,"turns":11.0},{"damage":3.0,"enemies":"Shell Parasite","floor":18.0,"turns":5.0},{"damage":0.0,"enemies":"Chosen","floor":19.0,"turns":4.0},{"damage":0.0,"enemies":"Snecko","floor":22.0,"turns":5.0},{"damage":0.0,"enemies":"Book of Stabbing","floor":24.0,"turns":7.0},{"damage":0.0,"enemies":"Centurion and Healer","floor":27.0,"turns":6.0},{"damage":0.0,"enemies":"Slavers","floor":28.0,"turns":3.0},{"damage":0.0,"enemies":"Snake Plant","floor":29.0,"turns":5.0},{"damage":0.0,"enemies":"Sentry and Sphere","floor":30.0,"turns":4.0},{"damage":0.0,"enemies":"Gremlin Leader","floor":31.0,"turns":6.0},{"damage":5,"enemies":"Collector","floor":33,"turns":12},{"damage":0,"enemies":"3 Darklings","floor":35,"turns":4},{"damage":0,"enemies":"3 Shapes","floor":37,"turns":4},{"damage":0,"enemies":"2 Orb Walkers","floor":40,"turns":4},{"damage":1,"enemies":"Mysterious Sphere","floor":41,"turns":4},{"damage":0,"enemies":"Maw","floor":44,"turns":5},{"damage":0,"enemies":"Giant Head","floor":46,"turns":6},{"damage":0,"enemies":"3 Darklings","floor":47,"turns":4},{"damage":0,"enemies":"Spire Growth","floor":48,"turns":4},{"damage":0,"enemies":"Donu and Deca","floor":50,"turns":7}],"seed_played":"-2711962083394176307","potions_obtained":[{"floor":1.0,"key":"Energy Potion"},{"floor":2.0,"key":"Regen Potion"},{"floor":8.0,"key":"Explosive Potion"},{"floor":10.0,"key":"Weak Potion"},{"floor":28.0,"key":"Regen Potion"},{"floor":30.0,"key":"Strength Potion"},{"floor":31.0,"key":"Strength Potion"},{"floor":33,"key":"Explosive Potion"}],"is_trial":false,"path_per_floor":["M","M","?","M","M","E","R","M","T","M","M","R","M","$","R","B",null,"M","M","?","?","M","R","E","R","T","M","E","M","M","E","R","B",null,"M","?","M","$","?","E","?","R","T","M","?","E","M","M","R","B"],"character_chosen":"THE_SILENT","items_purchased":["Blade Dance","Footwork"],"campfire_rested":0,"item_purchase_floors":[14,38],"current_hp_per_floor":[63,63,63,63,63,52,52,47,47,47,47,47,47,47,47,43,70,67,67,67,67,67,67,67,67,74,74,74,74,74,74,74,69,77,77,77,77,77,77,77,76,76,76,76,66,66,66,66,66,66],"gold":151,"neow_bonus":"REMOVE_TWO","is_prod":false,"is_daily":false,"chose_seed":false,"campfire_upgraded":8,"win_rate":0,"timestamp":1538906996,"path_taken":["M","M","?","M","M","E","R","M","T","M","?","R","M","?","R","BOSS","M","M","?","?","M","R","E","R","T","M","E","M","M","E","R","BOSS","M","?","M","$","?","E","?","R","T","M","?","E","?","M","R","BOSS"],"build_version":"2018-10-04v2","purchased_purges":2,"victory":true,"max_hp_per_floor":[70,70,70,70,70,70,70,70,70,70,70,70,70,70,70,70,70,70,70,70,70,70,70,70,70,77,77,77,77,77,77,77,77,77,77,77,77,77,77,77,77,77,77,77,77,77,77,77,77,77],"card_choices":[{"not_picked":["Flechettes","Leg Sweep"],"picked":"Cloak And Dagger","floor":1.0},{"not_picked":["Underhanded Strike","Prepared"],"picked":"Backstab","floor":2.0},{"not_picked":["Outmaneuver","PiercingWail","Sucker Punch"],"picked":"SKIP","floor":4.0},{"not_picked":["Slice","Acrobatics"],"picked":"Infinite Blades","floor":5.0},{"not_picked":["Finisher","Terror"],"picked":"Predator","floor":6.0},{"not_picked":["Concentrate","Setup"],"picked":"Quick Slash","floor":8.0},{"not_picked":["Dodge and Roll","Choke"],"picked":"Cloak And Dagger","floor":10.0},{"not_picked":["Flechettes","Heel Hook"],"picked":"Well Laid Plans","floor":11.0},{"not_picked":["Bouncing Flask","Deflect"],"picked":"Leg Sweep","floor":13.0},{"not_picked":["Bullet Time","A Thousand Cuts"],"picked":"After Image","floor":16.0},{"not_picked":["Skewer"],"picked":"SKIP","floor":18.0},{"not_picked":[],"picked":"All Out Attack","floor":19.0},{"not_picked":[],"picked":"Blade Dance+1","floor":22.0},{"not_picked":["Skewer"],"picked":"SKIP","floor":24.0},{"not_picked":[],"picked":"Dagger Spray","floor":27.0},{"not_picked":["Sucker Punch"],"picked":"SKIP","floor":28.0},{"not_picked":["Bane"],"picked":"SKIP","floor":29.0},{"not_picked":[],"picked":"Distraction","floor":30.0},{"not_picked":["Phantasmal Killer"],"picked":"SKIP","floor":31.0},{"not_picked":[],"picked":"Adrenaline","floor":33},{"not_picked":[],"picked":"Dodge and Roll+1","floor":35},{"not_picked":[],"picked":"Predator+1","floor":37},{"not_picked":[],"picked":"Crippling Poison","floor":40},{"not_picked":[],"picked":"Accuracy","floor":41},{"not_picked":[],"picked":"Dash+1","floor":44},{"not_picked":[],"picked":"Deflect","floor":46},{"not_picked":["Dagger Spray+1"],"picked":"SKIP","floor":47},{"not_picked":[],"picked":"Choke","floor":48}],"player_experience":902803,"relics_obtained":[{"floor":6.0,"key":"Art of War"},{"floor":9.0,"key":"Mummified Hand"},{"floor":24.0,"key":"Unceasing Top"},{"floor":26.0,"key":"Strawberry"},{"floor":28.0,"key":"Happy Flower"},{"floor":31.0,"key":"Vajra"},{"floor":40,"key":"Paper Crane"},{"floor":41,"key":"Turnip"},{"floor":43,"key":"Sundial"},{"floor":46,"key":"Ancient Tea Set"}],"event_choices":[{"event_name":"WeMeetAgain","player_choice":"Potion","floor":3.0,"damage_taken":0.0},{"event_name":"Vampires","player_choice":"Ignored","floor":20.0,"damage_taken":0.0},{"event_name":"Bonfire Elementals","player_choice":"BASIC","floor":21.0,"damage_taken":0.0},{"event_name":"MindBloom","player_choice":"Upgrade","floor":36,"damage_taken":0},{"event_name":"Tomb of Lord Red Mask","player_choice":"Paid","floor":39,"damage_taken":0},{"event_name":"Mysterious Sphere","player_choice":"Fight","floor":41,"damage_taken":0},{"event_name":"Winding Halls","player_choice":"Embrace Madness","floor":45,"damage_taken":0}],"is_beta":false,"boss_relics":[{"not_picked":["Ectoplasm","Astrolabe"],"picked":"Busted Crown"},{"not_picked":["Orrery","Eternal Feather"],"picked":"Empty Cage"}],"items_purged_floors":[14,38],"is_endless":false,"potions_floor_spawned":[1,2,8,10,19,28,30,31,33,35,41,44,47],"ascension_level":0}