{"gold_per_floor":[111,124,49,63,63,83,83,121,121,21,96,96,117,138,138,138],"floor_reached":16,"playtime":990,"items_purged":["Strike_R","Strike_R"],"score":107,"play_id":"5824e623-e52e-4e94-9ee2-69dcf19d6864","local_time":"20190301130032","is_ascension_mode":true,"campfire_choices":[{"floor":12.0,"key":"REST"},{"data":"Rage","floor":15,"key":"SMITH"}],"neow_cost":"NONE","seed_source_timestamp":917138787104024,"circlet_count":0,"master_deck":["Strike_R","Strike_R","Strike_R","Defend_R","Defend_R","Defend_R","Defend_R","Bash","Dropkick","Rage+1"],"special_seed":0,"relics":["Burning Blood","NeowsBlessing","Golden Idol","Gremlin Horn","Blue Candle"],"potions_floor_usage":[],"damage_taken":[{"damage":0.0,"enemies":"2 Louse","floor":1.0,"turns":1.0},{"damage":0.0,"enemies":"Small Slimes","floor":2.0,"turns":1.0},{"damage":0.0,"enemies":"Jaw Worm","floor":4.0,"turns":1.0},{"damage":14.0,"enemies":"Large Slime","floor":6.0,"turns":9.0},{"damage":29.0,"enemies":"3 Sentries","floor":8.0,"turns":12.0},{"damage":10.0,"enemies":"Blue Slaver","floor":13.0,"turns":6.0},{"damage":0,"enemies":"Lots of Slimes","floor":14,"turns":4},{"damage":45,"enemies":"The Guardian","floor":16,"turns":7}],"seed_played":"-2953003255811039168","potions_obtained":[{"floor":2.0,"key":"GamblersBrew"},{"floor":4.0,"key":"SteroidPotion"},{"floor":14,"key":"LiquidBronze"}],"is_trial":false,"path_per_floor":["M","M","$","M","?","M","?","E","T","$","?","R","M","M","R","B"],"character_chosen":"IRONCLAD","items_purchased":[],"campfire_rested":1,"item_purchase_floors":[],"current_hp_per_floor":[80,80,80,80,60,52,52,29,29,29,18,42,38,44,44,0],"gold":138,"neow_bonus":"THREE_ENEMY_KILL","is_prod":false,"is_daily":false,"chose_seed":false,"campfire_upgraded":1,"win_rate":0,"timestamp":1551441632,"path_taken":["M","M","$","M","?","M","?","E","T","$","?","R","M","M","R","BOSS"],"build_version":"2019-01-23","purchased_purges":2,"victory":false,"max_hp_per_floor":[80,80,80,80,80,80,80,80,80,80,80,80,80,80,80,80],"card_choices":[{"not_picked":["Anger","Headbutt"],"picked":"Dropkick","floor":1.0},{"not_picked":["Wild Strike","Combust","Warcry"],"picked":"SKIP","floor":2.0},{"not_picked":["Heavy Blade","Carnage","Twin Strike"],"picked":"SKIP","floor":4.0},{"not_picked":["Feed","Combust"],"picked":"Rage","floor":6.0},{"not_picked":["Burning Pact","Power Through","Armaments"],"picked":"SKIP","floor":8.0},{"not_picked":["Cleave","Hemokinesis","Sword Boomerang"],"picked":"SKIP","floor":13.0},{"not_picked":["Cleave","Heavy Blade","Anger"],"picked":"SKIP","floor":14}],"player_experience":426981,"relics_obtained":[{"floor":8.0,"key":"Gremlin Horn"},{"floor":9.0,"key":"Blue Candle"}],"event_choices":[{"damage_healed":0.0,"max_hp_gain":0.0,"max_hp_loss":0.0,"gold_gain":0.0,"event_name":"Golden Idol","player_choice":"Take Damage","floor":5.0,"gold_loss":0.0,"damage_taken":20.0,"relics_obtained":["Golden Idol"]},{"damage_healed":0.0,"max_hp_gain":0.0,"max_hp_loss":0.0,"gold_gain":0.0,"event_name":"Liars Game","player_choice":"Ignored","floor":7.0,"gold_loss":0.0,"damage_taken":0.0},{"damage_healed":0.0,"max_hp_gain":0.0,"max_hp_loss":0.0,"gold_gain":75.0,"event_name":"World of Goop","player_choice":"Gather Gold","floor":11.0,"gold_loss":0.0,"damage_taken":11.0}],"is_beta":false,"boss_relics":[],"items_purged_floors":[3,10],"is_endless":false,"potions_floor_spawned":[2,4,14],"killed_by":"The Guardian","ascension_level":1}