{"gold_per_floor":[17,29,29,48,66,97,97,123,423,423,441,475,493,504,504,605,605,618,78,78,93,112,112,138,149,221,221,231,231,256,156,156,259,259,277,277,288,300,300,332,332,332,332,332,332],"floor_reached":45,"playtime":4997,"items_purged":["Strike_G","Survivor"],"score":570,"play_id":"e800ef3f-40f2-4e6f-8312-d2481a18c26f","local_time":"20180701170502","is_ascension_mode":false,"campfire_choices":[{"floor":7.0,"key":"REST"},{"data":"Infinite Blades","floor":10.0,"key":"SMITH"},{"data":"Bouncing Flask","floor":15,"key":"SMITH"},{"floor":23,"key":"REST"},{"floor":27,"key":"REST"},{"data":"Noxious Fumes","floor":29,"key":"SMITH"},{"floor":32,"key":"REST"},{"floor":42,"key":"REST"},{"floor":44,"key":"REST"}],"neow_cost":"","seed_source_timestamp":0,"circlet_count":0,"master_deck":["Defend_G+1","Defend_G+1","Defend_G+1","Defend_G+1","Defend_G+1","Strike_G+1","Strike_G+1","Strike_G+1","Strike_G+1","Neutralize","Dagger Spray","Infinite Blades+1","Quick Slash","Infinite Blades","Footwork","Footwork","Glass Knife","Dodge and Roll","Bouncing Flask+1","Tools of the Trade","Noxious Fumes+1","Footwork","Skewer","Poisoned Stab+1","Dagger Spray+1","Dagger Throw","Blur+1","Deadly Poison+1","Tactician+1","Dodge and Roll+1","Doppelganger+1","Riddle With Holes","Dagger Spray+1","Dagger Spray","Backflip+1"],"special_seed":0,"relics":["Ring of the Snake","Unceasing Top","Blood Vial","Orichalcum","Old Coin","Bag of Preparation","Eternal Feather","Happy Flower","Mercury Hourglass","Pen Nib","Toxic Egg 2","Sundial","Snecko Eye","Meat on the Bone","Ornamental Fan"],"potions_floor_usage":[24,24,30,30,38,38],"damage_taken":[{"damage":1.0,"enemies":"Cultist","floor":1.0,"turns":4.0},{"damage":0.0,"enemies":"Small Slimes","floor":2.0,"turns":3.0},{"damage":0.0,"enemies":"Jaw Worm","floor":4.0,"turns":5.0},{"damage":2.0,"enemies":"Looter","floor":5.0,"turns":4.0},{"damage":19.0,"enemies":"Lagavulin","floor":6.0,"turns":8.0},{"damage":0.0,"enemies":"3 Louse","floor":11.0,"turns":6.0},{"damage":4.0,"enemies":"3 Sentries","floor":12.0,"turns":8.0},{"damage":0.0,"enemies":"Red Slaver","floor":13.0,"turns":5.0},{"damage":4,"enemies":"2 Fungi Beasts","floor":14,"turns":6},{"damage":28,"enemies":"Hexaghost","floor":16,"turns":9},{"damage":6,"enemies":"Shell Parasite","floor":18,"turns":9},{"damage":9,"enemies":"Chosen","floor":21,"turns":5},{"damage":23,"enemies":"Slaver and Parasite","floor":22,"turns":8},{"damage":24,"enemies":"Gremlin Leader","floor":24,"turns":7},{"damage":14,"enemies":"Centurion and Healer","floor":25,"turns":7},{"damage":0,"enemies":"Snecko","floor":28,"turns":5},{"damage":27,"enemies":"Slavers","floor":30,"turns":6},{"damage":56,"enemies":"Collector","floor":33,"turns":10},{"damage":53,"enemies":"3 Darklings","floor":35,"turns":6},{"damage":0,"enemies":"Orb Walker","floor":37,"turns":4},{"damage":27,"enemies":"4 Shapes","floor":38,"turns":6},{"damage":52,"enemies":"Giant Head","floor":40,"turns":9},{"damage":64,"enemies":"2 Orb Walkers","floor":45,"turns":4}],"seed_played":"-5748646049966438601","potions_obtained":[{"floor":2.0,"key":"Energy Potion"},{"floor":4.0,"key":"Strength Potion"},{"floor":5.0,"key":"Explosive Potion"},{"floor":24,"key":"GamblersBrew"},{"floor":25,"key":"Explosive Potion"},{"floor":30,"key":"Strength Potion"},{"floor":33,"key":"SteroidPotion"},{"floor":35,"key":"Regen Potion"},{"floor":37,"key":"Regen Potion"},{"floor":41,"key":"EssenceOfSteel"},{"floor":41,"key":"Poison Potion"}],"is_trial":false,"path_per_floor":["M","M","$","M","M","E","R","T","T","R","M","E","M","M","R","B",null,"M","$","?","M","M","R","E","M","T","R","M","R","E","$","R","B",null,"M","?","M","M","?","E","?","R","T","R"],"character_chosen":"THE_SILENT","items_purchased":["Happy Flower","Mercury Hourglass","Footwork"],"campfire_rested":6,"item_purchase_floors":[19,19,19],"current_hp_per_floor":[69,69,69,69,67,48,69,69,69,69,70,66,68,66,66,40,70,64,64,64,57,36,67,45,33,33,64,66,70,43,43,70,14,70,17,17,19,34,61,9,9,41,41,61,0],"gold":332,"neow_bonus":"","is_prod":false,"is_daily":false,"chose_seed":false,"campfire_upgraded":3,"win_rate":0.0,"timestamp":1530457502,"path_taken":["M","M","$","M","M","E","R","?","T","R","M","E","M","M","R","BOSS","M","$","?","M","M","R","E","M","T","R","M","R","E","$","R","BOSS","M","?","M","M","?","E","?","R","T","R","E"],"build_version":"2018-06-28","purchased_purges":2,"victory":false,"max_hp_per_floor":[70,70,70,70,70,70,70,70,70,70,70,70,70,70,70,70,70,70,70,70,70,70,70,70,70,70,70,70,70,70,70,70,70,70,70,70,70,70,61,61,61,61,61,61,61],"card_choices":[{"not_picked":["Leg Sweep","Deflect"],"picked":"Dagger Spray","floor":1.0},{"not_picked":["Dodge and Roll","Backflip"],"picked":"Infinite Blades","floor":2.0},{"not_picked":["Poisoned Stab","Dagger Spray"],"picked":"Quick Slash","floor":4.0},{"not_picked":["Outmaneuver","Deflect"],"picked":"Infinite Blades","floor":5.0},{"not_picked":["Poisoned Stab","Phantasmal Killer"],"picked":"Footwork","floor":6.0},{"not_picked":["Outmaneuver","Underhanded Strike"],"picked":"Footwork","floor":11.0},{"not_picked":["Dagger Spray","Sucker Punch"],"picked":"Glass Knife","floor":12.0},{"not_picked":["Crippling Poison","Blade Dance"],"picked":"Dodge and Roll","floor":13},{"not_picked":["Expertise","Deflect"],"picked":"Bouncing Flask","floor":14},{"not_picked":["Night Terror","Die Die Die"],"picked":"Tools of the Trade","floor":16},{"not_picked":["Dagger Spray","Dash"],"picked":"Noxious Fumes","floor":18},{"not_picked":["Dagger Throw","Deflect"],"picked":"Skewer","floor":21},{"not_picked":["Skewer+1","Escape Plan+1"],"picked":"Poisoned Stab+1","floor":22},{"not_picked":["Flying Knee","PiercingWail"],"picked":"Dagger Spray+1","floor":24},{"not_picked":["Dagger Spray","Endless Agony"],"picked":"Dagger Throw","floor":25},{"not_picked":["Outmaneuver+1","Backflip+1"],"picked":"Blur+1","floor":28},{"not_picked":["Slice","Backstab"],"picked":"Deadly Poison+1","floor":30},{"not_picked":["Phantasmal Killer+1","Unload"],"picked":"Tactician+1","floor":33},{"not_picked":["Quick Slash+1","Poisoned Stab"],"picked":"Dodge and Roll+1","floor":35},{"not_picked":["Dagger Throw","Choke"],"picked":"Dagger Spray+1","floor":37},{"not_picked":["Tools of the Trade","Deflect+1"],"picked":"Dagger Spray","floor":38},{"not_picked":["Distraction+1","Eviscerate"],"picked":"Backflip+1","floor":40}],"player_experience":20376,"relics_obtained":[{"floor":6.0,"key":"Blood Vial"},{"floor":8.0,"key":"Orichalcum"},{"floor":9.0,"key":"Old Coin"},{"floor":12.0,"key":"Bag of Preparation"},{"floor":24,"key":"Pen Nib"},{"floor":26,"key":"Toxic Egg 2"},{"floor":30,"key":"Sundial"},{"floor":40,"key":"Meat on the Bone"},{"floor":43,"key":"Ornamental Fan"}],"event_choices":[{"event_name":"Back to Basics","player_choice":"Simplicity","floor":20,"damage_taken":0},{"event_name":"Match and Keep!","player_choice":"2 cards matched","floor":36,"damage_taken":0},{"event_name":"Match and Keep!","player_choice":"2 cards matched","floor":36,"damage_taken":0},{"event_name":"The Moai Head","player_choice":"Heal","floor":39,"damage_taken":0},{"event_name":"The Lab","player_choice":"Got Potions","floor":41,"damage_taken":0}],"boss_relics":[{"not_picked":["Sozu","Philosopher\u0027s Stone"],"picked":"Eternal Feather"},{"not_picked":["Black Star","Coffee Dripper"],"picked":"Snecko Eye"}],"items_purged_floors":[19,31],"is_endless":false,"potions_floor_spawned":[2,4,5,13,16,24,25,30,33,35,37],"killed_by":"2 Orb Walkers","ascension_level":0}