{"gold_per_floor":[118,130,33,33,33,74,74,114,114,129,129,143,163,177,177,306,306,331,354,254,269,269,269,269,303,351,351,371,386,409,425,425,425],"floor_reached":33,"playtime":2518,"items_purged":["Strike_G","Strike_G"],"score":337,"play_id":"fcf2f4a4-a155-406e-9c41-6a8cedfe1b4d","local_time":"20190421161820","is_ascension_mode":true,"campfire_choices":[{"data":"Flechettes","floor":7,"key":"SMITH"},{"data":"Deadly Poison","floor":11,"key":"SMITH"},{"floor":15,"key":"REST"},{"data":"Corpse Explosion","floor":23,"key":"SMITH"},{"floor":27,"key":"REST"},{"floor":32,"key":"REST"}],"neow_cost":"NONE","seed_source_timestamp":939910024202386,"circlet_count":0,"master_deck":["Defend_G","Defend_G","Defend_G","Defend_G","Strike_G","Strike_G","Strike_G","Survivor","Neutralize","Deadly Poison+1","Backflip","Flechettes+1","Backflip","Cloak And Dagger","Corpse Explosion+1","Decay","Dash","Dodge and Roll"],"relics":["Ring of the Snake","NeowsBlessing","Golden Idol","Matryoshka","Orichalcum","Strawberry","Sundial","Sozu","MutagenicStrength","Darkstone Periapt","Letter Opener","Smiling Mask"],"potions_floor_usage":[25,33],"damage_taken":[{"damage":0,"enemies":"Cultist","floor":1,"turns":1},{"damage":0,"enemies":"2 Louse","floor":2,"turns":1},{"damage":0,"enemies":"Lagavulin","floor":6,"turns":1},{"damage":27,"enemies":"Gremlin Nob","floor":8,"turns":4},{"damage":2,"enemies":"Jaw Worm","floor":10,"turns":3},{"damage":3,"enemies":"Blue Slaver","floor":12,"turns":3},{"damage":11,"enemies":"Red Slaver","floor":13,"turns":5},{"damage":6,"enemies":"2 Fungi Beasts","floor":14,"turns":3},{"damage":5,"enemies":"Hexaghost","floor":16,"turns":10},{"damage":18,"enemies":"Spheric Guardian","floor":18,"turns":5},{"damage":9,"enemies":"Shell Parasite","floor":19,"turns":4},{"damage":11,"enemies":"Snake Plant","floor":21,"turns":5},{"damage":26,"enemies":"Book of Stabbing","floor":25,"turns":5},{"damage":14,"enemies":"Snecko","floor":28,"turns":5},{"damage":0,"enemies":"Cultist and Chosen","floor":29,"turns":4},{"damage":8,"enemies":"Snake Plant","floor":30,"turns":4},{"damage":0,"enemies":"3 Cultists","floor":31,"turns":3},{"damage":41,"enemies":"Automaton","floor":33,"turns":6}],"seed_played":"5305720702445502935","potions_obtained":[{"floor":8,"key":"Swift Potion"},{"floor":10,"key":"SpeedPotion"},{"floor":13,"key":"SteroidPotion"}],"is_trial":false,"path_per_floor":["M","M","$","?","?","E","R","E","T","M","R","M","M","M","R","B",null,"M","M","$","M","?","R","?","E","T","R","M","M","M","M","R","B"],"character_chosen":"THE_SILENT","items_purchased":["Backflip"],"campfire_rested":3,"item_purchase_floors":[3],"current_hp_per_floor":[70,70,70,53,53,53,53,26,33,31,31,28,17,11,34,29,77,59,50,50,39,39,39,39,13,13,36,22,22,14,14,37,0],"gold":425,"neow_bonus":"THREE_ENEMY_KILL","is_prod":false,"is_daily":false,"chose_seed":false,"campfire_upgraded":3,"win_rate":0,"timestamp":1555877900,"path_taken":["M","M","$","?","?","E","R","E","T","M","R","M","M","M","R","BOSS","M","M","$","?","?","R","?","E","T","R","M","?","M","M","R","BOSS"],"build_version":"2019-01-23","purchased_purges":2,"victory":false,"max_hp_per_floor":[70,70,70,70,70,70,70,70,77,77,77,77,77,77,77,77,77,77,77,77,77,77,77,77,77,77,77,77,77,77,77,77,77],"card_choices":[{"not_picked":["Deflect","Quick Slash"],"picked":"Deadly Poison","floor":1},{"not_picked":["Underhanded Strike","Catalyst","Deflect"],"picked":"SKIP","floor":2},{"not_picked":["Quick Slash","Backstab"],"picked":"Flechettes","floor":6},{"not_picked":["Tactician","Crippling Poison","Sucker Punch"],"picked":"SKIP","floor":8},{"not_picked":["Eviscerate","Slice","Flying Knee"],"picked":"SKIP","floor":10},{"not_picked":["Distraction","Slice"],"picked":"Backflip","floor":12},{"not_picked":["Prepared","Underhanded Strike","Choke"],"picked":"SKIP","floor":13},{"not_picked":["Deflect","Outmaneuver"],"picked":"Cloak And Dagger","floor":14},{"not_picked":["Doppelganger","Phantasmal Killer"],"picked":"Corpse Explosion","floor":16},{"not_picked":["Acrobatics+1","Dagger Spray","Noxious Fumes+1"],"picked":"SKIP","floor":18},{"not_picked":["Flying Knee","Masterful Stab","Bouncing Flask"],"picked":"SKIP","floor":19},{"not_picked":["Infinite Blades","Predator+1","Eviscerate"],"picked":"SKIP","floor":21},{"not_picked":["Tools of the Trade","Caltrops+1","Dagger Spray"],"picked":"SKIP","floor":25},{"not_picked":["Bane","Sucker Punch"],"picked":"Dash","floor":28},{"not_picked":["Acrobatics+1","Catalyst","Infinite Blades"],"picked":"SKIP","floor":29},{"not_picked":["Dagger Throw","All Out Attack"],"picked":"Dodge and Roll","floor":30},{"not_picked":["Quick Slash","Eviscerate","All Out Attack"],"picked":"SKIP","floor":31}],"player_experience":65710,"relics_obtained":[{"floor":6,"key":"Matryoshka"},{"floor":8,"key":"Orichalcum"},{"floor":9,"key":"Strawberry"},{"floor":9,"key":"Sundial"},{"floor":25,"key":"Darkstone Periapt"},{"floor":26,"key":"Letter Opener"},{"floor":26,"key":"Smiling Mask"}],"event_choices":[{"damage_healed":0,"gold_gain":0,"player_choice":"Take Damage","damage_taken":17,"relics_obtained":["Golden Idol"],"max_hp_gain":0,"max_hp_loss":0,"event_name":"Golden Idol","floor":4,"gold_loss":0},{"cards_removed":["Defend_G"],"damage_healed":0,"gold_gain":0,"player_choice":"Offered Basic","damage_taken":0,"max_hp_gain":0,"max_hp_loss":0,"event_name":"Bonfire Elementals","floor":5,"gold_loss":0},{"damage_healed":0,"gold_gain":0,"player_choice":"Inject Mutagens","damage_taken":0,"relics_obtained":["MutagenicStrength"],"max_hp_gain":0,"max_hp_loss":0,"event_name":"Drug Dealer","floor":22,"gold_loss":0},{"damage_healed":0,"gold_gain":0,"player_choice":"Cursed","damage_taken":0,"max_hp_gain":0,"max_hp_loss":0,"event_name":"Wheel of Change","floor":24,"gold_loss":0,"cards_obtained":["Decay"]}],"is_beta":false,"boss_relics":[{"not_picked":["Cursed Key","Runic Dome"],"picked":"Sozu"}],"items_purged_floors":[3,20],"is_endless":false,"potions_floor_spawned":[8,10,13,16,25,28,29,31],"killed_by":"Automaton","ascension_level":2}