{"gold_per_floor":[119,134,150,161,174,174,187,200,200,200,229,244,244,261,261,261],"floor_reached":16,"playtime":788,"items_purged":[],"score":189,"play_id":"2fe37508-7e5b-41ef-8e7a-377623c4963d","local_time":"20180816132801","is_ascension_mode":true,"campfire_choices":[{"data":"Rampage","floor":6.0,"key":"SMITH"},{"floor":10.0,"key":"REST"},{"floor":13.0,"key":"REST"},{"data":"True Grit","floor":15,"key":"SMITH"}],"neow_cost":"","seed_source_timestamp":0,"circlet_count":0,"master_deck":["Strike_R","Strike_R","Strike_R","Strike_R","Strike_R","Defend_R","Defend_R","Defend_R","Defend_R","Bash","AscendersBane","Battle Trance","Rampage+1","Headbutt","Clothesline","True Grit+1"],"special_seed":0,"relics":["Burning Blood","Omamori","Lantern"],"potions_floor_usage":[16],"damage_taken":[{"damage":6.0,"enemies":"Cultist","floor":1.0,"turns":4.0},{"damage":7.0,"enemies":"Small Slimes","floor":2.0,"turns":3.0},{"damage":2.0,"enemies":"Jaw Worm","floor":3.0,"turns":6.0},{"damage":28.0,"enemies":"3 Louse","floor":4.0,"turns":7.0},{"damage":19.0,"enemies":"Red Slaver","floor":5.0,"turns":9.0},{"damage":7.0,"enemies":"Exordium Wildlife","floor":7.0,"turns":5.0},{"damage":10.0,"enemies":"3 Louse","floor":8.0,"turns":4.0},{"damage":40.0,"enemies":"3 Sentries","floor":11.0,"turns":8.0},{"damage":6.0,"enemies":"Exordium Thugs","floor":12.0,"turns":3.0},{"damage":14,"enemies":"Red Slaver","floor":14,"turns":2},{"damage":48,"enemies":"Slime Boss","floor":16,"turns":6}],"seed_played":"-4961052370066091768","potions_obtained":[{"floor":4.0,"key":"Swift Potion"},{"floor":7.0,"key":"FearPotion"},{"floor":11.0,"key":"LiquidBronze"}],"is_trial":false,"path_per_floor":["M","M","M","M","M","R","M","M","T","R","E","M","R","M","R"],"character_chosen":"IRONCLAD","items_purchased":[],"campfire_rested":2,"item_purchase_floors":[],"current_hp_per_floor":[68,67,71,49,36,36,35,31,31,53,19,19,41,33,33,0],"gold":261,"neow_bonus":"","is_prod":false,"is_daily":false,"chose_seed":false,"campfire_upgraded":2,"win_rate":0,"timestamp":1534451281,"path_taken":["M","M","M","M","M","R","M","M","T","R","E","M","R","?","R","BOSS"],"build_version":"2018-08-09","purchased_purges":0,"victory":false,"max_hp_per_floor":[75,75,75,75,75,75,75,75,75,75,75,75,75,75,75,75],"card_choices":[{"not_picked":["Headbutt","Wild Strike"],"picked":"Battle Trance","floor":1.0},{"not_picked":["Cleave","Dual Wield","Evolve"],"picked":"SKIP","floor":2.0},{"not_picked":["Havoc","Exhume","Dual Wield"],"picked":"SKIP","floor":3.0},{"not_picked":["Perfected Strike","Hemokinesis","Evolve"],"picked":"SKIP","floor":4.0},{"not_picked":["Headbutt","Sword Boomerang"],"picked":"Rampage","floor":5.0},{"not_picked":["Carnage","Sword Boomerang"],"picked":"Headbutt","floor":7.0},{"not_picked":["Blood for Blood","Fiend Fire","Inflame"],"picked":"SKIP","floor":8.0},{"not_picked":["Wild Strike","Reckless Charge"],"picked":"Clothesline","floor":11.0},{"not_picked":["Infernal Blade","Blood for Blood","Uppercut"],"picked":"SKIP","floor":12.0},{"not_picked":["Armaments","Dual Wield"],"picked":"True Grit","floor":14}],"player_experience":762002,"relics_obtained":[{"floor":9.0,"key":"Omamori"},{"floor":11.0,"key":"Lantern"}],"event_choices":[],"is_beta":false,"boss_relics":[],"items_purged_floors":[],"is_endless":false,"potions_floor_spawned":[4,7,11],"killed_by":"Slime Boss","ascension_level":15}