{"gold_per_floor":[119,44,44,60,78,78,112,127,152,152,167,167,196,211,211,211],"floor_reached":16,"playtime":730,"items_purged":["Defend_G"],"score":129,"play_id":"88157a75-4d4c-4782-9354-13ac4c6dc57e","local_time":"20190427204419","is_ascension_mode":true,"campfire_choices":[{"data":"Defend_G","floor":6,"key":"SMITH"},{"floor":10,"key":"REST"},{"data":"Adrenaline","floor":12,"key":"SMITH"},{"floor":15,"key":"REST"}],"neow_cost":"NONE","seed_source_timestamp":1476170792435014,"circlet_count":0,"master_deck":["Defend_G","Defend_G","Defend_G","Defend_G+1","Strike_G","Strike_G","Strike_G","Survivor","Neutralize","Envenom","Adrenaline+1","Cloak And Dagger","Doppelganger"],"relics":["Ring of the Snake","Pen Nib","Orichalcum"],"potions_floor_usage":[16,16,16],"damage_taken":[{"damage":3,"enemies":"Cultist","floor":1,"turns":4},{"damage":5,"enemies":"2 Louse","floor":4,"turns":4},{"damage":4,"enemies":"Small Slimes","floor":5,"turns":5},{"damage":31,"enemies":"Lagavulin","floor":7,"turns":9},{"damage":8,"enemies":"3 Louse","floor":8,"turns":5},{"damage":2,"enemies":"2 Fungi Beasts","floor":11,"turns":5},{"damage":21,"enemies":"3 Sentries","floor":13,"turns":12},{"damage":0,"enemies":"Looter","floor":14,"turns":3},{"damage":40,"enemies":"Slime Boss","floor":16,"turns":9}],"seed_played":"-1494240044720924915","potions_obtained":[{"floor":1,"key":"Fire Potion"},{"floor":7,"key":"Poison Potion"},{"floor":8,"key":"Dexterity Potion"}],"is_trial":false,"path_per_floor":["M","$","?","M","M","R","E","M","T","R","M","R","E","M","R","B"],"character_chosen":"THE_SILENT","items_purchased":[],"campfire_rested":2,"item_purchase_floors":[],"current_hp_per_floor":[67,67,67,62,58,58,27,19,19,40,38,38,17,17,38,0],"gold":211,"neow_bonus":"TRANSFORM_CARD","is_prod":false,"is_daily":false,"chose_seed":false,"campfire_upgraded":2,"win_rate":0,"timestamp":1556412259,"path_taken":["M","$","?","M","M","R","E","M","T","R","M","R","E","M","R","BOSS"],"build_version":"2019-01-23","purchased_purges":1,"victory":false,"max_hp_per_floor":[70,70,70,70,70,70,70,70,70,70,70,70,70,70,70,70],"card_choices":[{"not_picked":["Caltrops","Endless Agony","All Out Attack"],"picked":"SKIP","floor":1},{"not_picked":["Slice","Poisoned Stab","Endless Agony"],"picked":"SKIP","floor":4},{"not_picked":["Skewer","Poisoned Stab","Outmaneuver"],"picked":"SKIP","floor":5},{"not_picked":["Outmaneuver","Masterful Stab"],"picked":"Adrenaline","floor":7},{"not_picked":["Dagger Throw","Quick Slash","Finisher"],"picked":"SKIP","floor":8},{"not_picked":["Quick Slash","Deflect"],"picked":"Cloak And Dagger","floor":11},{"not_picked":["Well Laid Plans","Dodge and Roll"],"picked":"Doppelganger","floor":13},{"not_picked":["Noxious Fumes","Terror","All Out Attack"],"picked":"SKIP","floor":14}],"player_experience":106269,"relics_obtained":[{"floor":7,"key":"Pen Nib"},{"floor":13,"key":"Orichalcum"}],"event_choices":[{"cards_removed":["Strike_G"],"damage_healed":0,"gold_gain":0,"player_choice":"Forget","damage_taken":0,"max_hp_gain":0,"max_hp_loss":0,"event_name":"Living Wall","floor":3,"gold_loss":0}],"is_beta":false,"boss_relics":[],"items_purged_floors":[2],"is_endless":false,"potions_floor_spawned":[1,7,8,14],"killed_by":"Slime Boss","ascension_level":3}