{"gold_per_floor":[116,131,150,161,161,161,193,193,193,193,205,217,236,236,236,334,334,314,189,189,207,207,207,225,225,225,256,256,104,135,148,148,148],"floor_reached":33,"playtime":1210,"items_purged":["Strike_R","Strike_R"],"score":337,"play_id":"ce302759-2004-4479-b888-4559b214e651","local_time":"20190427112855","is_ascension_mode":false,"campfire_choices":[{"data":"Shockwave","floor":6.0,"key":"SMITH"},{"data":"Shrug It Off","floor":8.0,"key":"SMITH"},{"data":"Inflame","floor":15.0,"key":"SMITH"},{"data":"Demon Form","floor":23,"key":"SMITH"},{"data":"Shrug It Off","floor":25,"key":"SMITH"},{"floor":28,"key":"REST"},{"data":"Exhume","floor":32,"key":"SMITH"}],"neow_cost":"NONE","seed_source_timestamp":1405114852389,"circlet_count":0,"master_deck":["Strike_R","Strike_R","Strike_R","Defend_R","Defend_R","Defend_R","Bash+1","Shrug It Off+1","Shockwave+1","Impervious","Battle Trance","Shrug It Off+1","Inflame+1","Demon Form+1","Necronomicurse","Disarm","True Grit","Clothesline","Exhume+1"],"special_seed":0,"relics":["Burning Blood","Mercury Hourglass","Ornamental Fan","Mark of Pain","Necronomicon","Pantograph","Pocketwatch","Omamori"],"potions_floor_usage":[27,27,30,33],"damage_taken":[{"damage":0.0,"enemies":"2 Louse","floor":1.0,"turns":3.0},{"damage":3.0,"enemies":"Small Slimes","floor":2.0,"turns":4.0},{"damage":6.0,"enemies":"Jaw Worm","floor":3.0,"turns":5.0},{"damage":3.0,"enemies":"Large Slime","floor":4.0,"turns":6.0},{"damage":20.0,"enemies":"3 Sentries","floor":7.0,"turns":8.0},{"damage":2.0,"enemies":"Exordium Wildlife","floor":11.0,"turns":5.0},{"damage":10.0,"enemies":"Exordium Thugs","floor":12.0,"turns":6.0},{"damage":5.0,"enemies":"Blue Slaver","floor":13.0,"turns":3.0},{"damage":0.0,"enemies":"Slime Boss","floor":16.0,"turns":6.0},{"damage":10.0,"enemies":"2 Thieves","floor":18.0,"turns":4.0},{"damage":8,"enemies":"Shell Parasite","floor":21,"turns":6},{"damage":18,"enemies":"Snake Plant","floor":24,"turns":5},{"damage":26,"enemies":"Gremlin Leader","floor":27,"turns":4},{"damage":18,"enemies":"Slavers","floor":30,"turns":7},{"damage":4,"enemies":"Shelled Parasite and Fungi","floor":31,"turns":5},{"damage":52,"enemies":"Collector","floor":33,"turns":5}],"seed_played":"4001333471562945402","potions_obtained":[{"floor":2.0,"key":"Strength Potion"},{"floor":11.0,"key":"SpeedPotion"},{"floor":12.0,"key":"SteroidPotion"},{"floor":18.0,"key":"Weak Potion"},{"floor":21,"key":"AttackPotion"},{"floor":30,"key":"GamblersBrew"}],"is_trial":false,"path_per_floor":["M","M","M","M","?","R","E","R","T","?","M","M","M","?","R","B",null,"M","$","?","M","?","R","M","R","T","E","R","$","E","M","R","B"],"character_chosen":"IRONCLAD","items_purchased":["PowerPotion","True Grit"],"campfire_rested":1,"item_purchase_floors":[19,29],"current_hp_per_floor":[80,80,80,80,62,62,48,48,48,41,45,41,42,42,42,48,80,76,76,60,58,43,43,31,31,31,11,36,36,24,26,26,0],"gold":148,"neow_bonus":"UPGRADE_CARD","is_prod":false,"is_daily":false,"chose_seed":false,"campfire_upgraded":6,"win_rate":0,"timestamp":1556389735,"path_taken":["M","M","M","M","?","R","E","R","T","?","M","M","M","?","R","BOSS","M","$","?","M","?","R","M","R","T","E","R","?","E","M","R","BOSS"],"build_version":"2019-01-23","purchased_purges":2,"victory":false,"max_hp_per_floor":[80,80,80,80,80,80,80,80,80,80,80,80,80,80,80,80,80,80,80,80,80,85,85,85,85,85,85,85,85,85,85,85,85],"card_choices":[{"not_picked":["Flex","Feel No Pain","Entrench"],"picked":"SKIP","floor":1.0},{"not_picked":["Evolve","Seeing Red","Anger"],"picked":"SKIP","floor":2.0},{"not_picked":["Sentinel","Sword Boomerang"],"picked":"Shrug It Off","floor":3.0},{"not_picked":["Hemokinesis","Clash"],"picked":"Shockwave","floor":4.0},{"not_picked":["Seeing Red","Shrug It Off"],"picked":"Impervious","floor":7.0},{"not_picked":["Thunderclap","Sword Boomerang"],"picked":"Battle Trance","floor":11.0},{"not_picked":["Fire Breathing","Clash"],"picked":"Shrug It Off","floor":12.0},{"not_picked":["Wild Strike","Burning Pact"],"picked":"Inflame","floor":13.0},{"not_picked":["Feed","Limit Break"],"picked":"Demon Form","floor":16.0},{"not_picked":["Wild Strike","Perfected Strike","Havoc+1"],"picked":"SKIP","floor":18.0},{"not_picked":["Combust+1","Hemokinesis","Havoc"],"picked":"SKIP","floor":21},{"not_picked":["Twin Strike","Bloodletting+1","Pommel Strike"],"picked":"SKIP","floor":24},{"not_picked":["Armaments+1","Flex"],"picked":"Disarm","floor":27},{"not_picked":["Seeing Red+1","Cleave+1"],"picked":"Clothesline","floor":30},{"not_picked":["Havoc+1","Wild Strike"],"picked":"Exhume","floor":31}],"player_experience":1278125,"relics_obtained":[{"floor":7.0,"key":"Ornamental Fan"},{"floor":20.0,"key":"Necronomicon"},{"floor":26,"key":"Pantograph"},{"floor":27,"key":"Pocketwatch"},{"floor":30,"key":"Omamori"}],"event_choices":[{"damage_healed":0.0,"max_hp_gain":0.0,"max_hp_loss":0.0,"gold_gain":0.0,"event_name":"Scrap Ooze","player_choice":"Success","floor":5.0,"gold_loss":0.0,"damage_taken":18.0,"relics_obtained":["Mercury Hourglass"]},{"cards_removed":["Defend_R"],"damage_healed":0.0,"max_hp_gain":0.0,"max_hp_loss":0.0,"gold_gain":0.0,"event_name":"Golden Wing","player_choice":"Card Removal","floor":10.0,"gold_loss":0.0,"damage_taken":7.0},{"damage_healed":0.0,"max_hp_gain":0.0,"max_hp_loss":0.0,"gold_gain":0.0,"event_name":"Liars Game","player_choice":"Ignored","floor":14.0,"gold_loss":0.0,"damage_taken":0.0},{"damage_healed":0.0,"max_hp_gain":0.0,"max_hp_loss":0.0,"gold_gain":0.0,"event_name":"Cursed Tome","player_choice":"Obtained Book","floor":20.0,"gold_loss":0.0,"damage_taken":16.0},{"damage_healed":0,"gold_gain":0,"player_choice":"Shed Blood","damage_taken":20,"max_hp_gain":5,"max_hp_loss":0,"event_name":"Forgotten Altar","floor":22,"gold_loss":0}],"is_beta":false,"boss_relics":[{"not_picked":["Calling Bell","Ectoplasm"],"picked":"Mark of Pain"}],"items_purged_floors":[19,29],"is_endless":false,"potions_floor_spawned":[2,11,12,18,21,30],"killed_by":"Collector","ascension_level":0}