{"gold_per_floor":[360,46,46,63,63,98,98,23,23,23,38,52,77,96,96,168,168,178,178,190,105,105,121,154,13,40,69,69,104,123,223,223,302,302,318,318,90,109,122,156,156,170,240,252,272,292,324,24,24,24,24],"floor_reached":52,"playtime":5681,"items_purged":["Pain"],"score":2039,"play_id":"c7f7d394-f5c4-4b6d-b7e8-8e63f5a4dc33","local_time":"20190414131756","is_ascension_mode":true,"campfire_choices":[{"data":"Bash","floor":7,"key":"SMITH"},{"data":"Uppercut","floor":10,"key":"SMITH"},{"data":"True Grit","floor":15,"key":"SMITH"},{"data":"Metallicize","floor":28,"key":"SMITH"},{"data":"Metallicize","floor":32,"key":"SMITH"},{"floor":49,"key":"REST"}],"neow_cost":"TEN_PERCENT_HP_LOSS","seed_source_timestamp":660883006445,"circlet_count":0,"master_deck":["AscendersBane","Bash+1","Uppercut+1","Blood for Blood","Feed","Metallicize+1","Immolate","True Grit+1","Juggernaut","Flame Barrier","Limit Break","Havoc+1","Combust","Havoc","Battle Trance","Battle Trance","Heavy Blade","Warcry","Ghostly Armor+1","Metallicize","Feel No Pain","Juggernaut","Metallicize+1","Sword Boomerang","Reaper","Shockwave","Inflame","Evolve","Heavy Blade+1","Shrug It Off","Battle Trance+1","Metallicize","Wild Strike+1"],"relics":["Burning Blood","Mummified Hand","Potion Belt","WarpedTongs","StoneCalendar","Boot","PreservedInsect","Pandora\u0027s Box","Enchiridion","Gremlin Horn","Dodecahedron","Ancient Tea Set","Regal Pillow","War Paint","Unceasing Top","Shuriken","Fusion Hammer","Anchor","Dream Catcher","Question Card","Strawberry","TheAbacus"],"potions_floor_usage":[6,16,27,27,29,31,33,39,40,51,51],"damage_taken":[{"damage":7,"enemies":"Small Slimes","floor":1,"turns":3},{"damage":4,"enemies":"Cultist","floor":4,"turns":3},{"damage":9,"enemies":"Gremlin Nob","floor":6,"turns":3},{"damage":6,"enemies":"2 Louse","floor":11,"turns":2},{"damage":6,"enemies":"Red Slaver","floor":12,"turns":4},{"damage":23,"enemies":"3 Sentries","floor":13,"turns":7},{"damage":4,"enemies":"Blue Slaver","floor":14,"turns":5},{"damage":20,"enemies":"Hexaghost","floor":16,"turns":7},{"damage":15,"enemies":"Spheric Guardian","floor":18,"turns":4},{"damage":6,"enemies":"Chosen","floor":20,"turns":4},{"damage":11,"enemies":"Snecko","floor":23,"turns":3},{"damage":10,"enemies":"Gremlin Leader","floor":24,"turns":3},{"damage":1,"enemies":"Slavers","floor":27,"turns":2},{"damage":6,"enemies":"Gremlin Leader","floor":29,"turns":4},{"damage":0,"enemies":"Snake Plant","floor":30,"turns":2},{"damage":6,"enemies":"Colosseum Slavers","floor":31,"turns":2},{"damage":6,"enemies":"Colosseum Nobs","floor":31,"turns":2},{"damage":8,"enemies":"Champ","floor":33,"turns":4},{"damage":2,"enemies":"Orb Walker","floor":35,"turns":3},{"damage":38,"enemies":"3 Shapes","floor":38,"turns":3},{"damage":4,"enemies":"Maw","floor":39,"turns":5},{"damage":21,"enemies":"Nemesis","floor":40,"turns":3},{"damage":1,"enemies":"Writhing Mass","floor":42,"turns":5},{"damage":5,"enemies":"Transient","floor":44,"turns":6},{"damage":2,"enemies":"3 Darklings","floor":45,"turns":3},{"damage":3,"enemies":"Writhing Mass","floor":46,"turns":4},{"damage":1,"enemies":"Reptomancer","floor":47,"turns":3},{"damage":21,"enemies":"Donu and Deca","floor":50,"turns":5},{"damage":19,"enemies":"Time Eater","floor":51,"turns":7}],"seed_played":"5069653943472144818","potions_obtained":[{"floor":4,"key":"SteroidPotion"},{"floor":6,"key":"SmokeBomb"},{"floor":12,"key":"LiquidBronze"},{"floor":23,"key":"Poison Potion"},{"floor":24,"key":"Explosive Potion"},{"floor":27,"key":"SkillPotion"},{"floor":30,"key":"Explosive Potion"},{"floor":31,"key":"PowerPotion"},{"floor":33,"key":"BloodPotion"},{"floor":35,"key":"Regen Potion"},{"floor":38,"key":"Weak Potion"},{"floor":39,"key":"PowerPotion"},{"floor":44,"key":"FairyPotion"},{"floor":47,"key":"Dexterity Potion"}],"is_trial":false,"path_per_floor":["M","$","?","M","?","E","R","$","T","R","M","M","E","M","R","B",null,"M","?","M","?","?","M","E","$","T","E","R","E","M","?","R","B",null,"M","?","$","M","M","E","?","M","T","M","M","M","E","$","R","B","B",null],"character_chosen":"IRONCLAD","items_purchased":["Mummified Hand","Wild Strike","Feel No Pain","Fire Potion","Dexterity Potion","Anchor","Metallicize","TheAbacus"],"campfire_rested":1,"item_purchase_floors":[2,2,25,25,37,37,48,48],"current_hp_per_floor":[67,67,67,68,68,65,65,65,65,65,68,71,57,63,63,49,73,64,43,47,47,47,42,38,38,38,46,46,49,58,61,61,59,88,97,92,92,63,89,86,86,96,96,101,101,101,108,108,108,93,87],"gold":24,"neow_bonus":"TWO_FIFTY_GOLD","is_prod":false,"is_daily":false,"chose_seed":false,"campfire_upgraded":5,"win_rate":0,"timestamp":1555265876,"path_taken":["M","$","?","?","?","E","R","$","T","R","M","?","E","M","R","BOSS","M","?","M","?","?","M","E","$","T","E","R","E","?","?","R","BOSS","M","?","$","M","M","E","?","M","T","?","?","M","E","$","R","BOSS","BOSS"],"build_version":"2019-01-23","purchased_purges":1,"victory":true,"max_hp_per_floor":[68,68,68,68,68,68,68,68,68,68,71,74,77,81,81,81,81,81,81,85,85,85,85,85,85,85,88,88,91,94,97,97,97,97,97,92,92,95,98,101,101,101,101,101,101,101,108,108,108,108,108],"card_choices":[{"not_picked":["Heavy Blade","Body Slam"],"picked":"Uppercut","floor":1},{"not_picked":["Clothesline","Entrench"],"picked":"Blood for Blood","floor":4},{"not_picked":["True Grit","Clothesline"],"picked":"Feed","floor":6},{"not_picked":["True Grit","Carnage"],"picked":"Metallicize","floor":11},{"not_picked":["Clash","Bloodletting","Cleave"],"picked":"SKIP","floor":12},{"not_picked":["Seeing Red","Power Through"],"picked":"Immolate","floor":13},{"not_picked":["Clothesline","Fire Breathing"],"picked":"True Grit","floor":14},{"not_picked":["Dark Embrace","Fiend Fire"],"picked":"Juggernaut","floor":16},{"not_picked":["Shrug It Off","Infernal Blade"],"picked":"Ghostly Armor","floor":18},{"not_picked":["Heavy Blade","Warcry","Twin Strike"],"picked":"SKIP","floor":20},{"not_picked":["Uppercut","Intimidate"],"picked":"Metallicize","floor":23},{"not_picked":["Thunderclap","Armaments","Searing Blow"],"picked":"SKIP","floor":24},{"not_picked":["Pommel Strike","Clothesline","Headbutt"],"picked":"SKIP","floor":27},{"not_picked":["Sword Boomerang+1","Havoc"],"picked":"Juggernaut","floor":29},{"not_picked":["Iron Wave","Power Through"],"picked":"Metallicize","floor":30},{"not_picked":["True Grit+1","Whirlwind"],"picked":"Sword Boomerang","floor":31},{"not_picked":["Feed","Double Tap"],"picked":"Reaper","floor":33},{"not_picked":["Body Slam+1","Blood for Blood"],"picked":"Shockwave","floor":35},{"not_picked":["Clash+1","Iron Wave","Havoc"],"picked":"SKIP","floor":38},{"not_picked":["Evolve","Burning Pact"],"picked":"Inflame","floor":39},{"not_picked":["Reaper","Wild Strike"],"picked":"Evolve","floor":40},{"not_picked":["Blood for Blood","Armaments","True Grit"],"picked":"SKIP","floor":42},{"not_picked":["Evolve","Rampage","True Grit+1"],"picked":"Heavy Blade+1","floor":44},{"not_picked":["Pommel Strike","Anger","Iron Wave+1"],"picked":"Shrug It Off","floor":45},{"not_picked":["Entrench","Seeing Red","Wild Strike","Shrug It Off"],"picked":"SKIP","floor":46},{"not_picked":["Pommel Strike+1","Shockwave","Intimidate"],"picked":"Battle Trance+1","floor":47},{"not_picked":["Bludgeon","Entrench","Clothesline"],"picked":"Wild Strike+1","floor":49}],"player_experience":741772,"relics_obtained":[{"floor":6,"key":"StoneCalendar"},{"floor":9,"key":"Boot"},{"floor":13,"key":"PreservedInsect"},{"floor":19,"key":"Enchiridion"},{"floor":24,"key":"Dodecahedron"},{"floor":26,"key":"Ancient Tea Set"},{"floor":27,"key":"Regal Pillow"},{"floor":29,"key":"War Paint"},{"floor":31,"key":"Unceasing Top"},{"floor":31,"key":"Shuriken"},{"floor":40,"key":"Dream Catcher"},{"floor":43,"key":"Question Card"},{"floor":47,"key":"Strawberry"}],"event_choices":[{"cards_removed":["Wild Strike"],"damage_healed":0,"gold_gain":0,"player_choice":"Gave Card","damage_taken":0,"relics_obtained":["Potion Belt"],"max_hp_gain":0,"max_hp_loss":0,"event_name":"WeMeetAgain","floor":3,"gold_loss":0},{"damage_healed":0,"gold_gain":0,"player_choice":"Rummage","damage_taken":0,"relics_obtained":["WarpedTongs"],"max_hp_gain":0,"max_hp_loss":0,"event_name":"Accursed Blacksmith","floor":5,"gold_loss":0,"cards_obtained":["Pain"]},{"damage_healed":0,"gold_gain":0,"player_choice":"Obtained Book","damage_taken":21,"max_hp_gain":0,"max_hp_loss":0,"event_name":"Cursed Tome","floor":19,"gold_loss":0},{"damage_healed":0,"gold_gain":0,"player_choice":"Obtained Relic","damage_taken":0,"relics_obtained":["Gremlin Horn"],"max_hp_gain":0,"max_hp_loss":0,"event_name":"Addict","floor":21,"gold_loss":85},{"damage_healed":0,"gold_gain":0,"player_choice":"Ignored","damage_taken":0,"max_hp_gain":0,"max_hp_loss":0,"event_name":"N\u0027loth","floor":22,"gold_loss":0},{"damage_healed":0,"gold_gain":0,"player_choice":"Fight","damage_taken":0,"max_hp_gain":0,"max_hp_loss":0,"event_name":"Colosseum","floor":31,"gold_loss":0},{"damage_healed":0,"gold_gain":0,"player_choice":"Fought Nobs","damage_taken":0,"max_hp_gain":0,"max_hp_loss":0,"event_name":"Colosseum","floor":31,"gold_loss":0},{"damage_healed":0,"gold_gain":0,"player_choice":"Max HP","damage_taken":0,"max_hp_gain":0,"max_hp_loss":5,"event_name":"Winding Halls","floor":36,"gold_loss":0},{"damage_healed":0,"gold_gain":0,"player_choice":"Ignored","damage_taken":0,"max_hp_gain":0,"max_hp_loss":0,"event_name":"Purifier","floor":41,"gold_loss":0}],"is_beta":false,"boss_relics":[{"not_picked":["Black Star","Runic Cube"],"picked":"Pandora\u0027s Box"},{"not_picked":["Sozu","Black Blood"],"picked":"Fusion Hammer"}],"items_purged_floors":[8],"is_endless":false,"potions_floor_spawned":[4,6,12,23,24,27,30,31,33,35,38,39,44,47],"ascension_level":20}