{"gold_per_floor":[111,111,7,21,32,32,32,63,63,23,51,51,76,93,93,171,171,171,171,171,71,71,71,71,71,71,21,21,21,21,21,21,21],"floor_reached":33,"playtime":1813,"items_purged":["Strike_B","Strike_B","Strike_B"],"score":557,"play_id":"47563133-6d19-46e4-ae8a-913715b872a1","local_time":"20190111215712","is_ascension_mode":true,"campfire_choices":[{"data":"Zap","floor":6,"key":"SMITH"},{"data":"White Noise","floor":12,"key":"SMITH"},{"data":"Dualcast","floor":15,"key":"SMITH"},{"data":"Capacitor","floor":24,"key":"SMITH"},{"data":"Sunder","floor":30,"key":"SMITH"},{"data":"Barrage","floor":32,"key":"SMITH"}],"neow_cost":"NONE","seed_source_timestamp":46564358474962,"circlet_count":0,"master_deck":["AscendersBane","Strike_B","Defend_B","Defend_B","Defend_B","Defend_B","Zap+1","Dualcast+1","Glacier","Cold Snap","Hologram","Capacitor+1","White Noise+1","Chill","Barrage+1","Ball Lightning","Self Repair","Seek","Cold Snap","Ball Lightning","Glacier+1","Tempest+1","Sunder+1"],"relics":["Cracked Core","Matryoshka","Blood Vial","Potion Belt","Strawberry","Bag of Preparation","Peace Pipe","Ectoplasm","Smiling Mask","Emotion Chip","Orichalcum","Lantern","Bird Faced Urn","Meat on the Bone","Sundial"],"potions_floor_usage":[11,13,16,23,25,28],"damage_taken":[{"damage":7,"enemies":"Small Slimes","floor":1,"turns":3},{"damage":0,"enemies":"Cultist","floor":4,"turns":5},{"damage":7,"enemies":"Jaw Worm","floor":5,"turns":4},{"damage":2,"enemies":"Lagavulin","floor":8,"turns":11},{"damage":17,"enemies":"Exordium Thugs","floor":10,"turns":5},{"damage":13,"enemies":"3 Sentries","floor":11,"turns":8},{"damage":19,"enemies":"Gremlin Nob","floor":13,"turns":4},{"damage":3,"enemies":"Red Slaver","floor":14,"turns":4},{"damage":7,"enemies":"The Guardian","floor":16,"turns":11},{"damage":0,"enemies":"Shell Parasite","floor":18,"turns":8},{"damage":5,"enemies":"3 Byrds","floor":19,"turns":6},{"damage":12,"enemies":"3 Cultists","floor":22,"turns":6},{"damage":16,"enemies":"Book of Stabbing","floor":23,"turns":9},{"damage":38,"enemies":"Slavers","floor":25,"turns":9},{"damage":0,"enemies":"Colosseum Slavers","floor":28,"turns":4},{"damage":25,"enemies":"Colosseum Nobs","floor":28,"turns":7},{"damage":52,"enemies":"Collector","floor":33,"turns":6}],"seed_played":"2788301659221919204","potions_obtained":[{"floor":1,"key":"AttackPotion"},{"floor":8,"key":"GamblersBrew"},{"floor":10,"key":"AttackPotion"},{"floor":13,"key":"Strength Potion"},{"floor":18,"key":"SkillPotion"},{"floor":23,"key":"AttackPotion"},{"floor":25,"key":"FocusPotion"}],"is_trial":false,"path_per_floor":["M","?","$","M","M","R","?","E","T","M","E","R","E","M","R","B",null,"M","M","?","$","M","E","R","E","T","$","?","?","R","T","R","B"],"character_chosen":"DEFECT","items_purchased":["Cold Snap"],"campfire_rested":0,"item_purchase_floors":[3],"current_hp_per_floor":[64,64,64,64,57,57,57,55,62,47,36,36,19,18,18,20,69,78,82,82,82,79,72,72,43,43,43,36,36,36,36,36,0],"gold":21,"neow_bonus":"TEN_PERCENT_HP_BONUS","is_prod":false,"is_daily":false,"chose_seed":false,"campfire_upgraded":6,"win_rate":0,"timestamp":1547272632,"path_taken":["M","?","?","M","M","R","?","E","T","M","E","R","E","M","R","BOSS","M","M","?","?","?","E","R","E","T","?","?","?","R","?","R","BOSS"],"build_version":"2019-01-10","purchased_purges":3,"victory":false,"max_hp_per_floor":[78,78,78,78,78,78,78,78,85,85,85,85,85,85,85,85,85,85,85,85,85,85,85,85,85,85,85,85,85,85,85,85,85],"card_choices":[{"not_picked":["Blizzard","Fusion"],"picked":"Glacier","floor":1},{"not_picked":["Lockon","Stack"],"picked":"Hologram","floor":4},{"not_picked":["Darkness","Coolheaded"],"picked":"Capacitor","floor":5},{"not_picked":["Barrage","Hyperbeam"],"picked":"White Noise","floor":8},{"not_picked":["Conserve Battery","Steam"],"picked":"Chill","floor":10},{"not_picked":["Hologram","Compile Driver"],"picked":"Barrage","floor":11},{"not_picked":["Go for the Eyes","Storm"],"picked":"Ball Lightning","floor":13},{"not_picked":["Stack","Ball Lightning"],"picked":"Self Repair","floor":14},{"not_picked":["Biased Cognition","Thunder Strike"],"picked":"Seek","floor":16},{"not_picked":["Tempest+1","Steam"],"picked":"Cold Snap","floor":18},{"not_picked":["Lockon+1","Go for the Eyes"],"picked":"Ball Lightning","floor":19},{"not_picked":["Genetic Algorithm","Amplify"],"picked":"Glacier+1","floor":22},{"not_picked":["Lockon","Chaos","Redo"],"picked":"SKIP","floor":23},{"not_picked":["Stack","White Noise"],"picked":"Tempest+1","floor":25},{"not_picked":["Turbo","Gash"],"picked":"Sunder","floor":28}],"player_experience":1113019,"relics_obtained":[{"floor":8,"key":"Blood Vial"},{"floor":9,"key":"Potion Belt"},{"floor":9,"key":"Strawberry"},{"floor":11,"key":"Bag of Preparation"},{"floor":13,"key":"Peace Pipe"},{"floor":23,"key":"Smiling Mask"},{"floor":25,"key":"Emotion Chip"},{"floor":26,"key":"Orichalcum"},{"floor":26,"key":"Lantern"},{"floor":28,"key":"Bird Faced Urn"},{"floor":28,"key":"Meat on the Bone"},{"floor":31,"key":"Sundial"}],"event_choices":[{"damage_healed":0,"gold_gain":0,"player_choice":"Gave Potion","damage_taken":0,"relics_obtained":["Matryoshka"],"max_hp_gain":0,"max_hp_loss":0,"event_name":"WeMeetAgain","floor":2,"gold_loss":0},{"damage_healed":0,"gold_gain":0,"player_choice":"Ignored","damage_taken":0,"max_hp_gain":0,"max_hp_loss":0,"event_name":"Liars Game","floor":7,"gold_loss":0},{"damage_healed":0,"gold_gain":0,"player_choice":"Ignored","damage_taken":0,"max_hp_gain":0,"max_hp_loss":0,"event_name":"Vampires","floor":20,"gold_loss":0},{"damage_healed":0,"gold_gain":0,"player_choice":"Fight","damage_taken":0,"max_hp_gain":0,"max_hp_loss":0,"event_name":"Colosseum","floor":28,"gold_loss":0},{"damage_healed":0,"gold_gain":0,"player_choice":"Fought Nobs","damage_taken":0,"max_hp_gain":0,"max_hp_loss":0,"event_name":"Colosseum","floor":28,"gold_loss":0},{"damage_healed":0,"gold_gain":0,"player_choice":"Ignored","damage_taken":0,"max_hp_gain":0,"max_hp_loss":0,"event_name":"Ghosts","floor":29,"gold_loss":0}],"is_beta":false,"boss_relics":[{"not_picked":["Lizard Tail","Inserter"],"picked":"Ectoplasm"}],"items_purged_floors":[3,21,27],"is_endless":false,"potions_floor_spawned":[1,8,10,13,18,23,25],"killed_by":"Collector","ascension_level":17}