{"gold_per_floor":[110,128,72,72,83,83,112,112,112,112,123,123,155,167,167,241,241,255,170,187,187,202,202,202,202,202,252,30,30,49,67,67,140,140,156,172,272,25,25,25,57,109,109,0,0,34,47,4,4,4],"floor_reached":51,"playtime":5140,"items_purged":["Strike_R"],"score":1338,"play_id":"818fbdc7-3c47-451c-8b14-7a9d87a995de","local_time":"20190411231213","is_ascension_mode":true,"campfire_choices":[{"data":"Uppercut","floor":6.0,"key":"SMITH"},{"data":"Wild Strike","floor":8.0,"key":"SMITH"},{"data":"Flame Barrier","floor":12.0,"key":"SMITH"},{"floor":15.0,"key":"REST"},{"data":"Metallicize","floor":23.0,"key":"SMITH"},{"floor":25.0,"key":"REST"},{"data":"Demon Form","floor":29.0,"key":"SMITH"},{"data":"Evolve","floor":32.0,"key":"SMITH"},{"data":"Brutality","floor":40.0,"key":"SMITH"},{"floor":45.0,"key":"REST"},{"data":"Heavy Blade","floor":49,"key":"SMITH"}],"neow_cost":"NONE","seed_source_timestamp":19037556503453,"circlet_count":0,"master_deck":["AscendersBane","Strike_R","Strike_R","Strike_R","Strike_R","Defend_R","Defend_R","Defend_R","Defend_R","Uppercut+1","Wild Strike+1","Flame Barrier+1","Headbutt","Impervious+1","Evolve+1","Reaper","Shrug It Off+1","Anger+1","Metallicize+1","Flash of Steel","Demon Form+1","Limit Break+1","Brutality+1","Rupture","Metallicize","Inflame","True Grit+1","Warcry+1","Reaper","Heavy Blade+1","Ghostly Armor+1","Havoc+1"],"special_seed":0,"relics":["Black Blood","Strawberry","Magic Flower","Mummified Hand","Toxic Egg 2","The Courier","Kunai","Dodecahedron","Nilry\u0027s Codex","Dream Catcher","Cursed Key","WingedGreaves","Unceasing Top","Bird Faced Urn","Red Mask","Pocketwatch"],"potions_floor_usage":[47],"damage_taken":[{"damage":12.0,"enemies":"Small Slimes","floor":1.0,"turns":5.0},{"damage":7.0,"enemies":"Jaw Worm","floor":2.0,"turns":4.0},{"damage":0.0,"enemies":"2 Louse","floor":5.0,"turns":2.0},{"damage":24.0,"enemies":"Gremlin Nob","floor":7.0,"turns":4.0},{"damage":6.0,"enemies":"Blue Slaver","floor":11.0,"turns":2.0},{"damage":25.0,"enemies":"3 Sentries","floor":13.0,"turns":7.0},{"damage":22.0,"enemies":"3 Louse","floor":14.0,"turns":3.0},{"damage":25.0,"enemies":"The Guardian","floor":16.0,"turns":12.0},{"damage":36.0,"enemies":"Shell Parasite","floor":18.0,"turns":6.0},{"damage":19.0,"enemies":"Chosen","floor":20.0,"turns":5.0},{"damage":42.0,"enemies":"Snake Plant","floor":22.0,"turns":6.0},{"damage":17.0,"enemies":"Chosen and Byrds","floor":30.0,"turns":7.0},{"damage":31.0,"enemies":"Snecko","floor":31.0,"turns":7.0},{"damage":42.0,"enemies":"Collector","floor":33.0,"turns":7.0},{"damage":30.0,"enemies":"3 Darklings","floor":35.0,"turns":7.0},{"damage":11.0,"enemies":"3 Shapes","floor":36.0,"turns":4.0},{"damage":2.0,"enemies":"Mind Bloom Boss Battle","floor":37.0,"turns":7.0},{"damage":53.0,"enemies":"Reptomancer","floor":41.0,"turns":7.0},{"damage":41.0,"enemies":"2 Orb Walkers","floor":42.0,"turns":6.0},{"damage":43.0,"enemies":"Nemesis","floor":46.0,"turns":9.0},{"damage":28,"enemies":"Transient","floor":47,"turns":6},{"damage":74,"enemies":"Donu and Deca","floor":50,"turns":8}],"seed_played":"8359111770396732768","potions_obtained":[{"floor":1.0,"key":"Fire Potion"},{"floor":5.0,"key":"Energy Potion"},{"floor":14.0,"key":"SpeedPotion"},{"floor":16.0,"key":"Strength Potion"},{"floor":31.0,"key":"PowerPotion"},{"floor":33.0,"key":"Regen Potion"},{"floor":36.0,"key":"Weak Potion"},{"floor":42.0,"key":"Explosive Potion"}],"is_trial":false,"path_per_floor":["M","M","$","?","M","R","E","R","T","T","M","R","E","M","R","B",null,"M","?","M","?","M","R","?","R","T","?","$","R","M","M","R","B",null,"M","M","?","$","?","R","E","?","T","?","R","E","M","$","R","B",null],"character_chosen":"IRONCLAD","items_purchased":["PowerPotion","Flash of Steel","Demon Form","Metallicize","Inflame","True Grit+1","Warcry+1","Havoc+1"],"campfire_rested":3,"item_purchase_floors":[3,28,28,38,38,38,38,48],"current_hp_per_floor":[69,68,68,50,59,59,44,44,44,44,47,47,31,18,42,26,68,47,47,52,52,27,27,6,30,30,30,30,30,49,69,69,48,74,82,82,82,82,82,82,76,50,50,50,74,65,82,82,82,82],"gold":4,"neow_bonus":"RANDOM_COMMON_RELIC","is_prod":false,"is_daily":false,"chose_seed":false,"campfire_upgraded":8,"win_rate":0,"timestamp":1555042333,"path_taken":["M","M","$","?","M","R","E","R","T","?","M","R","E","M","R","BOSS","M","?","M","?","M","R","?","R","T","?","$","R","?","M","R","BOSS","M","M","?","$","?","R","E","?","T","?","R","E","?","?","R","BOSS"],"build_version":"2019-01-23","purchased_purges":1,"victory":true,"max_hp_per_floor":[82,82,82,82,82,82,82,82,82,82,82,82,82,82,82,82,82,82,82,82,82,82,82,82,82,82,82,82,82,82,82,82,82,82,82,82,82,82,82,82,82,82,82,82,82,82,82,82,82,82],"card_choices":[{"not_picked":["Sever Soul","Flame Barrier"],"picked":"Uppercut","floor":1.0},{"not_picked":["Body Slam","Sword Boomerang"],"picked":"Wild Strike","floor":2.0},{"not_picked":["True Grit","Sword Boomerang"],"picked":"Flame Barrier","floor":5.0},{"not_picked":["Armaments","Uppercut"],"picked":"Headbutt","floor":7.0},{"not_picked":["Whirlwind","Iron Wave","Cleave"],"picked":"SKIP","floor":11.0},{"not_picked":["True Grit+1","Twin Strike"],"picked":"Impervious+1","floor":13.0},{"not_picked":["Clash","Blood for Blood"],"picked":"Evolve","floor":14.0},{"not_picked":["Exhume+1","Bludgeon"],"picked":"Reaper","floor":16.0},{"not_picked":["Flex+1","Pommel Strike"],"picked":"Shrug It Off+1","floor":18.0},{"not_picked":["Perfected Strike","Thunderclap"],"picked":"Anger+1","floor":20.0},{"not_picked":["Armaments+1","Thunderclap","Pommel Strike"],"picked":"SKIP","floor":22.0},{"not_picked":["Burning Pact+1","Clothesline"],"picked":"Limit Break+1","floor":30.0},{"not_picked":["Corruption","Anger","Second Wind+1"],"picked":"SKIP","floor":31.0},{"not_picked":["Juggernaut","Bludgeon"],"picked":"Brutality","floor":33.0},{"not_picked":["True Grit+1","Sword Boomerang"],"picked":"Rupture","floor":35.0},{"not_picked":["Flex+1","Searing Blow","Blood for Blood"],"picked":"SKIP","floor":36.0},{"not_picked":["Flex+1","Sword Boomerang"],"picked":"Reaper","floor":41.0},{"not_picked":["Cleave","Headbutt"],"picked":"Heavy Blade","floor":45.0},{"not_picked":["Pommel Strike+1","Iron Wave+1","Armaments+1"],"picked":"SKIP","floor":46.0},{"not_picked":["Armaments+1","Wild Strike"],"picked":"Ghostly Armor+1","floor":47}],"player_experience":731797,"relics_obtained":[{"floor":7.0,"key":"Mummified Hand"},{"floor":9.0,"key":"Toxic Egg 2"},{"floor":10.0,"key":"The Courier"},{"floor":13.0,"key":"Kunai"},{"floor":24.0,"key":"Nilry\u0027s Codex"},{"floor":26.0,"key":"Dream Catcher"},{"floor":37.0,"key":"WingedGreaves"},{"floor":41.0,"key":"Unceasing Top"},{"floor":42.0,"key":"Bird Faced Urn"},{"floor":46.0,"key":"Pocketwatch"}],"event_choices":[{"damage_healed":0.0,"max_hp_gain":0.0,"max_hp_loss":0.0,"gold_gain":0.0,"event_name":"Scrap Ooze","player_choice":"Success","floor":4.0,"gold_loss":0.0,"damage_taken":18.0,"relics_obtained":["Magic Flower"]},{"damage_healed":0.0,"max_hp_gain":0.0,"max_hp_loss":0.0,"gold_gain":0.0,"event_name":"Addict","player_choice":"Obtained Relic","floor":19.0,"gold_loss":85.0,"damage_taken":0.0,"relics_obtained":["Dodecahedron"]},{"damage_healed":0.0,"max_hp_gain":0.0,"max_hp_loss":0.0,"gold_gain":0.0,"event_name":"The Library","player_choice":"Read","floor":21.0,"gold_loss":0.0,"damage_taken":0.0,"cards_obtained":["Metallicize"]},{"damage_healed":0.0,"max_hp_gain":0.0,"max_hp_loss":0.0,"gold_gain":0.0,"event_name":"Cursed Tome","player_choice":"Obtained Book","floor":24.0,"gold_loss":0.0,"damage_taken":21.0},{"damage_healed":0.0,"max_hp_gain":0.0,"max_hp_loss":0.0,"gold_gain":50.0,"event_name":"Nest","player_choice":"Stole From Cult","floor":27.0,"gold_loss":0.0,"damage_taken":0.0},{"damage_healed":0.0,"max_hp_gain":0.0,"max_hp_loss":0.0,"gold_gain":0.0,"event_name":"MindBloom","player_choice":"Fight","floor":37.0,"gold_loss":0.0,"damage_taken":0.0},{"cards_removed":["Bash"],"damage_healed":0.0,"max_hp_gain":0.0,"max_hp_loss":0.0,"gold_gain":0.0,"event_name":"Falling","player_choice":"Removed Attack","floor":39.0,"gold_loss":0.0,"damage_taken":0.0},{"damage_healed":0.0,"max_hp_gain":0.0,"max_hp_loss":0.0,"gold_gain":0.0,"event_name":"Mysterious Sphere","player_choice":"Fight","floor":42.0,"gold_loss":0.0,"damage_taken":0.0},{"damage_healed":0.0,"max_hp_gain":0.0,"max_hp_loss":0.0,"gold_gain":0.0,"event_name":"Tomb of Lord Red Mask","player_choice":"Paid","floor":44.0,"gold_loss":109.0,"damage_taken":0.0,"relics_obtained":["Red Mask"]}],"is_beta":false,"boss_relics":[{"not_picked":["Eternal Feather","Busted Crown"],"picked":"Black Blood"},{"not_picked":["Velvet Choker","Snecko Eye"],"picked":"Cursed Key"}],"items_purged_floors":[38],"is_endless":false,"potions_floor_spawned":[1,5,14,16,31,33,36,37,42],"ascension_level":19}