{"gold_per_floor":[110,110,185,185,203,234,248,248],"floor_reached":8,"playtime":197,"items_purged":[],"score":154,"play_id":"4dfb38b0-1ece-4ffd-b3ac-8f502a338848","local_time":"20190209183152","is_ascension_mode":true,"campfire_choices":[],"neow_cost":"NONE","seed_source_timestamp":10408149612025,"circlet_count":0,"master_deck":["AscendersBane","Defend_G","Defend_G","Defend_G","Defend_G+1","Defend_G","Strike_G","Strike_G","Strike_G","Strike_G","Strike_G","Survivor+1","Neutralize","Poisoned Stab","Deflect","Cloak And Dagger"],"special_seed":0,"relics":["Ring of the Snake","NeowsBlessing","CultistMask","Ice Cream"],"potions_floor_usage":[8,8,8],"damage_taken":[{"damage":0.0,"enemies":"Jaw Worm","floor":1.0,"turns":1.0},{"damage":0.0,"enemies":"Small Slimes","floor":5.0,"turns":1.0},{"damage":0.0,"enemies":"3 Sentries","floor":6.0,"turns":1.0},{"damage":0,"enemies":"Cultist","floor":7,"turns":4},{"damage":31,"enemies":"Lagavulin","floor":8,"turns":10}],"seed_played":"-4773651443245722069","potions_obtained":[{"floor":5.0,"key":"GhostInAJar"},{"floor":6.0,"key":"EntropicBrew"}],"is_trial":false,"path_per_floor":["M","?","?","?","M","E","M","E"],"character_chosen":"THE_SILENT","items_purchased":[],"campfire_rested":0,"item_purchase_floors":[],"current_hp_per_floor":[59,39,28,28,28,28,28,0],"gold":248,"neow_bonus":"THREE_ENEMY_KILL","is_prod":false,"is_daily":false,"chose_seed":false,"campfire_upgraded":0,"win_rate":0,"timestamp":1549765912,"path_taken":["M","?","?","?","M","E","M","E"],"build_version":"2019-01-23","purchased_purges":0,"victory":false,"max_hp_per_floor":[66,66,66,66,66,66,66,66],"card_choices":[{"not_picked":["Slice","Sucker Punch","Setup"],"picked":"SKIP","floor":1.0},{"not_picked":["Dagger Spray","Prepared"],"picked":"Poisoned Stab","floor":5.0},{"not_picked":["Eviscerate","Concentrate"],"picked":"Deflect","floor":6.0},{"not_picked":["Outmaneuver","Bane"],"picked":"Cloak And Dagger","floor":7}],"player_experience":1209302,"relics_obtained":[{"floor":6.0,"key":"Ice Cream"}],"event_choices":[{"damage_healed":0.0,"max_hp_gain":0.0,"max_hp_loss":0.0,"gold_gain":0.0,"event_name":"Shining Light","player_choice":"Entered Light","floor":2.0,"gold_loss":0.0,"damage_taken":20.0,"cards_upgraded":["Defend_G","Survivor"]},{"damage_healed":0.0,"max_hp_gain":0.0,"max_hp_loss":0.0,"gold_gain":75.0,"event_name":"World of Goop","player_choice":"Gather Gold","floor":3.0,"gold_loss":0.0,"damage_taken":11.0},{"damage_healed":0.0,"max_hp_gain":0.0,"max_hp_loss":0.0,"gold_gain":0.0,"event_name":"FaceTrader","player_choice":"Trade","floor":4.0,"gold_loss":0.0,"damage_taken":0.0,"relics_obtained":["CultistMask"]}],"is_beta":false,"boss_relics":[],"items_purged_floors":[],"is_endless":false,"potions_floor_spawned":[5,6],"killed_by":"Lagavulin","ascension_level":18}