{"gold_per_floor":[118,118,134,146,146,146,185,208,231,243,255,280,322,350,362,502,514,539,571,602,632,644,581,593,646,682,708,739,751],"floor_reached":29,"playtime":1273,"items_purged":[],"score":274,"play_id":"226c8f92-1af2-483e-ba1d-464ff4242d30","local_time":"20181015171017","is_ascension_mode":false,"campfire_choices":[{"data":"Distraction","floor":6.0,"key":"SMITH"},{"data":"Neutralize","floor":10.0,"key":"SMITH"},{"data":"Noxious Fumes","floor":15,"key":"SMITH"},{"floor":24,"key":"REST"}],"neow_cost":"NONE","seed_source_timestamp":0,"circlet_count":0,"master_deck":["Defend_G","Defend_G","Defend_G","Defend_G","Defend_G","Strike_G","Strike_G","Strike_G","Strike_G","Strike_G","Survivor","Neutralize+1","Doppelganger","Quick Slash","Distraction+1","Noxious Fumes+1","Corpse Explosion","Bane","Noxious Fumes","Deadly Poison","Bouncing Flask","Venomology","Poisoned Stab","Crippling Poison","Necronomicurse","Predator","Regret","Poisoned Stab","Cloak And Dagger+1"],"special_seed":0,"relics":["Ring of the Snake","Bag of Preparation","Golden Idol","Strawberry","MawBank","WarpedTongs","Odd Mushroom","Cursed Key","Necronomicon","Letter Opener","Potion Belt"],"potions_floor_usage":[16,21,25,28],"damage_taken":[{"damage":0.0,"enemies":"Small Slimes","floor":1.0,"turns":4.0},{"damage":1.0,"enemies":"Jaw Worm","floor":3.0,"turns":5.0},{"damage":0.0,"enemies":"2 Louse","floor":4.0,"turns":3.0},{"damage":16.0,"enemies":"3 Sentries","floor":7.0,"turns":8.0},{"damage":7.0,"enemies":"Exordium Wildlife","floor":8.0,"turns":4.0},{"damage":1.0,"enemies":"3 Louse","floor":12.0,"turns":4.0},{"damage":7,"enemies":"The Mushroom Lair","floor":13,"turns":2},{"damage":5,"enemies":"Large Slime","floor":14,"turns":4},{"damage":18,"enemies":"Hexaghost","floor":16,"turns":7},{"damage":13,"enemies":"3 Byrds","floor":18,"turns":4},{"damage":2,"enemies":"Spheric Guardian","floor":19,"turns":2},{"damage":18,"enemies":"Snake Plant","floor":20,"turns":4},{"damage":13,"enemies":"Centurion and Healer","floor":21,"turns":5},{"damage":0,"enemies":"Gremlin Leader","floor":25,"turns":5},{"damage":14,"enemies":"3 Cultists","floor":27,"turns":4},{"damage":23,"enemies":"Shelled Parasite and Fungi","floor":28,"turns":4},{"damage":7,"enemies":"Centurion and Healer","floor":29,"turns":3}],"seed_played":"3213969165032590980","potions_obtained":[{"floor":3.0,"key":"Fruit Juice"},{"floor":7.0,"key":"Strength Potion"},{"floor":13,"key":"GhostInAJar"},{"floor":16,"key":"Explosive Potion"},{"floor":21,"key":"PowerPotion"},{"floor":25,"key":"EssenceOfSteel"}],"is_trial":false,"path_per_floor":["M","?","M","M","?","R","E","M","T","R","?","M","?","M","R","B",null,"M","M","M","M","?","?","R","E","T","M","M"],"character_chosen":"THE_SILENT","items_purchased":[],"campfire_rested":1,"item_purchase_floors":[],"current_hp_per_floor":[70,63,62,62,45,45,41,34,34,34,34,33,26,21,21,3,82,69,67,49,36,20,20,44,44,44,30,7,0],"gold":751,"neow_bonus":"ONE_RANDOM_RARE_CARD","is_prod":false,"is_daily":false,"chose_seed":false,"campfire_upgraded":3,"win_rate":0,"timestamp":1539648617,"path_taken":["M","?","M","M","?","R","E","M","T","R","?","?","?","M","R","BOSS","M","M","M","?","?","?","R","E","T","M","M","M"],"build_version":"2018-10-11","purchased_purges":0,"victory":false,"max_hp_per_floor":[70,70,70,70,70,70,82,82,82,82,82,82,82,82,82,82,82,82,82,82,82,82,82,82,82,82,82,82,82],"card_choices":[{"not_picked":["Prepared","Slice"],"picked":"Quick Slash","floor":1.0},{"not_picked":["Deflect","Prepared"],"picked":"Distraction","floor":3.0},{"not_picked":["Deadly Poison","Flying Knee"],"picked":"Noxious Fumes","floor":4.0},{"not_picked":["Leg Sweep","Grand Finale"],"picked":"Corpse Explosion","floor":7.0},{"not_picked":["All Out Attack","Acrobatics"],"picked":"Bane","floor":8.0},{"not_picked":["Accuracy","Setup"],"picked":"Noxious Fumes","floor":12.0},{"not_picked":["Underhanded Strike","Flying Knee"],"picked":"Deadly Poison","floor":13},{"not_picked":["Dodge and Roll","Flechettes"],"picked":"Bouncing Flask","floor":14},{"not_picked":["Storm of Steel","Corpse Explosion"],"picked":"Venomology","floor":16},{"not_picked":["Dagger Spray","Blade Dance+1","PiercingWail"],"picked":"SKIP","floor":18},{"not_picked":["Masterful Stab+1","Blade Dance"],"picked":"Poisoned Stab","floor":19},{"not_picked":["Sucker Punch","Endless Agony"],"picked":"Crippling Poison","floor":20},{"not_picked":["Flying Knee+1","Heel Hook","Masterful Stab"],"picked":"SKIP","floor":21},{"not_picked":["Setup","Infinite Blades"],"picked":"Predator","floor":25},{"not_picked":["Dagger Throw+1","Quick Slash+1"],"picked":"Poisoned Stab","floor":27},{"not_picked":["Slice","All Out Attack","Cloak And Dagger+1"],"picked":"SKIP","floor":28},{"not_picked":["Slice","All Out Attack"],"picked":"Cloak And Dagger+1","floor":28}],"player_experience":936262,"relics_obtained":[{"floor":7.0,"key":"Strawberry"},{"floor":9.0,"key":"MawBank"},{"floor":13,"key":"Odd Mushroom"},{"floor":22,"key":"Necronomicon"},{"floor":25,"key":"Letter Opener"},{"floor":26,"key":"Potion Belt"}],"event_choices":[{"event_name":"Scrap Ooze","player_choice":"success","floor":2.0,"damage_taken":7.0},{"event_name":"Golden Idol","player_choice":"Take Damage","floor":5.0,"damage_taken":0.0},{"event_name":"Accursed Blacksmith","player_choice":"Rummage","floor":11.0,"damage_taken":0.0},{"event_name":"Mushrooms","player_choice":"Fought Mushrooms","floor":13,"damage_taken":0},{"event_name":"Cursed Tome","player_choice":"Obtained Book","floor":22,"damage_taken":0},{"event_name":"Beggar","player_choice":"Gave Gold","floor":23,"damage_taken":0}],"is_beta":false,"boss_relics":[{"not_picked":["Tiny House","HoveringKite"],"picked":"Cursed Key"}],"items_purged_floors":[],"is_endless":false,"potions_floor_spawned":[3,7,13,16,19,21,25],"killed_by":"Centurion and Healer","ascension_level":0}