{"gold_per_floor":[112,130,130,130,95,95,121,140,170,184,184,212,212,236,236,336,336,346,346,364,463,563,563,573,573,573,606,167,183,202,10,10,112,112,127,127,227,227,240,240,250,276,276,286,286,299,299,319,319,319,319,319,123,148,148],"floor_reached":55,"playtime":4191,"items_purged":["Strike_R","Strike_R"],"score":979,"play_id":"e666c266-19fa-4c5c-bbaf-975e683f4b6d","local_time":"20190129213441","is_ascension_mode":true,"campfire_choices":[{"data":"Bash","floor":6.0,"key":"SMITH"},{"data":"Flame Barrier","floor":11.0,"key":"SMITH"},{"data":"Shrug It Off","floor":13.0,"key":"SMITH"},{"data":"Power Through","floor":15.0,"key":"SMITH"},{"data":"Demon Form","floor":23.0,"key":"SMITH"},{"data":"Shockwave","floor":25.0,"key":"SMITH"},{"data":"True Grit","floor":32.0,"key":"SMITH"},{"data":"True Grit","floor":40.0,"key":"SMITH"},{"data":"Battle Trance","floor":45.0,"key":"SMITH"},{"floor":49.0,"key":"RECALL"},{"data":"Disarm","floor":52.0,"key":"SMITH"}],"neow_cost":"NONE","seed_source_timestamp":380072753221514,"circlet_count":0,"master_deck":["Strike_R","Strike_R+1","Defend_R","Defend_R","Defend_R","Defend_R","Bash+1","Madness+1","Evolve","Shrug It Off+1","Flame Barrier+1","Pommel Strike","Power Through+1","Battle Trance+1","Demon Form+1","Headbutt","Shockwave+1","Body Slam","Twin Strike","Whirlwind","Swift Strike","True Grit+1","Body Slam+1","True Grit+1","Bandage Up","Inflame","Disarm+1","Good Instincts","Wild Strike+1","Inflame+1","Pummel+1","Heavy Blade+1","Metallicize","Pommel Strike+1"],"special_seed":0,"relics":["Burning Blood","Blue Candle","Tiny Chest","FossilizedHelix","Orichalcum","Coffee Dripper","Torii","Self Forming Clay","Singing Bowl","Gremlin Horn","Membership Card","Ornamental Fan","Molten Egg 2","Lizard Tail","Champion Belt","Bag of Marbles","Blood Vial","Red Skull"],"potions_floor_usage":[55],"damage_taken":[{"damage":7.0,"enemies":"Jaw Worm","floor":1.0,"turns":3.0},{"damage":0.0,"enemies":"Small Slimes","floor":2.0,"turns":4.0},{"damage":24.0,"enemies":"Lagavulin","floor":7.0,"turns":6.0},{"damage":7.0,"enemies":"2 Louse","floor":8.0,"turns":4.0},{"damage":0.0,"enemies":"Large Slime","floor":10.0,"turns":6.0},{"damage":30.0,"enemies":"Gremlin Nob","floor":12.0,"turns":5.0},{"damage":6.0,"enemies":"The Guardian","floor":16.0,"turns":14.0},{"damage":0.0,"enemies":"Chosen","floor":18.0,"turns":5.0},{"damage":7.0,"enemies":"Spheric Guardian","floor":20.0,"turns":6.0},{"damage":3.0,"enemies":"Colosseum Slavers","floor":22.0,"turns":7.0},{"damage":17.0,"enemies":"Colosseum Nobs","floor":22.0,"turns":6.0},{"damage":0.0,"enemies":"3 Cultists","floor":24.0,"turns":6.0},{"damage":16.0,"enemies":"Slavers","floor":27.0,"turns":7.0},{"damage":0.0,"enemies":"Snecko","floor":29.0,"turns":6.0},{"damage":0.0,"enemies":"Chosen and Byrds","floor":30.0,"turns":5.0},{"damage":25.0,"enemies":"Automaton","floor":33.0,"turns":12.0},{"damage":6.0,"enemies":"3 Darklings","floor":35.0,"turns":6.0},{"damage":0.0,"enemies":"Mind Bloom Boss Battle","floor":37.0,"turns":7.0},{"damage":25.0,"enemies":"3 Shapes","floor":39.0,"turns":5.0},{"damage":0.0,"enemies":"Sphere and 2 Shapes","floor":41.0,"turns":7.0},{"damage":33.0,"enemies":"Nemesis","floor":42.0,"turns":9.0},{"damage":21.0,"enemies":"Transient","floor":44.0,"turns":5.0},{"damage":13.0,"enemies":"Maw","floor":46.0,"turns":6.0},{"damage":9.0,"enemies":"3 Darklings","floor":48.0,"turns":5.0},{"damage":99.0,"enemies":"Awakened One","floor":50.0,"turns":13.0},{"damage":80.0,"enemies":"Shield and Spear","floor":54.0,"turns":8.0},{"damage":33,"enemies":"The Heart","floor":55,"turns":3}],"seed_played":"3706412141092034567","potions_obtained":[{"floor":2.0,"key":"Regen Potion"},{"floor":10.0,"key":"AttackPotion"},{"floor":20.0,"key":"BloodPotion"},{"floor":24.0,"key":"SkillPotion"},{"floor":29.0,"key":"GamblersBrew"},{"floor":33.0,"key":"SkillPotion"},{"floor":39.0,"key":"SteroidPotion"},{"floor":41.0,"key":"Regen Potion"}],"is_trial":false,"path_per_floor":["M","M","?","?","?","R","E","M","T","M","R","E","R","T","R","B",null,"M","?","M","?","?","R","M","R","T","E","$","M","M","$","R","B",null,"M","?","?","?","M","R","M","E","T","M","R","M","T","M","R","B",null,"R","$","E","B"],"character_chosen":"IRONCLAD","items_purchased":["Membership Card","Whirlwind","Swift Strike","Ornamental Fan","Molten Egg 2","True Grit","Bandage Up","Heavy Blade+1","Energy Potion","Dexterity Potion","BloodPotion","Metallicize"],"campfire_rested":0,"item_purchase_floors":[28,28,28,28,31,31,31,53,53,53,53,53],"current_hp_per_floor":[71,77,61,54,74,74,56,55,55,61,61,37,37,37,37,37,69,75,75,74,74,66,66,72,72,72,64,64,70,76,76,76,63,79,83,83,84,84,65,65,77,54,54,45,45,44,44,47,47,56,82,82,82,23,0],"gold":148,"neow_bonus":"RANDOM_COLORLESS","is_prod":false,"is_daily":false,"chose_seed":false,"campfire_upgraded":10,"win_rate":0,"timestamp":1548794081,"path_taken":["M","M","?","?","?","R","E","M","T","M","R","E","R","?","R","BOSS","M","?","M","?","?","R","M","R","T","E","$","M","M","$","R","BOSS","M","?","?","?","M","R","?","E","T","M","R","M","?","M","R","BOSS","R","$","E","BOSS"],"build_version":"2019-01-23","purchased_purges":2,"victory":false,"max_hp_per_floor":[80,80,80,80,80,80,80,80,80,80,80,80,80,80,80,80,80,80,80,80,80,80,80,80,80,80,82,82,82,82,82,82,84,84,84,84,84,84,84,84,86,86,86,88,88,90,90,90,90,90,90,90,90,90,90],"card_choices":[{"not_picked":["True Grit","Havoc"],"picked":"Evolve","floor":1.0},{"not_picked":["Uppercut","Iron Wave"],"picked":"Shrug It Off","floor":2.0},{"not_picked":["Iron Wave","Pummel"],"picked":"Flame Barrier","floor":7.0},{"not_picked":["Havoc","Thunderclap"],"picked":"Pommel Strike","floor":8.0},{"not_picked":["Feel No Pain","Intimidate"],"picked":"Power Through","floor":10.0},{"not_picked":["Barricade","Sentinel"],"picked":"Battle Trance","floor":12.0},{"not_picked":["Bludgeon","Immolate"],"picked":"Demon Form","floor":16.0},{"not_picked":["Metallicize","Blood for Blood"],"picked":"Headbutt","floor":18.0},{"not_picked":["Iron Wave","Headbutt"],"picked":"Shockwave","floor":20.0},{"not_picked":["Armaments","Infernal Blade"],"picked":"Body Slam","floor":22.0},{"not_picked":["True Grit","Battle Trance"],"picked":"Twin Strike","floor":24.0},{"not_picked":["Bludgeon","Bloodletting+1","Power Through"],"picked":"Singing Bowl","floor":27.0},{"not_picked":["Warcry","Thunderclap"],"picked":"True Grit","floor":29.0},{"not_picked":["Clash","Armaments+1"],"picked":"Body Slam+1","floor":30.0},{"not_picked":["Feed+1","Exhume","Impervious"],"picked":"Singing Bowl","floor":33.0},{"not_picked":["Dual Wield+1","Pommel Strike+1"],"picked":"Inflame","floor":35.0},{"not_picked":["Shockwave+1","Dropkick+1"],"picked":"Disarm","floor":37.0},{"not_picked":["Dramatic Entrance+1","Discovery"],"picked":"Good Instincts","floor":38.0},{"not_picked":["Body Slam+1","Cleave+1"],"picked":"Wild Strike+1","floor":39.0},{"not_picked":["Pommel Strike+1","Flex","Clash+1"],"picked":"Singing Bowl","floor":41.0},{"not_picked":["Hemokinesis+1","Shockwave+1"],"picked":"Inflame+1","floor":42.0},{"not_picked":["Pommel Strike+1","Juggernaut","True Grit+1"],"picked":"Singing Bowl","floor":44.0},{"not_picked":["Blood for Blood+1","Dual Wield+1","Thunderclap+1"],"picked":"Singing Bowl","floor":46.0},{"not_picked":["Warcry+1","Dropkick+1"],"picked":"Pummel+1","floor":48.0},{"not_picked":["Fiend Fire+1","Infernal Blade+1"],"picked":"Pommel Strike+1","floor":54.0}],"player_experience":175634,"relics_obtained":[{"floor":7.0,"key":"Blue Candle"},{"floor":9.0,"key":"Tiny Chest"},{"floor":12.0,"key":"FossilizedHelix"},{"floor":14.0,"key":"Orichalcum"},{"floor":22.0,"key":"Torii"},{"floor":22.0,"key":"Self Forming Clay"},{"floor":26.0,"key":"Singing Bowl"},{"floor":27.0,"key":"Gremlin Horn"},{"floor":37.0,"key":"Champion Belt"},{"floor":42.0,"key":"Bag of Marbles"},{"floor":47.0,"key":"Blood Vial"},{"floor":54.0,"key":"Red Skull"}],"event_choices":[{"damage_healed":0.0,"max_hp_gain":0.0,"max_hp_loss":0.0,"gold_gain":0.0,"event_name":"Shining Light","player_choice":"Entered Light","floor":3.0,"gold_loss":0.0,"damage_taken":16.0,"cards_upgraded":["Strike_R","Madness"]},{"cards_removed":["Strike_R"],"damage_healed":0.0,"max_hp_gain":0.0,"max_hp_loss":0.0,"gold_gain":0.0,"event_name":"Golden Wing","player_choice":"Card Removal","floor":4.0,"gold_loss":0.0,"damage_taken":7.0},{"damage_healed":20.0,"max_hp_gain":0.0,"max_hp_loss":0.0,"gold_gain":0.0,"event_name":"The Cleric","player_choice":"Healed","floor":5.0,"gold_loss":35.0,"damage_taken":0.0},{"damage_healed":0.0,"max_hp_gain":0.0,"max_hp_loss":0.0,"gold_gain":0.0,"event_name":"Ghosts","player_choice":"Ignored","floor":19.0,"gold_loss":0.0,"damage_taken":0.0},{"damage_healed":0.0,"max_hp_gain":0.0,"max_hp_loss":0.0,"gold_gain":99.0,"event_name":"Nest","player_choice":"Stole From Cult","floor":21.0,"gold_loss":0.0,"damage_taken":0.0},{"damage_healed":0.0,"max_hp_gain":0.0,"max_hp_loss":0.0,"gold_gain":0.0,"event_name":"Colosseum","player_choice":"Fight","floor":22.0,"gold_loss":0.0,"damage_taken":0.0},{"damage_healed":0.0,"max_hp_gain":0.0,"max_hp_loss":0.0,"gold_gain":0.0,"event_name":"Colosseum","player_choice":"Fought Nobs","floor":22.0,"gold_loss":0.0,"damage_taken":0.0},{"damage_healed":0.0,"max_hp_gain":0.0,"max_hp_loss":0.0,"gold_gain":0.0,"event_name":"Tomb of Lord Red Mask","player_choice":"Ignored","floor":36.0,"gold_loss":0.0,"damage_taken":0.0},{"damage_healed":0.0,"max_hp_gain":0.0,"max_hp_loss":0.0,"gold_gain":0.0,"event_name":"MindBloom","player_choice":"Fight","floor":37.0,"gold_loss":0.0,"damage_taken":0.0},{"damage_healed":0.0,"max_hp_gain":0.0,"max_hp_loss":0.0,"gold_gain":0.0,"event_name":"SensoryStone","player_choice":"Memory 1","floor":38.0,"gold_loss":0.0,"damage_taken":0.0}],"is_beta":false,"boss_relics":[{"not_picked":["Busted Crown","Calling Bell"],"picked":"Coffee Dripper"},{"not_picked":["Orrery","Runic Cube"],"picked":"Lizard Tail"}],"items_purged_floors":[28,53],"is_endless":false,"potions_floor_spawned":[2,10,20,24,29,30,33,39,41,44],"killed_by":"The Heart","ascension_level":9}