{"gold_per_floor":[117,130,148,159,130,130,150,171,250,175,175,234,253,267,267,267],"floor_reached":16,"playtime":802,"items_purged":["Strike_G"],"score":187,"play_id":"a3ac0be6-2e7f-4688-9d00-1687cc92ef93","local_time":"20190227090627","is_ascension_mode":true,"campfire_choices":[{"data":"Dagger Spray","floor":6.0,"key":"SMITH"},{"floor":15,"key":"REST"}],"neow_cost":"NONE","seed_source_timestamp":4716050266885,"circlet_count":0,"master_deck":["AscendersBane","Defend_G","Defend_G","Defend_G","Defend_G","Defend_G","Strike_G","Strike_G+1","Strike_G","Strike_G","Survivor","Neutralize+1","Unload","Deflect","Backflip","Dagger Spray+1","Well Laid Plans","Deflect","Envenom","Cloak And Dagger"],"special_seed":0,"relics":["Ring of the Snake","Odd Mushroom","Frozen Egg 2","Kunai"],"potions_floor_usage":[8,12,13,16],"damage_taken":[{"damage":0.0,"enemies":"2 Louse","floor":1.0,"turns":2.0},{"damage":5.0,"enemies":"Jaw Worm","floor":2.0,"turns":4.0},{"damage":1.0,"enemies":"Small Slimes","floor":3.0,"turns":4.0},{"damage":6.0,"enemies":"3 Louse","floor":4.0,"turns":4.0},{"damage":2.0,"enemies":"Exordium Thugs","floor":5.0,"turns":4.0},{"damage":4,"enemies":"Large Slime","floor":7,"turns":7},{"damage":2,"enemies":"The Mushroom Lair","floor":8,"turns":3},{"damage":11,"enemies":"3 Sentries","floor":12,"turns":4},{"damage":2,"enemies":"Blue Slaver","floor":13,"turns":4},{"damage":0,"enemies":"Looter","floor":14,"turns":3},{"damage":28,"enemies":"Hexaghost","floor":16,"turns":12}],"seed_played":"5126161370427066921","potions_obtained":[{"floor":3.0,"key":"SneckoOil"},{"floor":7,"key":"AttackPotion"},{"floor":8,"key":"Strength Potion"},{"floor":12,"key":"PowerPotion"},{"floor":14,"key":"Fire Potion"}],"is_trial":false,"path_per_floor":["M","M","M","M","M","R","M","?","T","$","?","?","M","M","R","B"],"character_chosen":"THE_SILENT","items_purchased":[],"campfire_rested":1,"item_purchase_floors":[],"current_hp_per_floor":[59,54,53,47,45,45,41,39,39,39,19,8,6,6,25,0],"gold":267,"neow_bonus":"ONE_RANDOM_RARE_CARD","is_prod":false,"is_daily":false,"chose_seed":false,"campfire_upgraded":1,"win_rate":0,"timestamp":1551287187,"path_taken":["M","M","M","M","M","R","M","?","T","$","?","?","M","M","R","BOSS"],"build_version":"2019-01-23","purchased_purges":1,"victory":false,"max_hp_per_floor":[66,66,66,66,66,66,66,66,66,66,66,66,66,66,66,66],"card_choices":[{"not_picked":["Slice","Dagger Throw"],"picked":"Deflect","floor":1.0},{"not_picked":["Setup","All Out Attack"],"picked":"Backflip","floor":2.0},{"not_picked":["Deadly Poison","Concentrate"],"picked":"Dagger Spray","floor":3.0},{"not_picked":["Terror","Cloak And Dagger"],"picked":"Well Laid Plans","floor":4.0},{"not_picked":["Deadly Poison","Acrobatics"],"picked":"Deflect","floor":5.0},{"not_picked":["Poisoned Stab","Flying Knee","Sucker Punch"],"picked":"SKIP","floor":7},{"not_picked":["Underhanded Strike","Slice"],"picked":"Envenom","floor":8},{"not_picked":["Distraction","Dagger Spray"],"picked":"Cloak And Dagger","floor":12},{"not_picked":["Dodge and Roll","Slice","PiercingWail"],"picked":"SKIP","floor":13},{"not_picked":["Dodge and Roll","Accuracy+1","Prepared"],"picked":"SKIP","floor":14}],"player_experience":1233186,"relics_obtained":[{"floor":8,"key":"Odd Mushroom"},{"floor":9,"key":"Frozen Egg 2"},{"floor":12,"key":"Kunai"}],"event_choices":[{"damage_healed":0,"gold_gain":0,"player_choice":"Fought Mushrooms","damage_taken":0,"max_hp_gain":0,"max_hp_loss":0,"event_name":"Mushrooms","floor":8,"gold_loss":0},{"damage_healed":0,"gold_gain":0,"player_choice":"Entered Light","damage_taken":20,"max_hp_gain":0,"max_hp_loss":0,"event_name":"Shining Light","floor":11,"gold_loss":0,"cards_upgraded":["Strike_G","Neutralize"]},{"damage_healed":0,"gold_gain":0,"player_choice":"Searched \u00271\u0027 times","damage_taken":0,"max_hp_gain":0,"max_hp_loss":0,"event_name":"Dead Adventurer","floor":12,"gold_loss":0}],"is_beta":false,"boss_relics":[],"items_purged_floors":[10],"is_endless":false,"potions_floor_spawned":[3,7,8,12,14],"killed_by":"Hexaghost","ascension_level":19}