{"gold_per_floor":[115,131,131,39,58,58,85,85,85,85,153,178,193,220,220,294,294,311,361,411,461,471,471,501,27,27,59,144,156,206,222,222,299,299,316,588,280,290,303,332,344,344,344,33,183,108,158,173,173,173],"floor_reached":51,"playtime":4818,"items_purged":["Strike_G","Strike_G+1","Escape Plan"],"score":1297,"play_id":"21f5429b-4f93-44b8-9184-bcbe8a5478c2","local_time":"20190421143438","is_ascension_mode":true,"campfire_choices":[{"data":"Glass Knife","floor":6.0,"key":"SMITH"},{"data":"Neutralize","floor":8.0,"key":"SMITH"},{"data":"Well Laid Plans","floor":15.0,"key":"SMITH"},{"data":"Terror","floor":23.0,"key":"SMITH"},{"data":"Deadly Poison","floor":32.0,"key":"SMITH"},{"data":"Burst","floor":42.0,"key":"SMITH"},{"floor":49,"key":"REST"}],"neow_cost":"TEN_PERCENT_HP_LOSS","seed_source_timestamp":9241274099356,"circlet_count":0,"master_deck":["AscendersBane","Defend_G+1","Defend_G+1","Defend_G+1","Defend_G+1","Defend_G+1","Strike_G+1","Survivor","Neutralize+1","Glass Knife+1","All Out Attack","Cloak And Dagger","Escape Plan","Well Laid Plans+1","Adrenaline","Deadly Poison+1","Die Die Die","Terror+1","Footwork+1","Well Laid Plans+1","Noxious Fumes+1","Leg Sweep","Dodge and Roll","Burst+1","Catalyst+1","Footwork+1","Footwork+1","Caltrops+1","Crippling Poison","Dash","Crippling Poison","Catalyst","Footwork+1","Noxious Fumes+1"],"special_seed":0,"relics":["Ring of the Snake","The Courier","Centennial Puzzle","Mummified Hand","SsserpentHead","Vajra","Blood Vial","Empty Cage","Paper Crane","MawBank","Frozen Egg 2","Peace Pipe","Lantern","Red Mask","Snecko Eye","Shuriken","Gremlin Horn","Pear","Tough Bandages"],"potions_floor_usage":[50],"damage_taken":[{"damage":0.0,"enemies":"Small Slimes","floor":1.0,"turns":4.0},{"damage":0.0,"enemies":"2 Louse","floor":2.0,"turns":2.0},{"damage":0.0,"enemies":"Cultist","floor":5.0,"turns":3.0},{"damage":6.0,"enemies":"Gremlin Nob","floor":7.0,"turns":3.0},{"damage":10.0,"enemies":"3 Louse","floor":11.0,"turns":3.0},{"damage":5.0,"enemies":"3 Sentries","floor":12.0,"turns":6.0},{"damage":20.0,"enemies":"Lagavulin","floor":14.0,"turns":7.0},{"damage":0.0,"enemies":"The Guardian","floor":16.0,"turns":11.0},{"damage":0.0,"enemies":"3 Byrds","floor":18.0,"turns":4.0},{"damage":0.0,"enemies":"Shell Parasite","floor":22.0,"turns":4.0},{"damage":10.0,"enemies":"Book of Stabbing","floor":24.0,"turns":4.0},{"damage":1.0,"enemies":"Slavers","floor":27.0,"turns":5.0},{"damage":3.0,"enemies":"Masked Bandits","floor":28.0,"turns":2.0},{"damage":4.0,"enemies":"Shelled Parasite and Fungi","floor":29.0,"turns":4.0},{"damage":0.0,"enemies":"3 Cultists","floor":31.0,"turns":4.0},{"damage":7.0,"enemies":"Automaton","floor":33.0,"turns":10.0},{"damage":3.0,"enemies":"Orb Walker","floor":35.0,"turns":6.0},{"damage":0.0,"enemies":"3 Shapes","floor":38.0,"turns":3.0},{"damage":26.0,"enemies":"Spire Growth","floor":39.0,"turns":8.0},{"damage":7.0,"enemies":"Giant Head","floor":40.0,"turns":6.0},{"damage":4.0,"enemies":"Transient","floor":41.0,"turns":5.0},{"damage":0,"enemies":"Mind Bloom Boss Battle","floor":45,"turns":4},{"damage":0,"enemies":"Sphere and 2 Shapes","floor":48,"turns":4},{"damage":9,"enemies":"Time Eater","floor":50,"turns":11}],"seed_played":"-6518371156634793959","potions_obtained":[{"floor":2.0,"key":"SteroidPotion"},{"floor":7.0,"key":"EntropicBrew"},{"floor":12.0,"key":"SteroidPotion"},{"floor":24.0,"key":"SpeedPotion"},{"floor":28.0,"key":"GhostInAJar"},{"floor":31.0,"key":"GhostInAJar"},{"floor":39.0,"key":"Explosive Potion"},{"floor":40.0,"key":"Fire Potion"},{"floor":45,"key":"Dexterity Potion"}],"is_trial":false,"path_per_floor":["M","M","?","$","M","R","E","R","T","?","M","E","?","E","R","B",null,"M","?","?","T","M","R","E","$","T","E","?","M","?","M","R","B",null,"M","?","$","M","M","E","M","R","T","$","?","$","?","M","R","B",null],"character_chosen":"THE_SILENT","items_purchased":["Escape Plan","Frozen Egg 2","Footwork+1","Well Laid Plans+1","Noxious Fumes+1","EssenceOfSteel","Footwork+1","Footwork+1","Caltrops+1","Crippling Poison","Crippling Poison","Catalyst","Pear","Footwork+1","Noxious Fumes+1"],"campfire_rested":1,"item_purchase_floors":[4,25,25,25,25,25,37,37,37,37,44,44,44,46,46],"current_hp_per_floor":[63,63,60,60,60,60,54,54,54,54,44,39,54,34,34,36,56,58,58,58,58,60,60,52,52,52,53,52,50,50,52,52,47,59,58,58,58,60,36,31,29,29,29,39,41,41,41,43,63,56],"gold":173,"neow_bonus":"THREE_RARE_CARDS","is_prod":false,"is_daily":false,"chose_seed":false,"campfire_upgraded":6,"win_rate":0,"timestamp":1555875278,"path_taken":["M","M","?","$","M","R","E","R","T","?","?","E","?","E","R","BOSS","M","?","?","?","M","R","E","$","T","E","?","M","?","M","R","BOSS","M","?","$","M","M","E","M","R","T","$","?","?","?","M","R","BOSS"],"build_version":"2019-01-23","purchased_purges":3,"victory":true,"max_hp_per_floor":[63,63,63,63,63,63,63,63,63,63,63,63,63,63,63,63,63,63,63,63,63,63,63,63,63,63,63,63,63,63,63,63,63,63,63,63,63,63,63,63,63,63,63,73,73,73,69,69,69,69],"card_choices":[{"not_picked":["Malaise","Tools of the Trade"],"picked":"Glass Knife","floor":0.0},{"not_picked":["Prepared","Catalyst"],"picked":"All Out Attack","floor":1.0},{"not_picked":["Acrobatics","Dodge and Roll"],"picked":"Cloak And Dagger","floor":2.0},{"not_picked":["Tactician","Deflect","Dagger Spray"],"picked":"SKIP","floor":5.0},{"not_picked":["Predator","Flying Knee"],"picked":"Well Laid Plans","floor":7.0},{"not_picked":["Finisher","Dagger Spray","Cloak And Dagger"],"picked":"SKIP","floor":11.0},{"not_picked":["Noxious Fumes","Well Laid Plans"],"picked":"Adrenaline","floor":12.0},{"not_picked":["Bane","Crippling Poison"],"picked":"Deadly Poison","floor":14.0},{"not_picked":["Doppelganger","Grand Finale"],"picked":"Die Die Die","floor":16.0},{"not_picked":["Deadly Poison","Calculated Gamble"],"picked":"Terror","floor":18.0},{"not_picked":["Dodge and Roll+1","Dash"],"picked":"Escape Plan","floor":22.0},{"not_picked":["Blur","Sucker Punch","Storm of Steel"],"picked":"SKIP","floor":24.0},{"not_picked":["Deadly Poison","Backflip"],"picked":"Leg Sweep","floor":27.0},{"not_picked":["Cloak And Dagger","Riddle With Holes"],"picked":"Dodge and Roll","floor":29.0},{"not_picked":["Blade Dance","Sucker Punch","Concentrate"],"picked":"SKIP","floor":31.0},{"not_picked":["Grand Finale","Venomology"],"picked":"Burst","floor":33.0},{"not_picked":["Dagger Throw","Bane"],"picked":"Catalyst+1","floor":35.0},{"not_picked":["Underhanded Strike","Venomology","Cloak And Dagger"],"picked":"SKIP","floor":38.0},{"not_picked":["Skewer","Bane+1","Dagger Throw"],"picked":"SKIP","floor":39.0},{"not_picked":["Unload","Calculated Gamble","Endless Agony+1"],"picked":"SKIP","floor":40.0},{"not_picked":["Deflect","Cloak And Dagger+1"],"picked":"Dash","floor":41.0},{"not_picked":["Blur","Acrobatics+1","Riddle With Holes"],"picked":"SKIP","floor":48}],"player_experience":791107,"relics_obtained":[{"floor":7.0,"key":"Centennial Puzzle"},{"floor":9.0,"key":"Mummified Hand"},{"floor":12.0,"key":"Vajra"},{"floor":14.0,"key":"Blood Vial"},{"floor":21.0,"key":"Paper Crane"},{"floor":24.0,"key":"MawBank"},{"floor":26.0,"key":"Peace Pipe"},{"floor":27.0,"key":"Lantern"},{"floor":28.0,"key":"Red Mask"},{"floor":40.0,"key":"Shuriken"},{"floor":43.0,"key":"Gremlin Horn"},{"floor":45,"key":"Tough Bandages"}],"event_choices":[{"damage_healed":0.0,"max_hp_gain":0.0,"max_hp_loss":0.0,"gold_gain":0.0,"event_name":"Scrap Ooze","player_choice":"Success","floor":3.0,"gold_loss":0.0,"damage_taken":3.0,"relics_obtained":["The Courier"]},{"damage_healed":0.0,"max_hp_gain":0.0,"max_hp_loss":0.0,"gold_gain":0.0,"event_name":"FaceTrader","player_choice":"Trade","floor":10.0,"gold_loss":0.0,"damage_taken":0.0,"relics_obtained":["SsserpentHead"]},{"damage_healed":15.0,"max_hp_gain":0.0,"max_hp_loss":0.0,"gold_gain":0.0,"event_name":"The Cleric","player_choice":"Healed","floor":13.0,"gold_loss":35.0,"damage_taken":0.0},{"damage_healed":0.0,"max_hp_gain":0.0,"max_hp_loss":0.0,"gold_gain":0.0,"event_name":"Vampires","player_choice":"Ignored","floor":19.0,"gold_loss":0.0,"damage_taken":0.0},{"damage_healed":0.0,"max_hp_gain":0.0,"max_hp_loss":0.0,"gold_gain":0.0,"event_name":"Back to Basics","player_choice":"Simplicity","floor":20.0,"gold_loss":0.0,"damage_taken":0.0,"cards_upgraded":["Defend_G","Defend_G","Defend_G","Defend_G","Defend_G","Strike_G","Strike_G"]},{"damage_healed":0.0,"max_hp_gain":0.0,"max_hp_loss":0.0,"gold_gain":0.0,"event_name":"Masked Bandits","player_choice":"Fought Bandits","floor":28.0,"gold_loss":0.0,"damage_taken":0.0},{"damage_healed":0.0,"max_hp_gain":0.0,"max_hp_loss":0.0,"gold_gain":0.0,"event_name":"Ghosts","player_choice":"Ignored","floor":30.0,"gold_loss":0.0,"damage_taken":0.0},{"damage_healed":0.0,"max_hp_gain":0.0,"max_hp_loss":0.0,"gold_gain":222.0,"event_name":"Tomb of Lord Red Mask","player_choice":"Wore Mask","floor":36.0,"gold_loss":0.0,"damage_taken":0.0},{"damage_healed":0,"gold_gain":0,"player_choice":"Fight","damage_taken":0,"max_hp_gain":0,"max_hp_loss":0,"event_name":"MindBloom","floor":45,"gold_loss":0},{"damage_healed":0,"gold_gain":0,"player_choice":"Max HP","damage_taken":0,"max_hp_gain":0,"max_hp_loss":4,"event_name":"Winding Halls","floor":47,"gold_loss":0}],"is_beta":false,"boss_relics":[{"not_picked":["Black Star","Orrery"],"picked":"Empty Cage"},{"not_picked":["Runic Pyramid","WristBlade"],"picked":"Snecko Eye"}],"items_purged_floors":[4,25,37],"is_endless":false,"potions_floor_spawned":[2,7,12,24,27,28,31,33,39,40,45],"ascension_level":13}