{"gold_per_floor":[110,120,120,132,207,207,232,242,297,311,311,321,335,351,351,451,451,464,22,35,35,49,82,82,82,156,176,194,228,228,238,238,341,341,355,365,365,640,651,685,227,227,227,25,25,52,72,88,88,88],"floor_reached":51,"playtime":5471,"items_purged":["Regret"],"score":803,"play_id":"561857ab-2538-4eba-9b4f-0ce06b87cfcf","local_time":"20181004032309","is_ascension_mode":false,"campfire_choices":[{"data":"Zap","floor":6,"key":"SMITH"},{"data":"Go for the Eyes","floor":15,"key":"SMITH"},{"floor":25,"key":"REST"},{"floor":32,"key":"REST"},{"data":"Consume","floor":42,"key":"SMITH"},{"data":"Glacier","floor":49,"key":"SMITH"}],"neow_cost":"NONE","seed_source_timestamp":35038893192528,"circlet_count":0,"master_deck":["Defend_B+1","Defend_B","Defend_B","Defend_B","Zap+1","Dualcast","Conserve Battery+1","Conserve Battery","Defragment","Capacitor","Coolheaded","Go for the Eyes+1","FTL","Hologram","Buffer","Consume+1","Go for the Eyes","Ball Lightning","Hologram","Conserve Battery","All For One","Hologram+1","Redo","Steam Power+1","Barrage+1","Ball Lightning+1","Conserve Battery+1","Glacier+1","Cold Snap","Storm","Blizzard","Ball Lightning+1"],"relics":["Cracked Core","Gremlin Horn","Bronze Scales","Orrery","Runic Capacitor","Bottled Flame","MutagenicStrength","Strawberry","Shuriken","Mummified Hand","Sozu","Darkstone Periapt","ClockworkSouvenir","Anchor","Happy Flower","Ancient Tea Set","Vajra"],"potions_floor_usage":[14,16,16,33,46],"damage_taken":[{"damage":1,"enemies":"Cultist","floor":1,"turns":3},{"damage":1,"enemies":"Jaw Worm","floor":2,"turns":4},{"damage":0,"enemies":"Small Slimes","floor":4,"turns":3},{"damage":9,"enemies":"3 Sentries","floor":7,"turns":9},{"damage":0,"enemies":"3 Louse","floor":8,"turns":3},{"damage":4,"enemies":"Exordium Thugs","floor":10,"turns":5},{"damage":7,"enemies":"2 Fungi Beasts","floor":12,"turns":3},{"damage":3,"enemies":"Large Slime","floor":13,"turns":7},{"damage":6,"enemies":"Gremlin Gang","floor":14,"turns":3},{"damage":19,"enemies":"The Guardian","floor":16,"turns":10},{"damage":17,"enemies":"Spheric Guardian","floor":18,"turns":5},{"damage":1,"enemies":"Chosen","floor":20,"turns":4},{"damage":1,"enemies":"Snake Plant","floor":22,"turns":4},{"damage":39,"enemies":"Slavers","floor":23,"turns":6},{"damage":8,"enemies":"Centurion and Healer","floor":27,"turns":5},{"damage":7,"enemies":"Shelled Parasite and Fungi","floor":28,"turns":6},{"damage":4,"enemies":"Book of Stabbing","floor":29,"turns":5},{"damage":8,"enemies":"Snecko","floor":31,"turns":4},{"damage":0,"enemies":"Collector","floor":33,"turns":10},{"damage":0,"enemies":"Orb Walker","floor":35,"turns":3},{"damage":0,"enemies":"3 Darklings","floor":36,"turns":4},{"damage":8,"enemies":"Sphere and 2 Shapes","floor":39,"turns":4},{"damage":6,"enemies":"Giant Head","floor":40,"turns":9},{"damage":14,"enemies":"Nemesis","floor":46,"turns":7},{"damage":0,"enemies":"Spire Growth","floor":47,"turns":4},{"damage":5,"enemies":"4 Shapes","floor":48,"turns":4},{"damage":9,"enemies":"Awakened One","floor":50,"turns":11}],"seed_played":"-3016567235597495006","potions_obtained":[{"floor":4,"key":"PowerPotion"},{"floor":8,"key":"FocusPotion"},{"floor":10,"key":"Weak Potion"},{"floor":14,"key":"FairyPotion"},{"floor":16,"key":"GamblersBrew"},{"floor":22,"key":"EssenceOfSteel"},{"floor":28,"key":"SneckoOil"},{"floor":29,"key":"Regen Potion"}],"is_trial":false,"path_per_floor":["M","M","?","M","?","R","E","M","T","M","?","M","M","M","R","B",null,"M","$","M","?","M","E","?","R","T","M","M","E","?","M","R","B",null,"M","M","?","?","M","E","$","R","T","$","?","E","M","M","R","B"],"character_chosen":"DEFECT","items_purchased":["Runic Capacitor","Bottled Flame","ClockworkSouvenir","Anchor","Glacier","Ancient Tea Set","Cold Snap"],"campfire_rested":2,"item_purchase_floors":[19,19,41,41,41,44,44],"current_hp_per_floor":[74,73,58,58,47,47,38,38,38,34,27,20,17,11,11,7,75,58,58,57,57,56,24,24,48,48,40,33,29,29,21,45,45,82,82,82,82,82,74,68,68,68,68,68,68,69,69,64,64,55],"gold":88,"neow_bonus":"REMOVE_CARD","is_prod":false,"is_daily":false,"chose_seed":false,"campfire_upgraded":4,"win_rate":0,"timestamp":1538648589,"path_taken":["M","M","?","M","?","R","E","?","T","M","?","M","M","M","R","BOSS","M","$","M","?","M","E","?","R","T","M","M","E","?","?","R","BOSS","M","M","?","?","M","E","$","R","T","$","?","E","M","M","R","BOSS"],"build_version":"2018-09-27","purchased_purges":1,"victory":true,"max_hp_per_floor":[75,75,75,75,75,75,75,75,75,75,75,75,75,75,75,75,75,75,75,75,75,75,82,82,82,82,82,82,82,82,82,82,82,82,82,82,82,82,82,82,82,82,82,82,82,82,82,82,82,82],"card_choices":[{"not_picked":["Steam","Steam Power"],"picked":"Conserve Battery","floor":1},{"not_picked":["Tempest","Blizzard","Steam"],"picked":"SKIP","floor":2},{"not_picked":["Barrage","Stack"],"picked":"Conserve Battery","floor":4},{"not_picked":["Beam Cell","Cold Snap"],"picked":"Defragment","floor":7},{"not_picked":["Scrape","Ball Lightning"],"picked":"Capacitor","floor":8},{"not_picked":["Stack","Self Repair"],"picked":"Coolheaded","floor":10},{"not_picked":["Melter","Leap"],"picked":"Go for the Eyes","floor":12},{"not_picked":["Go for the Eyes","Beam Cell"],"picked":"FTL","floor":13},{"not_picked":["Hello World","Turbo"],"picked":"Hologram","floor":14},{"not_picked":["Meteor Strike","Rainbow"],"picked":"Buffer","floor":16},{"not_picked":["Redo","Hologram"],"picked":"Consume","floor":17},{"not_picked":["Storm","Doom and Gloom"],"picked":"Go for the Eyes","floor":17},{"not_picked":["Darkness","Stack"],"picked":"Ball Lightning","floor":17},{"not_picked":["Rebound","Gash"],"picked":"Hologram","floor":18},{"not_picked":["Storm+1","Scrape+1","Compile Driver"],"picked":"SKIP","floor":20},{"not_picked":["Storm+1","Scrape+1","Compile Driver"],"picked":"SKIP","floor":20},{"not_picked":["Redo","Gash"],"picked":"Conserve Battery","floor":22},{"not_picked":["Amplify","Compile Driver","Beam Cell"],"picked":"SKIP","floor":23},{"not_picked":["Undo","Heatsinks+1"],"picked":"Hologram+1","floor":27},{"not_picked":["Aggregate","Compile Driver"],"picked":"Redo","floor":28},{"not_picked":["Gash+1","Turbo"],"picked":"Biased Cognition","floor":29},{"not_picked":["Steam","Compile Driver","Rebound+1"],"picked":"SKIP","floor":31},{"not_picked":["Static Discharge","Leap"],"picked":"Steam Power+1","floor":35},{"not_picked":["BootSequence","Compile Driver"],"picked":"Barrage+1","floor":36},{"not_picked":["Coolheaded+1","Redo"],"picked":"Ball Lightning+1","floor":39},{"not_picked":["Leap","Go for the Eyes"],"picked":"Conserve Battery+1","floor":40},{"not_picked":["Stack+1","Hyperbeam"],"picked":"Blizzard","floor":46},{"not_picked":["Steam Power","Leap"],"picked":"Ball Lightning+1","floor":47},{"not_picked":["Lockon+1","Beam Cell+1","Reprogram"],"picked":"SKIP","floor":48}],"player_experience":866355,"relics_obtained":[{"floor":7,"key":"Gremlin Horn"},{"floor":9,"key":"Bronze Scales"},{"floor":23,"key":"Strawberry"},{"floor":26,"key":"Shuriken"},{"floor":29,"key":"Mummified Hand"},{"floor":40,"key":"Darkstone Periapt"},{"floor":43,"key":"Happy Flower"},{"floor":46,"key":"Vajra"}],"event_choices":[{"event_name":"Shining Light","player_choice":"Entered Light","floor":3,"damage_taken":0},{"event_name":"World of Goop","player_choice":"Gather Gold","floor":5,"damage_taken":0},{"event_name":"Golden Wing","player_choice":"Card Removal","floor":11,"damage_taken":0},{"event_name":"Drug Dealer","player_choice":"Inject Mutagens","floor":21,"damage_taken":0},{"event_name":"Transmorgrifier","player_choice":"Transform","floor":24,"damage_taken":0},{"event_name":"Vampires","player_choice":"Ignored","floor":30,"damage_taken":0},{"event_name":"Falling","player_choice":"Removed Attack","floor":37,"damage_taken":0},{"event_name":"Golden Shrine","player_choice":"Desecrate","floor":38,"damage_taken":0},{"event_name":"Transmorgrifier","player_choice":"Transform","floor":45,"damage_taken":0}],"is_beta":false,"boss_relics":[{"not_picked":["Philosopher\u0027s Stone","Runic Pyramid"],"picked":"Orrery"},{"not_picked":["Cursed Key","FrozenCore"],"picked":"Sozu"}],"items_purged_floors":[41],"is_endless":false,"potions_floor_spawned":[4,8,10,12,14,16,22,28,29,36,46,47,48],"ascension_level":0}