{"gold_per_floor":[116,116,116,3,55,55,55,55,55,79,99,99,99,49,49,174,174,197,197,210,125,125,125,47,90,90,90,90,90,55,55,55,185,185,208,48,48,48,48,48,48,48,48,48,48,48,64,38,38,159,159,173,173,173,448,469,469,469,4,4,38,38,38,38,38,38,159,159,172,212,212,231,106,106,106,106,140,159,194,194,18,143,143,266,266,281,503,503,527,527,527,527,123,154,80,80,100,100,225,225,345,345,359,118,118],"floor_reached":105,"playtime":5226,"items_purged":["Regret","Regret","Cleave","Twin Strike"],"score":2407,"play_id":"89380627-f907-4e66-9f5e-c5e84e858fab","local_time":"20190122203059","daily_mods":["Draft","Colorless Cards","Heirloom","Flight"],"is_ascension_mode":false,"campfire_choices":[{"data":"Armaments","floor":6.0,"key":"SMITH"},{"data":"Shockwave","floor":7.0,"key":"SMITH"},{"data":"Armaments","floor":8.0,"key":"SMITH"},{"data":"Seeing Red","floor":12.0,"key":"SMITH"},{"data":"Rage","floor":13.0,"key":"SMITH"},{"data":"Armaments","floor":15.0,"key":"SMITH"},{"data":"Ghostly","floor":23.0,"key":"SMITH"},{"data":"Ghostly","floor":28.0,"key":"SMITH"},{"data":"Ghostly","floor":29.0,"key":"SMITH"},{"data":"Ghostly","floor":32.0,"key":"SMITH"},{"data":"Uppercut","floor":40.0,"key":"SMITH"},{"data":"Dual Wield","floor":41.0,"key":"SMITH"},{"data":"Madness","floor":44.0,"key":"SMITH"},{"data":"Metamorphosis","floor":45.0,"key":"SMITH"},{"data":"Madness","floor":49.0,"key":"SMITH"},{"data":"Body Slam","floor":57.0,"key":"SMITH"},{"data":"Offering","floor":58.0,"key":"SMITH"},{"data":"Power Through","floor":63.0,"key":"SMITH"},{"data":"Good Instincts","floor":66.0,"key":"SMITH"},{"data":"Searing Blow+1","floor":74.0,"key":"SMITH"},{"data":"Searing Blow+2","floor":76.0,"key":"SMITH"},{"data":"Searing Blow+3","floor":80.0,"key":"SMITH"},{"data":"Searing Blow+4","floor":83.0,"key":"SMITH"},{"data":"True Grit","floor":91.0,"key":"SMITH"},{"data":"Searing Blow+5","floor":92.0,"key":"SMITH"},{"data":"Power Through","floor":96.0,"key":"SMITH"},{"data":"Exhume","floor":100.0,"key":"SMITH"}],"neow_cost":"","seed_source_timestamp":0,"circlet_count":1,"master_deck":["Armaments+1","Spot Weakness","Headbutt","Body Slam+1","Inflame","Clothesline","Armaments+1","Seeing Red+1","Shockwave+1","Rage+1","Power Through+1","Armaments+1","Offering+1","Reckless Charge+1","Power Through","Ghostly+1","Ghostly+1","Ghostly+1","Ghostly+1","Ghostly","Shrug It Off","Heavy Blade","Twin Strike+1","Rage","Metamorphosis+1","Impervious+1","Intimidate+1","Corruption+1","Panacea+1","Uppercut+1","Dual Wield+1","Master of Strategy","Madness+1","Madness+1","Headbutt+1","Demon Form+1","Iron Wave+1","Clash+1","Good Instincts+1","Exhume+1","Cleave+1","Searing Blow+6","Power Through+1","Whirlwind+1","Body Slam+1","True Grit+1","Sever Soul+1","Feel No Pain+1"],"special_seed":0,"relics":["Burning Blood","Pocketwatch","Golden Idol","Bird Faced Urn","Mango","Red Skull","Eternal Feather","Centennial Puzzle","Bag of Preparation","Paper Frog","Pen Nib","Astrolabe","Self Forming Clay","Molten Egg 2","Sozu","Circlet","Ginger","Bottled Tornado","Empty Cage","Red Mask","Magic Flower","Bottled Flame","Busted Crown","Frozen Egg 2","Anchor","Charon\u0027s Ashes","Mark of Pain","Kunai"],"potions_floor_usage":[],"damage_taken":[{"damage":0.0,"enemies":"Cultist","floor":1.0,"turns":2.0},{"damage":0.0,"enemies":"Small Slimes","floor":11.0,"turns":2.0},{"damage":6.0,"enemies":"Hexaghost","floor":16.0,"turns":6.0},{"damage":8.0,"enemies":"Shell Parasite","floor":18.0,"turns":4.0},{"damage":10.0,"enemies":"Chosen","floor":20.0,"turns":4.0},{"damage":1.0,"enemies":"Book of Stabbing","floor":25.0,"turns":6.0},{"damage":17.0,"enemies":"Automaton","floor":33.0,"turns":10.0},{"damage":6.0,"enemies":"3 Shapes","floor":35.0,"turns":3.0},{"damage":6.0,"enemies":"Orb Walker","floor":47.0,"turns":3.0},{"damage":20.0,"enemies":"Time Eater","floor":50.0,"turns":9.0},{"damage":0.0,"enemies":"2 Louse","floor":52.0,"turns":3.0},{"damage":7.0,"enemies":"Small Slimes","floor":56.0,"turns":3.0},{"damage":13.0,"enemies":"3 Sentries","floor":61.0,"turns":4.0},{"damage":6.0,"enemies":"The Guardian","floor":67.0,"turns":4.0},{"damage":0.0,"enemies":"Spheric Guardian","floor":69.0,"turns":3.0},{"damage":2.0,"enemies":"Masked Bandits","floor":70.0,"turns":4.0},{"damage":0.0,"enemies":"2 Thieves","floor":72.0,"turns":4.0},{"damage":6.0,"enemies":"Gremlin Leader","floor":77.0,"turns":3.0},{"damage":0.0,"enemies":"Snake Plant","floor":78.0,"turns":5.0},{"damage":2.0,"enemies":"Book of Stabbing","floor":79.0,"turns":5.0},{"damage":10.0,"enemies":"Colosseum Slavers","floor":82.0,"turns":3.0},{"damage":1.0,"enemies":"Colosseum Nobs","floor":82.0,"turns":4.0},{"damage":5.0,"enemies":"Champ","floor":84.0,"turns":7.0},{"damage":12.0,"enemies":"3 Darklings","floor":86.0,"turns":8.0},{"damage":6.0,"enemies":"3 Shapes","floor":89.0,"turns":2.0},{"damage":1.0,"enemies":"Giant Head","floor":94.0,"turns":4.0},{"damage":19.0,"enemies":"Transient","floor":97.0,"turns":5.0},{"damage":19.0,"enemies":"Mind Bloom Boss Battle","floor":99.0,"turns":4.0},{"damage":1.0,"enemies":"Donu and Deca","floor":101.0,"turns":7.0},{"damage":0.0,"enemies":"Jaw Worm","floor":103.0,"turns":1.0},{"damage":0.0,"enemies":"2 Louse","floor":105.0,"turns":2.0}],"seed_played":"4732654995128095126","potions_obtained":[{"floor":16.0,"key":"SteroidPotion"},{"floor":20.0,"key":"Block Potion"},{"floor":33.0,"key":"GamblersBrew"},{"floor":35.0,"key":"Dexterity Potion"},{"floor":46.0,"key":"FairyPotion"},{"floor":50.0,"key":"SteroidPotion"}],"is_trial":true,"path_per_floor":["M","?","?","$","?","R","R","R","T","T","M","R","R","$","R","B",null,"M","?","M","?","?","R","$","E","T","?","R","R","$","?","R","B",null,"M","$","?","?","T","R","R","?","T","R","R","?","M","$","R","B",null,"M","?","?","?","M","R","R","$","T","E","$","R","$","?","R","B",null,"M","?","?","M","$","R","$","R","E","M","E","R","$","?","R","B",null,"M","?","?","M","?","R","R","$","E","$","R","M","?","?","R","B",null,"M","$","M","M"],"character_chosen":"IRONCLAD","items_purchased":["Power Through","Armaments","Shrug It Off","Heavy Blade","Rupture","Uppercut","Dual Wield","Headbutt+1","Ginger","Pummel+1","Body Slam+1","Frozen Egg 2","Anchor","Feel No Pain+1","Kunai"],"campfire_rested":0,"item_purchase_floors":[4,14,24,24,30,36,36,48,59,59,81,93,93,95,104],"current_hp_per_floor":[80,60,60,60,60,60,60,60,74,74,80,80,80,80,80,82,94,92,92,90,90,47,47,47,47,47,47,47,47,47,47,47,37,47,47,47,41,41,41,41,41,36,36,41,41,41,41,41,41,31,41,41,41,31,31,32,41,41,41,41,35,35,41,41,41,41,41,41,41,41,41,41,41,41,41,41,41,41,41,41,41,41,41,41,41,40,40,40,41,41,41,41,41,41,41,41,34,34,30,41,41,41,41,41,41],"gold":118,"neow_bonus":"","is_prod":false,"is_daily":false,"chose_seed":false,"campfire_upgraded":27,"win_rate":0,"timestamp":1548185459,"path_taken":["M","?","?","$","?","R","R","R","T","?","?","R","R","$","R","BOSS","M","?","?","?","?","R","$","E","T","?","R","R","?","?","R","BOSS","M","$","?","?","?","R","R","?","T","R","R","?","?","?","R","BOSS","M","?","?","?","?","R","R","$","T","?","$","R","$","?","R","BOSS","M","?","?","?","$","R","$","R","E","M","E","R","$","?","R","BOSS","M","?","?","M","?","R","R","$","E","$","R","?","?","?","R","BOSS","M","$","M"],"build_version":"2018-12-20","purchased_purges":4,"victory":false,"max_hp_per_floor":[80,80,80,80,80,80,80,80,94,94,94,94,94,94,94,94,94,94,94,94,94,47,47,47,47,47,47,47,47,47,47,47,47,47,47,47,41,41,41,41,41,41,41,41,41,41,41,41,41,41,41,41,41,41,41,41,41,41,41,41,41,41,41,41,41,41,41,41,41,41,41,41,41,41,41,41,41,41,41,41,41,41,41,41,41,41,41,41,41,41,41,41,41,41,41,41,41,41,41,41,41,41,41,41,41],"card_choices":[{"not_picked":["Warcry","Second Wind"],"picked":"Cleave","floor":0.0},{"not_picked":["Uppercut","Bloodletting"],"picked":"Armaments","floor":0.0},{"not_picked":["Wild Strike","Deep Breath"],"picked":"Spot Weakness","floor":0.0},{"not_picked":["Jack Of All Trades","Clash"],"picked":"Headbutt","floor":0.0},{"not_picked":["True Grit","Swift Strike"],"picked":"Twin Strike","floor":0.0},{"not_picked":["Flex","Headbutt"],"picked":"Body Slam","floor":0.0},{"not_picked":["Hemokinesis","Sword Boomerang"],"picked":"Inflame","floor":0.0},{"not_picked":["True Grit","Deep Breath"],"picked":"Clothesline","floor":0.0},{"not_picked":["Corruption","Deep Breath"],"picked":"Armaments","floor":0.0},{"not_picked":["Madness","Clothesline"],"picked":"Seeing Red","floor":0.0},{"not_picked":["Carnage","Discovery"],"picked":"Headbutt","floor":0.0},{"not_picked":["Metallicize","Twin Strike"],"picked":"Shockwave","floor":0.0},{"not_picked":["Combust","Flex"],"picked":"Warcry","floor":0.0},{"not_picked":["Anger","Entrench"],"picked":"Headbutt","floor":0.0},{"not_picked":["Wild Strike","Heavy Blade"],"picked":"Rage","floor":0.0},{"not_picked":["Wild Strike","Cleave","Headbutt"],"picked":"SKIP","floor":1.0},{"not_picked":["Anger","Searing Blow","Feel No Pain"],"picked":"SKIP","floor":11.0},{"not_picked":["Juggernaut","Magnetism"],"picked":"Offering","floor":16.0},{"not_picked":["Discovery+1","Flex"],"picked":"Reckless Charge+1","floor":18.0},{"not_picked":["Iron Wave","Anger"],"picked":"Twin Strike","floor":20.0},{"not_picked":["Dark Embrace","Burning Pact"],"picked":"Twin Strike+1","floor":25.0},{"not_picked":["HandOfGreed","Violence"],"picked":"Metamorphosis","floor":33.0},{"not_picked":["Clothesline","Wild Strike"],"picked":"Panacea+1","floor":35.0},{"not_picked":["Flash of Steel","Chrysalis"],"picked":"Master of Strategy","floor":38.0},{"not_picked":["Anger+1","Warcry","Clash+1"],"picked":"SKIP","floor":47.0},{"not_picked":["Secret Technique","Metamorphosis"],"picked":"Demon Form","floor":50.0},{"not_picked":["Flex","Warcry"],"picked":"Iron Wave+1","floor":52.0},{"not_picked":["Flex","Iron Wave+1"],"picked":"Clash+1","floor":56.0},{"not_picked":["Mayhem","Rage"],"picked":"Good Instincts","floor":61.0},{"not_picked":["The Bomb","Double Tap"],"picked":"Exhume","floor":67.0},{"not_picked":["Burning Pact+1","Clash+1","Clothesline+1"],"picked":"SKIP","floor":69.0},{"not_picked":["Warcry","Jack Of All Trades"],"picked":"Cleave+1","floor":70.0},{"not_picked":["Sword Boomerang+1","Wild Strike+1"],"picked":"Searing Blow+1","floor":72.0},{"not_picked":["Dual Wield","Twin Strike+1"],"picked":"Power Through","floor":77.0},{"not_picked":["Headbutt+1","Clothesline+1","Whirlwind+1"],"picked":"SKIP","floor":78.0},{"not_picked":["Headbutt+1","Clothesline+1"],"picked":"Whirlwind+1","floor":78.0},{"not_picked":["Bludgeon+1","Warcry","Discovery+1"],"picked":"SKIP","floor":79.0},{"not_picked":[],"picked":"True Grit","floor":86.0},{"not_picked":["Warcry+1"],"picked":"SKIP","floor":89.0},{"not_picked":[],"picked":"Sever Soul+1","floor":94.0},{"not_picked":["Warcry"],"picked":"SKIP","floor":97.0},{"not_picked":["Rupture+1"],"picked":"SKIP","floor":103.0}],"player_experience":102356,"relics_obtained":[{"floor":9.0,"key":"Mango"},{"floor":10.0,"key":"Red Skull"},{"floor":25.0,"key":"Bag of Preparation"},{"floor":26.0,"key":"Paper Frog"},{"floor":39.0,"key":"Self Forming Clay"},{"floor":43.0,"key":"Molten Egg 2"},{"floor":60.0,"key":"Bottled Tornado"},{"floor":70.0,"key":"Red Mask"},{"floor":82.0,"key":"Magic Flower"},{"floor":82.0,"key":"Bottled Flame"},{"floor":99.0,"key":"Charon\u0027s Ashes"}],"event_choices":[{"damage_healed":0.0,"max_hp_gain":0.0,"max_hp_loss":0.0,"gold_gain":0.0,"event_name":"Golden Idol","player_choice":"Take Damage","floor":2.0,"gold_loss":0.0,"damage_taken":20.0,"relics_obtained":["Golden Idol"]},{"damage_healed":0.0,"max_hp_gain":0.0,"max_hp_loss":0.0,"gold_gain":0.0,"event_name":"Big Fish","player_choice":"Box","floor":3.0,"gold_loss":0.0,"damage_taken":0.0,"relics_obtained":["Bird Faced Urn"],"cards_obtained":["Regret"]},{"damage_healed":0.0,"max_hp_gain":0.0,"max_hp_loss":0.0,"gold_gain":52.0,"event_name":"Golden Wing","player_choice":"Gained Gold","floor":5.0,"gold_loss":0.0,"damage_taken":0.0},{"damage_healed":0.0,"max_hp_gain":0.0,"max_hp_loss":0.0,"gold_gain":0.0,"event_name":"Duplicator","player_choice":"Copied","floor":19.0,"gold_loss":0.0,"damage_taken":0.0,"cards_obtained":["Power Through"]},{"damage_healed":0.0,"max_hp_gain":0.0,"max_hp_loss":0.0,"gold_gain":0.0,"event_name":"Addict","player_choice":"Obtained Relic","floor":21.0,"gold_loss":85.0,"damage_taken":0.0,"relics_obtained":["Centennial Puzzle"]},{"damage_healed":0.0,"max_hp_gain":0.0,"max_hp_loss":47.0,"gold_gain":0.0,"event_name":"Ghosts","player_choice":"Became a Ghost","floor":22.0,"gold_loss":0.0,"damage_taken":0.0,"cards_obtained":["Ghostly","Ghostly","Ghostly","Ghostly","Ghostly"]},{"damage_healed":0.0,"max_hp_gain":0.0,"max_hp_loss":0.0,"gold_gain":0.0,"event_name":"The Mausoleum","player_choice":"Opened","floor":27.0,"gold_loss":0.0,"damage_taken":0.0,"relics_obtained":["Pen Nib"]},{"damage_healed":0.0,"max_hp_gain":0.0,"max_hp_loss":0.0,"gold_gain":0.0,"event_name":"The Library","player_choice":"Read","floor":31.0,"gold_loss":0.0,"damage_taken":0.0,"cards_obtained":["Rage"]},{"damage_healed":41.0,"max_hp_gain":0.0,"max_hp_loss":6.0,"gold_gain":0.0,"event_name":"The Moai Head","player_choice":"Heal","floor":37.0,"gold_loss":0.0,"damage_taken":0.0},{"damage_healed":0.0,"max_hp_gain":0.0,"max_hp_loss":0.0,"gold_gain":0.0,"event_name":"SensoryStone","player_choice":"Memory 1","floor":38.0,"gold_loss":0.0,"damage_taken":0.0},{"damage_healed":0.0,"max_hp_gain":0.0,"max_hp_loss":0.0,"gold_gain":0.0,"event_name":"Winding Halls","player_choice":"Embrace Madness","floor":42.0,"gold_loss":0.0,"damage_taken":5.0,"cards_obtained":["Madness","Madness"]},{"damage_healed":0.0,"max_hp_gain":0.0,"max_hp_loss":0.0,"gold_gain":0.0,"event_name":"Lab","player_choice":"Got Potions","floor":46.0,"gold_loss":0.0,"damage_taken":0.0},{"damage_healed":0.0,"max_hp_gain":0.0,"max_hp_loss":0.0,"gold_gain":0.0,"event_name":"Living Wall","player_choice":"Grow","floor":53.0,"gold_loss":0.0,"damage_taken":0.0,"cards_upgraded":["Demon Form"]},{"damage_healed":0.0,"max_hp_gain":0.0,"max_hp_loss":0.0,"gold_gain":0.0,"event_name":"Golden Idol","player_choice":"Take Damage","floor":54.0,"gold_loss":0.0,"damage_taken":10.0,"relics_obtained":["Circlet"]},{"damage_healed":0.0,"max_hp_gain":0.0,"max_hp_loss":0.0,"gold_gain":275.0,"event_name":"Golden Shrine","player_choice":"Desecrate","floor":55.0,"gold_loss":0.0,"damage_taken":0.0,"cards_obtained":["Regret"]},{"damage_healed":0.0,"max_hp_gain":0.0,"max_hp_loss":0.0,"gold_gain":0.0,"event_name":"The Cleric","player_choice":"Leave","floor":65.0,"gold_loss":0.0,"damage_taken":0.0},{"damage_healed":0.0,"max_hp_gain":0.0,"max_hp_loss":0.0,"gold_gain":0.0,"event_name":"Masked Bandits","player_choice":"Fought Bandits","floor":70.0,"gold_loss":0.0,"damage_taken":0.0},{"damage_healed":0.0,"max_hp_gain":0.0,"max_hp_loss":0.0,"gold_gain":0.0,"event_name":"Lab","player_choice":"Got Potions","floor":71.0,"gold_loss":0.0,"damage_taken":0.0},{"damage_healed":0.0,"max_hp_gain":0.0,"max_hp_loss":0.0,"gold_gain":0.0,"event_name":"Colosseum","player_choice":"Fight","floor":82.0,"gold_loss":0.0,"damage_taken":0.0},{"damage_healed":0.0,"max_hp_gain":0.0,"max_hp_loss":0.0,"gold_gain":0.0,"event_name":"Colosseum","player_choice":"Fought Nobs","floor":82.0,"gold_loss":0.0,"damage_taken":0.0},{"damage_healed":0.0,"max_hp_gain":0.0,"max_hp_loss":0.0,"gold_gain":222.0,"event_name":"Tomb of Lord Red Mask","player_choice":"Wore Mask","floor":87.0,"gold_loss":0.0,"damage_taken":0.0},{"damage_healed":0.0,"max_hp_gain":0.0,"max_hp_loss":0.0,"gold_gain":0.0,"event_name":"The Moai Head","player_choice":"Ignored","floor":88.0,"gold_loss":0.0,"damage_taken":0.0},{"damage_healed":0.0,"max_hp_gain":0.0,"max_hp_loss":0.0,"gold_gain":0.0,"event_name":"NoteForYourself","player_choice":"Ignored","floor":90.0,"gold_loss":0.0,"damage_taken":0.0},{"cards_removed":["Pummel"],"damage_healed":0.0,"max_hp_gain":0.0,"max_hp_loss":0.0,"gold_gain":0.0,"event_name":"Falling","player_choice":"Removed Attack","floor":98.0,"gold_loss":0.0,"damage_taken":0.0},{"damage_healed":0.0,"max_hp_gain":0.0,"max_hp_loss":0.0,"gold_gain":0.0,"event_name":"MindBloom","player_choice":"Fight","floor":99.0,"gold_loss":0.0,"damage_taken":0.0}],"is_beta":false,"boss_relics":[{"not_picked":["Runic Dome","Coffee Dripper"],"picked":"Eternal Feather"},{"not_picked":["Tiny House","Runic Pyramid"],"picked":"Astrolabe"},{"not_picked":["Lizard Tail","Runic Cube"],"picked":"Sozu"},{"not_picked":["Runic Dome","Runic Pyramid"],"picked":"Empty Cage"},{"not_picked":["Calling Bell","Coffee Dripper"],"picked":"Busted Crown"},{"not_picked":["Cursed Key","Tiny House"],"picked":"Mark of Pain"}],"items_purged_floors":[4,59,73,81],"is_endless":true,"potions_floor_spawned":[16,20,33,35,50,56,70,72,77,84,86,105],"killed_by":"2 Louse","ascension_level":0}