{"gold_per_floor":[118,118,118,43,55,389,399,399,399,429,429,447,461,494,494,589,589,602,57,72,272,284,313,329,329,410,410,410,429,454,464,464,566,566,580,632,13,27,27,59,59,0,23,23,23,34,62,77,77,77],"floor_reached":51,"playtime":3971,"items_purged":["Strike_R","Strike_R","Strike_R"],"score":1248,"play_id":"5fc46b5f-ce13-4a2c-9f22-bbf133a8829b","local_time":"20190131094725","is_ascension_mode":true,"campfire_choices":[{"data":"Shockwave","floor":8.0,"key":"SMITH"},{"data":"Corruption","floor":11.0,"key":"SMITH"},{"data":"Armaments","floor":15.0,"key":"SMITH"},{"data":"Flame Barrier","floor":25.0,"key":"SMITH"},{"data":"Body Slam","floor":27.0,"key":"SMITH"},{"data":"Double Tap","floor":32.0,"key":"SMITH"},{"data":"True Grit","floor":41.0,"key":"SMITH"},{"data":"Body Slam","floor":45.0,"key":"SMITH"},{"data":"Metallicize","floor":49,"key":"SMITH"}],"neow_cost":"NONE","seed_source_timestamp":514888981090093,"circlet_count":0,"master_deck":["AscendersBane","Strike_R","Strike_R","Defend_R","Defend_R+1","Defend_R","Defend_R+1","Bash","Metallicize+1","Headbutt","Shockwave+1","Corruption+1","Dual Wield","True Grit+1","Flame Barrier+1","Double Tap+1","Entrench","Body Slam+1","Cleave+1","Shrug It Off","Reaper","Pommel Strike","Necronomicurse","Flame Barrier+1","Clothesline","Impervious","Metallicize+1","Body Slam+1","Body Slam+1","Dual Wield","Shrug It Off+1"],"special_seed":0,"relics":["Burning Blood","NeowsBlessing","Bronze Scales","Old Coin","Pantograph","The Courier","Meat on the Bone","Philosopher\u0027s Stone","Lantern","Gambling Chip","Frozen Egg 2","Singing Bowl","Necronomicon","Mercury Hourglass","Snecko Eye","Turnip","Blood Vial","OrangePellets","PreservedInsect","Du-Vu Doll","Red Mask","Anchor","Art of War"],"potions_floor_usage":[50,50,50],"damage_taken":[{"damage":0.0,"enemies":"Jaw Worm","floor":1.0,"turns":1.0},{"damage":0.0,"enemies":"Cultist","floor":5.0,"turns":1.0},{"damage":0.0,"enemies":"3 Sentries","floor":6.0,"turns":1.0},{"damage":2.0,"enemies":"Small Slimes","floor":7.0,"turns":4.0},{"damage":18.0,"enemies":"Gremlin Nob","floor":10.0,"turns":5.0},{"damage":11.0,"enemies":"3 Louse","floor":12.0,"turns":3.0},{"damage":25.0,"enemies":"Large Slime","floor":13.0,"turns":7.0},{"damage":2.0,"enemies":"Lagavulin","floor":14.0,"turns":7.0},{"damage":15.0,"enemies":"Hexaghost","floor":16.0,"turns":11.0},{"damage":13.0,"enemies":"Spheric Guardian","floor":18.0,"turns":6.0},{"damage":18.0,"enemies":"Chosen","floor":20.0,"turns":7.0},{"damage":3.0,"enemies":"Centurion and Healer","floor":22.0,"turns":6.0},{"damage":12.0,"enemies":"Gremlin Leader","floor":23.0,"turns":8.0},{"damage":6.0,"enemies":"Snecko","floor":24.0,"turns":5.0},{"damage":8.0,"enemies":"Snake Plant","floor":29.0,"turns":3.0},{"damage":0.0,"enemies":"Book of Stabbing","floor":30.0,"turns":2.0},{"damage":0.0,"enemies":"3 Cultists","floor":31.0,"turns":3.0},{"damage":57.0,"enemies":"Collector","floor":33.0,"turns":8.0},{"damage":3.0,"enemies":"3 Shapes","floor":35.0,"turns":3.0},{"damage":6.0,"enemies":"2 Orb Walkers","floor":36.0,"turns":4.0},{"damage":14.0,"enemies":"3 Darklings","floor":38.0,"turns":4.0},{"damage":0.0,"enemies":"Reptomancer","floor":40.0,"turns":3.0},{"damage":0.0,"enemies":"Writhing Mass","floor":46.0,"turns":4.0},{"damage":0,"enemies":"Giant Head","floor":47,"turns":5},{"damage":0,"enemies":"Sphere and 2 Shapes","floor":48,"turns":2},{"damage":26,"enemies":"Awakened One","floor":50,"turns":11}],"seed_played":"3977320987404842898","potions_obtained":[{"floor":1.0,"key":"SkillPotion"},{"floor":6.0,"key":"Ancient Potion"},{"floor":14.0,"key":"Fruit Juice"},{"floor":16.0,"key":"Explosive Potion"},{"floor":20.0,"key":"LiquidBronze"},{"floor":22.0,"key":"SkillPotion"},{"floor":24.0,"key":"AttackPotion"},{"floor":29.0,"key":"SkillPotion"},{"floor":33.0,"key":"LiquidBronze"}],"is_trial":false,"path_per_floor":["M","?","?","$","M","E","M","R","T","E","R","M","M","E","R","B",null,"M","$","M","?","M","E","M","R","T","R","?","M","E","M","R","B",null,"M","?","$","M","?","E","R","?","T","$","R","M","E","M","R","B",null],"character_chosen":"IRONCLAD","items_purchased":["Entrench","Body Slam","Swift Potion","Lantern","Gambling Chip","Blood Vial","Metallicize+1","OrangePellets","PreservedInsect","EssenceOfSteel"],"campfire_rested":0,"item_purchase_floors":[19,19,19,19,19,37,37,37,37,37],"current_hp_per_floor":[78,75,59,59,65,71,75,75,75,63,63,58,39,43,48,64,80,73,73,61,61,64,58,58,58,58,58,42,54,60,87,87,59,80,89,91,91,90,90,91,91,91,91,91,91,91,93,93,93,85],"gold":77,"neow_bonus":"THREE_ENEMY_KILL","is_prod":false,"is_daily":false,"chose_seed":false,"campfire_upgraded":9,"win_rate":0,"timestamp":1548924445,"path_taken":["M","?","?","$","M","E","M","R","T","E","R","M","M","E","R","BOSS","M","$","M","?","M","E","?","R","T","R","?","M","E","M","R","BOSS","M","?","$","M","?","E","R","?","T","$","R","M","E","M","R","BOSS"],"build_version":"2019-01-23","purchased_purges":3,"victory":true,"max_hp_per_floor":[80,80,80,80,80,80,80,80,80,80,80,80,80,80,85,85,85,85,85,85,85,85,85,85,85,85,85,85,87,87,87,87,87,87,89,91,91,91,91,91,91,91,91,91,91,91,93,93,93,93],"card_choices":[{"not_picked":["Sword Boomerang","Flex"],"picked":"Metallicize","floor":1.0},{"not_picked":["Sword Boomerang","Second Wind"],"picked":"Headbutt","floor":5.0},{"not_picked":["Offering","Searing Blow"],"picked":"Shockwave","floor":6.0},{"not_picked":["Flex","Thunderclap"],"picked":"Corruption","floor":7.0},{"not_picked":["Burning Pact","True Grit"],"picked":"Dual Wield","floor":10.0},{"not_picked":["Sword Boomerang","Reckless Charge"],"picked":"Armaments","floor":12.0},{"not_picked":["Twin Strike","Headbutt"],"picked":"True Grit","floor":13.0},{"not_picked":["Dropkick","Wild Strike"],"picked":"Flame Barrier","floor":14.0},{"not_picked":["Immolate","Impervious"],"picked":"Double Tap","floor":16.0},{"not_picked":["Headbutt","Hemokinesis+1","Carnage"],"picked":"SKIP","floor":18.0},{"not_picked":["Battle Trance","Thunderclap+1"],"picked":"Cleave+1","floor":20.0},{"not_picked":["Metallicize","Pommel Strike+1"],"picked":"Shrug It Off","floor":22.0},{"not_picked":["Rupture+1","Rage+1"],"picked":"Reaper","floor":23.0},{"not_picked":["Twin Strike","Sword Boomerang"],"picked":"Pommel Strike","floor":24.0},{"not_picked":["Pommel Strike","Battle Trance","Headbutt"],"picked":"Singing Bowl","floor":29.0},{"not_picked":["Dual Wield","Sword Boomerang"],"picked":"Flame Barrier+1","floor":30.0},{"not_picked":["Armaments+1","Wild Strike"],"picked":"Clothesline","floor":31.0},{"not_picked":["Juggernaut+1","Demon Form+1"],"picked":"Impervious","floor":33.0},{"not_picked":["Rampage","Sword Boomerang+1","Twin Strike"],"picked":"Singing Bowl","floor":35.0},{"not_picked":["Headbutt","Searing Blow+1","Fire Breathing+1"],"picked":"Singing Bowl","floor":36.0},{"not_picked":["Infernal Blade+1","Wild Strike+1"],"picked":"Body Slam","floor":38.0},{"not_picked":["Twin Strike","Feed"],"picked":"Body Slam+1","floor":40.0},{"not_picked":["Cleave+1","Havoc"],"picked":"Dual Wield","floor":46},{"not_picked":["Seeing Red","Headbutt","Searing Blow"],"picked":"Singing Bowl","floor":47},{"not_picked":["Iron Wave+1","Warcry+1"],"picked":"Shrug It Off+1","floor":48}],"player_experience":203135,"relics_obtained":[{"floor":6.0,"key":"Old Coin"},{"floor":9.0,"key":"Pantograph"},{"floor":10.0,"key":"The Courier"},{"floor":14.0,"key":"Meat on the Bone"},{"floor":23.0,"key":"Frozen Egg 2"},{"floor":26.0,"key":"Singing Bowl"},{"floor":28.0,"key":"Necronomicon"},{"floor":30.0,"key":"Mercury Hourglass"},{"floor":36.0,"key":"Turnip"},{"floor":40.0,"key":"Du-Vu Doll"},{"floor":43.0,"key":"Anchor"},{"floor":47,"key":"Art of War"}],"event_choices":[{"damage_healed":0.0,"max_hp_gain":0.0,"max_hp_loss":0.0,"gold_gain":0.0,"event_name":"Scrap Ooze","player_choice":"Success","floor":2.0,"gold_loss":0.0,"damage_taken":3.0,"relics_obtained":["Bronze Scales"]},{"damage_healed":0.0,"max_hp_gain":0.0,"max_hp_loss":0.0,"gold_gain":0.0,"event_name":"Shining Light","player_choice":"Entered Light","floor":3.0,"gold_loss":0.0,"damage_taken":16.0,"cards_upgraded":["Defend_R","Defend_R"]},{"damage_healed":0.0,"max_hp_gain":0.0,"max_hp_loss":0.0,"gold_gain":200.0,"event_name":"Wheel of Change","player_choice":"Gold","floor":21.0,"gold_loss":0.0,"damage_taken":0.0},{"damage_healed":0.0,"max_hp_gain":0.0,"max_hp_loss":0.0,"gold_gain":0.0,"event_name":"Cursed Tome","player_choice":"Obtained Book","floor":28.0,"gold_loss":0.0,"damage_taken":16.0},{"damage_healed":0.0,"max_hp_gain":0.0,"max_hp_loss":0.0,"gold_gain":0.0,"event_name":"Mysterious Sphere","player_choice":"Fight","floor":36.0,"gold_loss":0.0,"damage_taken":0.0},{"cards_removed":["Armaments"],"damage_healed":0.0,"max_hp_gain":0.0,"max_hp_loss":0.0,"gold_gain":0.0,"event_name":"Falling","player_choice":"Removed Skill","floor":39.0,"gold_loss":0.0,"damage_taken":0.0},{"damage_healed":0.0,"max_hp_gain":0.0,"max_hp_loss":0.0,"gold_gain":0.0,"event_name":"Tomb of Lord Red Mask","player_choice":"Paid","floor":42.0,"gold_loss":59.0,"damage_taken":0.0,"relics_obtained":["Red Mask"]}],"is_beta":false,"boss_relics":[{"not_picked":["Pandora\u0027s Box","Ectoplasm"],"picked":"Philosopher\u0027s Stone"},{"not_picked":["Runic Cube","Coffee Dripper"],"picked":"Snecko Eye"}],"items_purged_floors":[4,19,37],"is_endless":false,"potions_floor_spawned":[1,6,14,16,20,22,24,29,33,38,40,47,48],"ascension_level":10}