{"gold_per_floor":[112,129,0,0,0,28,39,39,39,39,75,75,98,111,111,242,242,257,278,278,278,278,292,292,192,273,294,294,313,121,136,136,267,267,288,352,111,111,127,127],"floor_reached":40,"playtime":2969,"items_purged":["Defend_B","Defend_B","Strike_B"],"score":475,"play_id":"b39909f5-334a-4621-9aae-beae7f720685","local_time":"20180623154501","is_ascension_mode":true,"campfire_choices":[{"data":"Zap","floor":8,"key":"SMITH"},{"data":"Loop","floor":12,"key":"SMITH"},{"floor":15,"key":"REST"},{"data":"Creative AI","floor":24,"key":"SMITH"},{"data":"Chill","floor":28,"key":"SMITH"},{"floor":32,"key":"REST"}],"neow_cost":"NONE","seed_source_timestamp":13713765636210,"circlet_count":0,"master_deck":["Strike_B","Strike_B","Strike_B","Zap+1","Dualcast","Fission+1","Beam Cell","Genetic Algorithm","Coolheaded","Ball Lightning","Chill+1","Loop+1","Self Repair","Leap","Thunder Strike","Tempest","Necronomicurse","Sunder","Creative AI+1","Storm","Cold Snap+1","Flash of Steel+1","Amplify","Coolheaded+1","Sunder+1","FTL+1","Rebound+1"],"relics":["Cracked Core","Sundial","Mercury Hourglass","Mummified Hand","Golden Idol","Orichalcum","Nuclear Battery","Necronomicon","Molten Egg 2","Runic Dome","Torii"],"potions_floor_usage":[11,11,14,14,27,29,31,36,39],"damage_taken":[{"damage":1,"enemies":"Cultist","floor":1,"turns":3},{"damage":3,"enemies":"Small Slimes","floor":2,"turns":3},{"damage":39,"enemies":"3 Sentries","floor":6,"turns":11},{"damage":4,"enemies":"Jaw Worm","floor":7,"turns":2},{"damage":2,"enemies":"Gremlin Nob","floor":11,"turns":3},{"damage":0,"enemies":"2 Fungi Beasts","floor":13,"turns":3},{"damage":22,"enemies":"Large Slime","floor":14,"turns":6},{"damage":18,"enemies":"Slime Boss","floor":16,"turns":9},{"damage":7,"enemies":"3 Byrds","floor":18,"turns":4},{"damage":14,"enemies":"Spheric Guardian","floor":19,"turns":4},{"damage":7,"enemies":"Cultist and Chosen","floor":23,"turns":6},{"damage":7,"enemies":"Chosen and Byrds","floor":27,"turns":4},{"damage":4,"enemies":"Centurion and Healer","floor":29,"turns":4},{"damage":9,"enemies":"Cultist and Chosen","floor":31,"turns":4},{"damage":59,"enemies":"Automaton","floor":33,"turns":6},{"damage":8,"enemies":"Orb Walker","floor":35,"turns":2},{"damage":24,"floor":36,"turns":4},{"damage":26,"enemies":"3 Darklings","floor":39,"turns":4},{"damage":40,"enemies":"2 Orb Walkers","floor":40,"turns":4}],"seed_played":"-5073021022237890578","potions_obtained":[{"floor":1,"key":"EssenceOfSteel"},{"floor":2,"key":"Dexterity Potion"},{"floor":6,"key":"Poison Potion"},{"floor":11,"key":"SkillPotion"},{"floor":19,"key":"FocusPotion"},{"floor":27,"key":"SkillPotion"},{"floor":33,"key":"Fire Potion"},{"floor":35,"key":"Weak Potion"},{"floor":36,"key":"Explosive Potion"}],"is_trial":false,"path_per_floor":["M","M","$","?","?","E","M","R","T","?","E","R","M","M","R","B",null,"M","M","?","?","?","M","R","$","T","M","R","M","$","M","R","B",null,"M","?","$","?","M"],"character_chosen":"DEFECT","items_purchased":["Coolheaded","Cold Snap+1","Flash of Steel+1","Block Potion","FTL+1","Rebound+1"],"campfire_rested":2,"item_purchase_floors":[3,30,30,30,37,37],"current_hp_per_floor":[74,71,71,68,68,29,25,25,25,25,23,23,23,8,28,17,69,69,62,62,46,46,46,46,46,46,39,39,42,42,40,60,8,69,61,44,44,44,25,0],"gold":127,"neow_bonus":"ONE_RANDOM_RARE_CARD","is_prod":false,"is_daily":false,"chose_seed":false,"campfire_upgraded":4,"win_rate":0,"timestamp":1529786701,"path_taken":["M","M","$","?","?","E","?","R","T","?","E","R","M","?","R","BOSS","M","?","?","?","?","M","R","$","T","?","R","M","$","M","R","BOSS","M","?","$","?","M","E"],"build_version":"2018-06-21v2","purchased_purges":3,"victory":false,"max_hp_per_floor":[75,75,75,75,75,75,75,75,75,69,69,69,69,69,69,69,69,69,69,69,69,69,69,69,69,69,69,69,69,69,69,69,69,69,69,69,69,69,69,69],"card_choices":[{"not_picked":["Hologram","Rip and Tear"],"picked":"Beam Cell","floor":1},{"not_picked":["Gash","Sweeping Beam"],"picked":"Genetic Algorithm","floor":2},{"not_picked":["Rebound","Stack"],"picked":"Ball Lightning","floor":6},{"not_picked":["Hello World","Turbo"],"picked":"Chill","floor":7},{"not_picked":["Hello World","Redo"],"picked":"Loop","floor":11},{"not_picked":["Leap","Skim"],"picked":"Self Repair","floor":13},{"not_picked":["Steam","Ball Lightning"],"picked":"Leap","floor":14},{"not_picked":["Meteor Strike","Multi-Cast"],"picked":"Thunder Strike","floor":16},{"not_picked":["Go for the Eyes","Compile Driver","Consume"],"picked":"SKIP","floor":18},{"not_picked":["Steam","Sunder"],"picked":"Tempest","floor":19},{"not_picked":["Coolheaded","Recycle"],"picked":"Creative AI","floor":23},{"not_picked":["Rebound+1","Steam","Coolheaded"],"picked":"SKIP","floor":27},{"not_picked":["Lockon+1","Turbo+1"],"picked":"Storm","floor":29},{"not_picked":["Steam+1","Rebound+1","Recycle+1"],"picked":"SKIP","floor":31},{"not_picked":["Seek","Biased Cognition"],"picked":"Amplify","floor":33},{"not_picked":["Sunder+1","Rebound+1"],"picked":"Coolheaded+1","floor":35},{"not_picked":["Redo+1","Hologram+1"],"picked":"Sunder+1","floor":36},{"not_picked":["Turbo+1","Rebound+1","Melter+1"],"picked":"SKIP","floor":39}],"player_experience":230368,"relics_obtained":[{"floor":6,"key":"Mercury Hourglass"},{"floor":9,"key":"Mummified Hand"},{"floor":11,"key":"Orichalcum"},{"floor":21,"key":"Necronomicon"},{"floor":26,"key":"Molten Egg 2"},{"floor":36,"key":"Torii"}],"event_choices":[{"event_name":"Scrap Ooze","player_choice":"success","floor":4,"damage_taken":3},{"event_name":"Living Wall","player_choice":"Grow","floor":5,"damage_taken":0},{"event_name":"Golden Idol","player_choice":"Lose Max HP","floor":10,"damage_taken":0},{"event_name":"Back to Basics","player_choice":"Elegance","floor":20,"damage_taken":0},{"event_name":"Cursed Tome","player_choice":"Obtained Book","floor":21,"damage_taken":0},{"event_name":"Transmorgrifier","player_choice":"Transform","floor":22,"damage_taken":0},{"event_name":"Mysterious Sphere","player_choice":"Fight","floor":36,"damage_taken":0},{"event_name":"SensoryStone","player_choice":"Memory 1","floor":38,"damage_taken":0}],"boss_relics":[{"not_picked":["Astrolabe","Ectoplasm"],"picked":"Nuclear Battery"},{"not_picked":["Black Star","Eternal Feather"],"picked":"Runic Dome"}],"items_purged_floors":[3,25,37],"is_endless":false,"potions_floor_spawned":[1,2,6,11,19,27,33,35,36],"killed_by":"2 Orb Walkers","ascension_level":4}