{"path_per_floor":["M","?","M","?","$","R","E","M","T","E","M","R","M","E","R","B",null,"M","?","$","M","M","R","?","$","T","R","M"],"character_chosen":"DEFECT","items_purchased":["Ball Lightning","Fire Potion","FearPotion","Energy Potion","Finesse"],"gold_per_floor":[118,68,87,87,12,12,42,62,62,89,107,137,157,186,186,281,281,301,301,53,68,83,83,83,5,79,79,93,93],"floor_reached":29,"campfire_rested":0,"playtime":1758,"item_purchase_floors":[20,20,20,20,25],"current_hp_per_floor":[75,75,75,75,75,75,75,75,75,58,58,58,58,49,49,25,75,73,73,73,56,32,32,32,32,32,32,10,0],"items_purged":["Normality","Decay"],"gold":93,"score":295,"play_id":"8fddb4dc-8699-4983-9fcb-71f06713a92e","local_time":"20180602192354","is_prod":false,"is_daily":false,"chose_seed":false,"is_ascension_mode":true,"campfire_upgraded":0,"win_rate":0,"timestamp":1527985434,"campfire_choices":[{"floor":6,"key":"DIG"},{"floor":12,"key":"DIG"},{"floor":15,"key":"DIG"},{"floor":23,"key":"DIG"},{"floor":27,"key":"DIG"}],"path_taken":["M","?","M","?","$","R","E","M","T","E","M","R","M","E","R","BOSS","M","?","$","M","M","R","?","?","T","R","M","E"],"build_version":"2018-05-31","seed_source_timestamp":33979096222716,"purchased_purges":2,"victory":false,"master_deck":["Strike_B","Strike_B","Strike_B+1","Strike_B+1","Defend_B","Defend_B","Defend_B","Zap","Dualcast","BootSequence","Leap","Hologram","Rip and Tear","Rebound","Cold Snap","Multi-Cast","Static Discharge","Cold Snap+1","Ball Lightning","Coolheaded+1","Consume","Machine Learning","Finesse","Self Repair+1"],"max_hp_per_floor":[75,75,75,75,75,75,75,75,75,75,75,75,75,75,75,75,75,75,75,75,75,75,75,75,75,75,75,77,77],"relics":["Cracked Core","NeowsBlessing","Shovel","Vajra","Juzu Bracelet","The Courier","Potion Belt","Tiny Chest","Whetstone","Prayer Wheel","Inserter","Bronze Scales","Torii","Kunai","Singing Bowl"],"card_choices":[{"not_picked":["Loop","Melter"],"picked":"BootSequence","floor":1},{"not_picked":["Tempest","Consume"],"picked":"Leap","floor":3},{"not_picked":["Storm","Ball Lightning","Gash"],"picked":"SKIP","floor":7},{"not_picked":["Doom and Gloom","Scrape"],"picked":"Hologram","floor":8},{"not_picked":["Genetic Algorithm","Turbo"],"picked":"Rip and Tear","floor":10},{"not_picked":["Consume","Chaos"],"picked":"Rebound","floor":11},{"not_picked":["Beam Cell","Stack"],"picked":"Cold Snap","floor":13},{"not_picked":["Redo","Fission","Force Field"],"picked":"SKIP","floor":14},{"not_picked":["Thunder Strike","All For One"],"picked":"Multi-Cast","floor":16},{"not_picked":["Doom and Gloom","Stack"],"picked":"Static Discharge","floor":18},{"not_picked":["Steam","Leap"],"picked":"Cold Snap+1","floor":18},{"not_picked":["Stack","Streamline"],"picked":"Coolheaded+1","floor":21},{"not_picked":["Go for the Eyes","Sweeping Beam"],"picked":"Consume","floor":21},{"not_picked":["Beam Cell","Stack+1"],"picked":"Machine Learning","floor":22},{"not_picked":["Conserve Battery","Beam Cell","Double Energy+1"],"picked":"SKIP","floor":22},{"not_picked":["Genetic Algorithm","Cold Snap"],"picked":"Self Repair+1","floor":28},{"not_picked":["Hello World+1","Rebound","Gash"],"picked":"Singing Bowl","floor":28}],"player_experience":171389,"potions_floor_usage":[10,13,16,21,22,29],"damage_taken":[{"damage":0,"enemies":"Jaw Worm","floor":1,"turns":1},{"damage":0,"enemies":"Small Slimes","floor":3,"turns":1},{"damage":0,"enemies":"3 Sentries","floor":7,"turns":2},{"damage":0,"enemies":"Cultist","floor":8,"turns":3},{"damage":17,"enemies":"Lagavulin","floor":10,"turns":5},{"damage":0,"enemies":"2 Fungi Beasts","floor":11,"turns":3},{"damage":0,"enemies":"Gremlin Gang","floor":13,"turns":4},{"damage":9,"enemies":"Gremlin Nob","floor":14,"turns":4},{"damage":24,"enemies":"Slime Boss","floor":16,"turns":11},{"damage":2,"enemies":"Chosen","floor":18,"turns":6},{"damage":17,"enemies":"2 Thieves","floor":21,"turns":3},{"damage":24,"enemies":"Snecko","floor":22,"turns":5},{"damage":24,"enemies":"Snake Plant","floor":28,"turns":3},{"damage":31,"enemies":"Gremlin Leader","floor":29,"turns":9}],"relics_obtained":[{"floor":6,"key":"Vajra"},{"floor":7,"key":"Juzu Bracelet"},{"floor":9,"key":"The Courier"},{"floor":10,"key":"Potion Belt"},{"floor":12,"key":"Tiny Chest"},{"floor":14,"key":"Whetstone"},{"floor":15,"key":"Prayer Wheel"},{"floor":23,"key":"Bronze Scales"},{"floor":26,"key":"Kunai"},{"floor":27,"key":"Singing Bowl"}],"event_choices":[{"event_name":"The Cleric","player_choice":"Card Removal","floor":2,"damage_taken":0},{"event_name":"Accursed Blacksmith","player_choice":"Rummage","floor":4,"damage_taken":0},{"event_name":"Wheel of Change","player_choice":"Curse","floor":19,"damage_taken":0},{"event_name":"The Mausoleum","player_choice":"Yes","floor":24,"damage_taken":0}],"boss_relics":[{"not_picked":["Calling Bell","Pandora\u0027s Box"],"picked":"Inserter"}],"items_purged_floors":[5,20],"potions_floor_spawned":[1,3,11,13,16,28],"seed_played":"7132670829678923177","killed_by":"Gremlin Leader","ascension_level":2,"potions_obtained":[{"floor":1,"key":"PowerPotion"},{"floor":3,"key":"Fire Potion"},{"floor":11,"key":"Fire Potion"},{"floor":13,"key":"Swift Potion"},{"floor":16,"key":"FairyPotion"},{"floor":28,"key":"SteroidPotion"}],"is_trial":false}