{"path_per_floor":["M","M","M","M","$","R","E","R","T","E","R","M","M","M","R","B",null,"M","M","M","M","M","R","E","R","T","E","?","M","E","M","R"],"character_chosen":"IRONCLAD","items_purchased":[],"gold_per_floor":[110,130,150,116,41,41,66,66,66,96,96,112,128,139,139,240,240,240,240,240,240,240,240,240,240,240,240,240,240,240,240,240,240],"floor_reached":33,"campfire_rested":0,"playtime":9730,"current_hp_per_floor":[78,80,80,59,59,59,47,47,47,43,43,39,43,44,44,46,72,76,80,69,69,73,73,77,77,77,63,63,57,61,59,59,0],"items_purged":["Strike_R"],"gold":240,"score":505,"play_id":"79b765a6-21b4-41d4-9e81-4dd5431e3b9d","local_time":"20180430194241","is_prod":false,"is_daily":false,"chose_seed":false,"is_ascension_mode":true,"campfire_upgraded":7,"timestamp":1525142561,"path_taken":["M","M","M","M","$","R","E","R","T","E","R","M","M","M","R","BOSS","M","?","M","M","M","R","E","R","T","E","?","?","E","M","R","BOSS"],"build_version":"2018-04-28v2","seed_source_timestamp":152156708472142,"purchased_purges":2,"victory":false,"master_deck":["Strike_R","Strike_R","Strike_R","Strike_R","Defend_R+1","Defend_R+1","Defend_R","Defend_R","Bash+1","Reckless Charge","Dropkick","Uppercut+1","Whirlwind+1","Shrug It Off","Warcry+1","Clash","Offering","Fire Breathing+1","Flex+1","Warcry","Iron Wave+1","Shrug It Off","Shockwave+1"],"max_hp_per_floor":[80,80,80,80,80,80,80,80,80,80,80,80,80,80,80,80,80,80,80,80,80,80,80,80,80,80,80,80,80,94,94,94,94],"relics":["Burning Blood","Oddly Smooth Stone","War Paint","Blood Vial","Shuriken","Ectoplasm","Omamori","Vajra","Bag of Preparation","Mango"],"card_choices":[{"not_picked":["Wild Strike","True Grit"],"picked":"Reckless Charge","floor":1},{"not_picked":["Armaments","Pommel Strike"],"picked":"Dropkick","floor":2},{"not_picked":["Body Slam","Rupture"],"picked":"Uppercut","floor":3},{"not_picked":["Anger","Pommel Strike"],"picked":"Whirlwind","floor":4},{"not_picked":["Body Slam","Warcry"],"picked":"Shrug It Off","floor":12},{"not_picked":["Burning Pact","Anger"],"picked":"Warcry","floor":13},{"not_picked":["Spot Weakness","Rupture"],"picked":"Clash","floor":14},{"not_picked":["Feed","Limit Break"],"picked":"Offering","floor":16},{"not_picked":["Clothesline","Headbutt"],"picked":"Fire Breathing","floor":18},{"not_picked":["Pommel Strike","Uppercut"],"picked":"Flex","floor":21},{"not_picked":["Pommel Strike","Armaments"],"picked":"Warcry","floor":24},{"not_picked":["Bloodletting","Flex"],"picked":"Iron Wave","floor":27},{"not_picked":["Combust","Intimidate"],"picked":"Shrug It Off","floor":29},{"not_picked":["Fire Breathing","Burning Pact"],"picked":"Shockwave","floor":31}],"player_experience":406565,"potions_floor_usage":[16,16,16,24,24,31,33,33],"damage_taken":[{"damage":0,"enemies":"Cultist","floor":1,"turns":3},{"damage":0,"enemies":"Jaw Worm","floor":2,"turns":3},{"damage":6,"enemies":"Small Slimes","floor":3,"turns":3},{"damage":27,"enemies":"Exordium Thugs","floor":4,"turns":7},{"damage":18,"enemies":"Lagavulin","floor":7,"turns":5},{"damage":12,"enemies":"3 Sentries","floor":10,"turns":4},{"damage":12,"enemies":"Exordium Wildlife","floor":12,"turns":3},{"damage":4,"enemies":"Blue Slaver","floor":13,"turns":3},{"damage":7,"enemies":"Lots of Slimes","floor":14,"turns":3},{"damage":21,"enemies":"Hexaghost","floor":16,"turns":10},{"damage":4,"enemies":"Chosen","floor":18,"turns":4},{"damage":4,"enemies":"Spheric Guardian","floor":19,"turns":3},{"damage":17,"enemies":"Chosen and Byrds","floor":20,"turns":5},{"damage":8,"enemies":"Snecko","floor":21,"turns":3},{"damage":4,"enemies":"Centurion and Healer","floor":22,"turns":3},{"damage":4,"enemies":"Gremlin Leader","floor":24,"turns":3},{"damage":22,"enemies":"Book of Stabbing","floor":27,"turns":5},{"damage":14,"enemies":"Snake Plant","floor":29,"turns":3},{"damage":18,"enemies":"Slavers","floor":30,"turns":5},{"damage":10,"enemies":"Sentry and Sphere","floor":31,"turns":4},{"damage":62,"enemies":"Champ","floor":33,"turns":5}],"event_choices":[{"event_name":"Ghosts","player_choice":"Ignored","floor":28,"damage_taken":0}],"boss_relics":[{"not_picked":["Black Blood","Black Star"],"picked":"Ectoplasm"}],"potions_floor_spawned":[2,4,13,14,16,19,21,27,29],"seed_played":"-5090608144423006939","killed_by":"Champ","ascension_level":9,"is_trial":false}