{"path_per_floor":["M","M","M","?","?","R","?","M","T","M","R","M","M","M","R"],"character_chosen":"THE_SILENT","items_purchased":[],"gold_per_floor":[118,131,149,149,149,149,149,168,223,235,235,254,272,287,287,287],"floor_reached":16,"campfire_rested":2,"playtime":1315,"item_purchase_floors":[],"current_hp_per_floor":[63,37,37,23,23,44,37,36,36,30,30,14,7,7,43,0],"items_purged":[],"gold":287,"score":149,"play_id":"fbaa73d6-3b81-4c8a-a654-ebcfc8f9b208","local_time":"20180524183424","is_prod":false,"is_daily":false,"chose_seed":false,"is_ascension_mode":true,"campfire_upgraded":1,"win_rate":0,"timestamp":1527212064,"campfire_choices":[{"floor":6,"key":"REST"},{"data":"Distraction","floor":11,"key":"SMITH"},{"floor":15,"key":"REST"}],"path_taken":["M","M","M","?","?","R","?","M","T","M","R","M","M","?","R","BOSS"],"build_version":"2018-05-24","seed_source_timestamp":583990329020261,"purchased_purges":0,"victory":false,"master_deck":["Defend_G","Defend_G","Defend_G+1","Defend_G","Defend_G","Strike_G","Strike_G","Strike_G","Strike_G","Strike_G","Survivor","Neutralize+1","AscendersBane","Footwork","Distraction+1","Skewer","Choke","Cloak And Dagger"],"max_hp_per_floor":[70,70,70,70,70,70,70,70,70,70,70,70,70,70,70,70],"relics":["Ring of the Snake","Potion Belt","Regal Pillow"],"card_choices":[{"not_picked":["Choke","Quick Slash","Dagger Throw"],"picked":"SKIP","floor":1},{"not_picked":["Slice","Outmaneuver"],"picked":"Catalyst","floor":2},{"not_picked":["Predator","Deflect","Flechettes"],"picked":"SKIP","floor":3},{"not_picked":["Slice","Skewer"],"picked":"Footwork","floor":8},{"not_picked":["Outmaneuver","Skewer"],"picked":"Distraction","floor":10},{"not_picked":["Endless Agony","PiercingWail"],"picked":"Skewer","floor":12},{"not_picked":["Acrobatics","Deflect"],"picked":"Choke","floor":13},{"not_picked":["Acrobatics","Outmaneuver"],"picked":"Cloak And Dagger","floor":14}],"player_experience":489939,"potions_floor_usage":[14,14,16],"damage_taken":[{"damage":0,"enemies":"Small Slimes","floor":1,"turns":3},{"damage":26,"enemies":"Jaw Worm","floor":2,"turns":7},{"damage":0,"enemies":"2 Louse","floor":3,"turns":3},{"damage":1,"enemies":"Red Slaver","floor":8,"turns":4},{"damage":6,"enemies":"2 Fungi Beasts","floor":10,"turns":7},{"damage":16,"enemies":"Exordium Thugs","floor":12,"turns":10},{"damage":7,"enemies":"3 Louse","floor":13,"turns":5},{"damage":0,"enemies":"Gremlin Gang","floor":14,"turns":7},{"damage":51,"enemies":"Hexaghost","floor":16,"turns":15}],"relics_obtained":[{"floor":9,"key":"Regal Pillow"}],"event_choices":[{"event_name":"Shining Light","player_choice":"Entered Light","floor":4,"damage_taken":0},{"event_name":"Living Wall","player_choice":"Change","floor":5,"damage_taken":0},{"event_name":"Golden Wing","player_choice":"Card Removal","floor":7,"damage_taken":0}],"boss_relics":[],"items_purged_floors":[],"potions_floor_spawned":[1,12,13,14],"seed_played":"-857073999440977024","killed_by":"Hexaghost","ascension_level":11,"potions_obtained":[{"floor":1,"key":"EssenceOfSteel"},{"floor":12,"key":"SteroidPotion"},{"floor":13,"key":"PowerPotion"},{"floor":14,"key":"Explosive Potion"}],"is_trial":false}