{"gold_per_floor":[117,36,54,54,69,69,69,80,80,94,94,104,104,130,130,130],"floor_reached":16,"playtime":1365,"items_purged":[],"score":102,"play_id":"be5d81f4-9ba8-4dad-b117-9c31f39ea474","local_time":"20180629111124","is_ascension_mode":false,"campfire_choices":[{"data":"Predator","floor":6,"key":"SMITH"},{"data":"Dagger Spray","floor":11,"key":"SMITH"},{"floor":15,"key":"REST"}],"neow_cost":"","seed_source_timestamp":750995157218473,"circlet_count":0,"master_deck":["Defend_G","Defend_G","Defend_G","Defend_G","Defend_G","Strike_G","Strike_G","Strike_G","Strike_G","Survivor","Neutralize","Predator+1","Footwork","Flying Knee","Dagger Spray+1","Backflip","Riddle With Holes","Dodge and Roll","Backflip","Parasite","Flechettes"],"special_seed":17711,"relics":["Ring of the Snake","Tough Bandages","Ginger"],"potions_floor_usage":[8,16,16,16],"damage_taken":[{"damage":0,"enemies":"Small Slimes","floor":1,"turns":6},{"damage":4,"enemies":"Cultist","floor":3,"turns":4},{"damage":0,"enemies":"Jaw Worm","floor":5,"turns":3},{"damage":0,"enemies":"Exordium Thugs","floor":8,"turns":4},{"damage":5,"enemies":"Looter","floor":10,"turns":3},{"damage":8,"enemies":"Large Slime","floor":12,"turns":7},{"damage":55,"enemies":"Gremlin Nob","floor":14,"turns":6},{"damage":38,"enemies":"Hexaghost","floor":16,"turns":15}],"seed_played":"-835096543332253792","potions_obtained":[{"floor":1,"key":"Block Potion"},{"floor":3,"key":"SkillPotion"},{"floor":5,"key":"Ancient Potion"},{"floor":14,"key":"PowerPotion"}],"is_trial":false,"path_per_floor":["M","$","M","?","M","R","$","M","T","M","R","M","?","E","R"],"character_chosen":"THE_SILENT","items_purchased":["Footwork"],"campfire_rested":1,"item_purchase_floors":[2],"current_hp_per_floor":[70,70,66,66,66,66,66,66,66,61,61,53,70,15,36,0],"gold":130,"neow_bonus":"","is_prod":false,"is_daily":false,"chose_seed":false,"campfire_upgraded":2,"win_rate":0.0,"timestamp":1530263484,"path_taken":["M","$","M","?","M","R","$","M","T","M","R","M","?","E","R","BOSS"],"build_version":"2018-06-28","purchased_purges":0,"victory":false,"max_hp_per_floor":[70,70,70,70,70,70,70,70,70,70,70,70,70,70,70,70],"card_choices":[{"not_picked":["Dodge and Roll","Eviscerate"],"picked":"Predator","floor":1},{"not_picked":["PiercingWail","Dodge and Roll"],"picked":"Flying Knee","floor":3},{"not_picked":["Deadly Poison","PiercingWail"],"picked":"Backflip","floor":5},{"not_picked":["Acrobatics","Terror"],"picked":"Riddle With Holes","floor":8},{"not_picked":["Expertise","Quick Slash"],"picked":"Dodge and Roll","floor":10},{"not_picked":["Sucker Punch","Deflect"],"picked":"Backflip","floor":12},{"not_picked":["Outmaneuver","Slice"],"picked":"Flechettes","floor":14}],"player_experience":4775,"relics_obtained":[{"floor":9,"key":"Tough Bandages"},{"floor":14,"key":"Ginger"}],"event_choices":[{"event_name":"Transmorgrifier","player_choice":"Transform","floor":4,"damage_taken":0},{"event_name":"Mushrooms","player_choice":"Healed and dodged fight","floor":13,"damage_taken":0}],"boss_relics":[],"items_purged_floors":[],"is_endless":false,"potions_floor_spawned":[1,3,5,14],"killed_by":"Hexaghost","ascension_level":0}