{"gold_per_floor":[114,64,84,13,32,67,67,80,103,134,134,134,146,171,171,271,271,282,296,315,315,163,163,163,163,163,182,182,217,242,254,266,278],"floor_reached":33,"playtime":2372,"items_purged":[],"score":452,"play_id":"91b1ddf5-c9cd-417c-803f-2cc24ec6f1b8","local_time":"20190126212604","is_ascension_mode":true,"campfire_choices":[{"data":"Body Slam","floor":7.0,"key":"SMITH"},{"data":"Clothesline","floor":11.0,"key":"SMITH"},{"data":"Rampage","floor":15.0,"key":"SMITH"},{"data":"True Grit","floor":23.0,"key":"SMITH"},{"data":"Seeing Red","floor":25.0,"key":"SMITH"},{"data":"Flame Barrier","floor":28.0,"key":"SMITH"},{"data":"Shrug It Off","floor":32.0,"key":"SMITH"}],"neow_cost":"NONE","seed_source_timestamp":124468189326429,"circlet_count":0,"master_deck":["Strike_R","Strike_R","Strike_R","Strike_R","Defend_R+1","Defend_R","Defend_R","Defend_R+1","Bash+1","Rampage+1","Body Slam+1","Inflame","Cleave","Shrug It Off+1","Clothesline+1","Spot Weakness","Offering","True Grit+1","Dual Wield","Seeing Red+1","RitualDagger","Flame Barrier+1","Reckless Charge","Pummel+1","Battle Trance+1"],"special_seed":0,"relics":["Black Blood","Regal Pillow","War Paint","Bag of Marbles","Omamori","Meat on the Bone","MawBank","Matryoshka"],"potions_floor_usage":[],"damage_taken":[{"damage":9.0,"enemies":"Jaw Worm","floor":1.0,"turns":3.0},{"damage":1.0,"enemies":"Cultist","floor":3.0,"turns":3.0},{"damage":0.0,"enemies":"Small Slimes","floor":5.0,"turns":3.0},{"damage":30.0,"enemies":"Lagavulin","floor":6.0,"turns":6.0},{"damage":4.0,"enemies":"Exordium Wildlife","floor":8.0,"turns":3.0},{"damage":23.0,"enemies":"3 Sentries","floor":10.0,"turns":6.0},{"damage":10.0,"enemies":"Exordium Thugs","floor":13.0,"turns":4.0},{"damage":14.0,"enemies":"Lagavulin","floor":14.0,"turns":5.0},{"damage":0.0,"enemies":"Slime Boss","floor":16.0,"turns":7.0},{"damage":16.0,"enemies":"Shell Parasite","floor":18.0,"turns":5.0},{"damage":16.0,"enemies":"3 Byrds","floor":19.0,"turns":5.0},{"damage":27.0,"enemies":"Snake Plant","floor":20.0,"turns":4.0},{"damage":25.0,"enemies":"Snecko","floor":27.0,"turns":6.0},{"damage":13.0,"enemies":"Book of Stabbing","floor":29.0,"turns":5.0},{"damage":23.0,"enemies":"Centurion and Healer","floor":30.0,"turns":5.0},{"damage":57,"enemies":"Collector","floor":33,"turns":5}],"seed_played":"1074375787327234764","potions_obtained":[{"floor":1.0,"key":"BloodPotion"},{"floor":10.0,"key":"Weak Potion"},{"floor":12.0,"key":"Fire Potion"},{"floor":12.0,"key":"Swift Potion"},{"floor":16.0,"key":"SkillPotion"},{"floor":18.0,"key":"Dexterity Potion"},{"floor":20.0,"key":"Weak Potion"},{"floor":27.0,"key":"Energy Potion"}],"is_trial":false,"path_per_floor":["M","?","M","$","M","E","R","M","T","E","R","?","M","E","R","B",null,"M","M","M","?","$","R","$","R","T","M","R","E","M","T","R","B"],"character_chosen":"IRONCLAD","items_purchased":["Inflame","Flame Barrier","Reckless Charge"],"campfire_rested":0,"item_purchase_floors":[4,22,22],"current_hp_per_floor":[69,69,74,74,80,56,56,58,58,41,41,41,37,29,29,35,69,63,57,40,34,34,34,34,34,34,31,31,40,39,39,39,0],"gold":278,"neow_bonus":"UPGRADE_CARD","is_prod":false,"is_daily":false,"chose_seed":false,"campfire_upgraded":7,"win_rate":0,"timestamp":1548534364,"path_taken":["M","?","M","$","M","E","R","M","T","E","R","?","M","E","R","BOSS","M","M","?","?","$","R","$","R","T","M","R","E","M","?","R","BOSS"],"build_version":"2019-01-23","purchased_purges":0,"victory":false,"max_hp_per_floor":[80,80,80,80,80,80,80,80,80,80,80,80,80,80,80,80,80,80,80,80,80,80,80,80,80,80,80,80,80,80,80,80,80],"card_choices":[{"not_picked":["Thunderclap","Anger"],"picked":"Rampage","floor":1.0},{"not_picked":["Intimidate","Pommel Strike"],"picked":"Body Slam","floor":3.0},{"not_picked":["Sentinel","Warcry"],"picked":"Cleave","floor":5.0},{"not_picked":["Immolate","Thunderclap"],"picked":"Shrug It Off","floor":6.0},{"not_picked":["Anger","Twin Strike"],"picked":"Clothesline","floor":8.0},{"not_picked":["Uppercut","Pommel Strike"],"picked":"Spot Weakness","floor":10.0},{"not_picked":["Wild Strike","Warcry","Perfected Strike"],"picked":"SKIP","floor":13.0},{"not_picked":["Havoc","Rage","Entrench"],"picked":"SKIP","floor":14.0},{"not_picked":["Berserk","Barricade"],"picked":"Offering","floor":16.0},{"not_picked":["Havoc","Twin Strike"],"picked":"True Grit","floor":18.0},{"not_picked":["Fire Breathing","Warcry"],"picked":"Dual Wield","floor":19.0},{"not_picked":["Armaments","Clothesline"],"picked":"Seeing Red","floor":20.0},{"not_picked":["Flex+1","Fire Breathing"],"picked":"Pummel+1","floor":27.0},{"not_picked":["Whirlwind","Clash","Corruption"],"picked":"SKIP","floor":29.0},{"not_picked":["Twin Strike","Body Slam"],"picked":"Battle Trance+1","floor":30.0}],"player_experience":147404,"relics_obtained":[{"floor":6.0,"key":"Regal Pillow"},{"floor":9.0,"key":"War Paint"},{"floor":10.0,"key":"Bag of Marbles"},{"floor":14.0,"key":"Omamori"},{"floor":26.0,"key":"Meat on the Bone"},{"floor":29.0,"key":"MawBank"},{"floor":31.0,"key":"Matryoshka"}],"event_choices":[{"cards_removed":["Strike_R"],"damage_healed":0.0,"max_hp_gain":0.0,"max_hp_loss":0.0,"gold_gain":0.0,"event_name":"The Cleric","player_choice":"Card Removal","floor":2.0,"gold_loss":50.0,"damage_taken":0.0},{"damage_healed":0.0,"max_hp_gain":0.0,"max_hp_loss":0.0,"gold_gain":0.0,"event_name":"Lab","player_choice":"Got Potions","floor":12.0,"gold_loss":0.0,"damage_taken":0.0},{"damage_healed":0.0,"max_hp_gain":0.0,"max_hp_loss":0.0,"gold_gain":0.0,"event_name":"Nest","player_choice":"Joined the Cult","floor":21.0,"gold_loss":0.0,"damage_taken":6.0,"cards_obtained":["RitualDagger"]}],"is_beta":false,"boss_relics":[{"not_picked":["Coffee Dripper","Black Star"],"picked":"Black Blood"}],"items_purged_floors":[],"is_endless":false,"potions_floor_spawned":[1,10,14,16,18,20,27],"killed_by":"Collector","ascension_level":7}