{"gold_per_floor":[119,119,129,0,14,25,25,52,52,52,108,73,102,112,112,209,209,223,30,30,130,130,130,141,141,141,141,156,54,73,73,73,168,168,181,199,159,179,190,190,190,205,205,205,233,233,233,250,250,250],"floor_reached":51,"playtime":3160,"items_purged":["Corruption"],"score":844,"play_id":"1140d599-340d-47f2-b110-727cb8775a6b","local_time":"20190121221114","is_ascension_mode":true,"campfire_choices":[{"data":"Rampage","floor":7.0,"key":"SMITH"},{"data":"Pommel Strike","floor":10.0,"key":"SMITH"},{"data":"Body Slam","floor":15.0,"key":"SMITH"},{"data":"Shrug It Off","floor":23.0,"key":"SMITH"},{"data":"Double Tap","floor":25.0,"key":"SMITH"},{"data":"Fiend Fire","floor":27.0,"key":"SMITH"},{"data":"Shrug It Off","floor":32.0,"key":"SMITH"},{"data":"Shrug It Off","floor":40.0,"key":"SMITH"},{"data":"Disarm","floor":44.0,"key":"SMITH"},{"data":"Demon Form","floor":46.0,"key":"SMITH"},{"floor":49,"key":"REST"}],"neow_cost":"NONE","seed_source_timestamp":79691655590788,"circlet_count":0,"master_deck":["Strike_R","Strike_R+1","Strike_R+1","Defend_R","Defend_R","Defend_R","Bash+1","Clothesline+1","Cleave","Rampage+1","Warcry","Disarm+1","Pommel Strike+1","Carnage","Double Tap+1","Body Slam+1","Fiend Fire+1","Power Through+1","Shrug It Off+1","Cleave+1","Reckless Charge","True Grit+1","Shrug It Off+1","Limit Break+1","Shrug It Off+1","Clash+1","Headbutt","Shrug It Off+1","Demon Form+1","Seeing Red+1","True Grit+1"],"special_seed":0,"relics":["Black Blood","Orichalcum","Anchor","Pantograph","Whetstone","Velvet Choker","Omamori","Gambling Chip","Sundial","Singing Bowl","Shuriken","Mercury Hourglass","Dream Catcher"],"potions_floor_usage":[48,50],"damage_taken":[{"damage":5.0,"enemies":"2 Louse","floor":1.0,"turns":5.0},{"damage":7.0,"enemies":"Jaw Worm","floor":3.0,"turns":4.0},{"damage":11.0,"enemies":"Small Slimes","floor":5.0,"turns":4.0},{"damage":11.0,"enemies":"2 Fungi Beasts","floor":6.0,"turns":3.0},{"damage":16.0,"enemies":"Gremlin Nob","floor":8.0,"turns":3.0},{"damage":12.0,"enemies":"3 Sentries","floor":11.0,"turns":6.0},{"damage":22.0,"enemies":"3 Sentries","floor":13.0,"turns":7.0},{"damage":16.0,"enemies":"Lots of Slimes","floor":14.0,"turns":4.0},{"damage":47.0,"enemies":"Slime Boss","floor":16.0,"turns":11.0},{"damage":8.0,"enemies":"2 Thieves","floor":18.0,"turns":3.0},{"damage":0.0,"enemies":"Colosseum Slavers","floor":21.0,"turns":3.0},{"damage":22.0,"enemies":"Colosseum Nobs","floor":21.0,"turns":5.0},{"damage":6.0,"enemies":"Shell Parasite","floor":24.0,"turns":4.0},{"damage":9.0,"enemies":"Snecko","floor":28.0,"turns":4.0},{"damage":16.0,"enemies":"Cultist and Chosen","floor":30.0,"turns":5.0},{"damage":58.0,"enemies":"Champ","floor":33.0,"turns":11.0},{"damage":1.0,"enemies":"3 Shapes","floor":35.0,"turns":6.0},{"damage":4.0,"enemies":"Orb Walker","floor":36.0,"turns":3.0},{"damage":58.0,"enemies":"Writhing Mass","floor":38.0,"turns":5.0},{"damage":6.0,"enemies":"Transient","floor":39.0,"turns":5.0},{"damage":20.0,"enemies":"Spire Growth","floor":42.0,"turns":5.0},{"damage":53.0,"enemies":"Giant Head","floor":45.0,"turns":8.0},{"damage":19,"enemies":"Writhing Mass","floor":48,"turns":5},{"damage":72,"enemies":"Awakened One","floor":50,"turns":8}],"seed_played":"4825420613818844294","potions_obtained":[{"floor":1.0,"key":"Poison Potion"},{"floor":3.0,"key":"Strength Potion"},{"floor":8.0,"key":"GamblersBrew"},{"floor":16.0,"key":"PowerPotion"},{"floor":18.0,"key":"Weak Potion"},{"floor":24.0,"key":"LiquidBronze"},{"floor":28.0,"key":"FearPotion"},{"floor":38.0,"key":"BloodPotion"},{"floor":42.0,"key":"Fire Potion"},{"floor":45.0,"key":"Fire Potion"},{"floor":48,"key":"Swift Potion"}],"is_trial":false,"path_per_floor":["M","?","M","$","M","M","M","R","E","T","R","?","?","E","M","R","B",null,"M","$","?","?","?","R","M","R","T","R","M","$","M","?","R","B",null,"M","M","?","M","M","R","?","M","T","R","E","R","?","M","R","B",null],"character_chosen":"IRONCLAD","items_purchased":["Rampage","Warcry","Omamori","Shrug It Off","Shrug It Off"],"campfire_rested":1,"item_purchase_floors":[4,4,19,19,29],"current_hp_per_floor":[80,80,79,79,74,69,69,59,59,59,53,73,57,47,47,31,68,66,66,66,56,56,56,56,56,56,56,55,55,47,47,47,20,68,79,85,85,37,49,49,86,76,76,76,33,33,33,24,49,12],"gold":250,"neow_bonus":"UPGRADE_CARD","is_prod":false,"is_daily":false,"chose_seed":false,"campfire_upgraded":10,"win_rate":0,"timestamp":1548105074,"path_taken":["M","?","M","$","M","M","R","E","T","R","?","?","E","M","R","BOSS","M","$","?","?","?","R","M","R","T","R","?","$","M","?","R","BOSS","M","M","?","?","M","R","?","?","T","R","E","R","?","M","R","BOSS"],"build_version":"2018-12-20","purchased_purges":1,"victory":true,"max_hp_per_floor":[80,80,80,80,80,80,80,80,80,80,80,80,80,80,80,80,80,80,80,80,80,80,80,80,80,80,80,82,82,84,84,84,84,84,86,86,86,86,86,86,86,86,86,86,86,86,86,86,86,86],"card_choices":[{"not_picked":["Infernal Blade","Feel No Pain"],"picked":"Clothesline","floor":1.0},{"not_picked":["Evolve","Perfected Strike"],"picked":"Cleave","floor":3.0},{"not_picked":["Sentinel","Twin Strike","Warcry"],"picked":"SKIP","floor":5.0},{"not_picked":["Clash","Whirlwind"],"picked":"Disarm","floor":6.0},{"not_picked":["Battle Trance","Infernal Blade"],"picked":"Pommel Strike","floor":8.0},{"not_picked":["Anger","Pommel Strike"],"picked":"Carnage","floor":11.0},{"not_picked":["True Grit","Heavy Blade"],"picked":"Double Tap","floor":13.0},{"not_picked":["Cleave","Clash"],"picked":"Body Slam","floor":14.0},{"not_picked":["Feed","Dark Embrace"],"picked":"Fiend Fire","floor":16.0},{"not_picked":["Body Slam","Clothesline"],"picked":"Power Through+1","floor":18.0},{"not_picked":["Body Slam","Battle Trance"],"picked":"Cleave+1","floor":21.0},{"not_picked":["Clothesline+1","Body Slam"],"picked":"True Grit+1","floor":24.0},{"not_picked":["Body Slam","Clothesline","Uppercut"],"picked":"Singing Bowl","floor":28.0},{"not_picked":["Feed","Armaments","Wild Strike"],"picked":"Singing Bowl","floor":30.0},{"not_picked":["Brutality","Reaper"],"picked":"Limit Break","floor":33.0},{"not_picked":["Body Slam","Cleave","Clothesline"],"picked":"Singing Bowl","floor":35.0},{"not_picked":["Armaments+1","Cleave+1"],"picked":"Shrug It Off","floor":36.0},{"not_picked":["Pommel Strike+1","Whirlwind"],"picked":"Clash+1","floor":38.0},{"not_picked":["Anger","Evolve+1"],"picked":"Headbutt","floor":39.0},{"not_picked":["Clash","Rupture"],"picked":"Shrug It Off+1","floor":42.0},{"not_picked":["Heavy Blade+1","Reckless Charge+1"],"picked":"Demon Form","floor":45.0},{"not_picked":["Rampage","Wild Strike"],"picked":"Seeing Red+1","floor":48},{"not_picked":["Thunderclap+1","Rupture+1"],"picked":"True Grit+1","floor":49}],"player_experience":82400,"relics_obtained":[{"floor":8.0,"key":"Orichalcum"},{"floor":9.0,"key":"Anchor"},{"floor":11.0,"key":"Pantograph"},{"floor":13.0,"key":"Whetstone"},{"floor":21.0,"key":"Gambling Chip"},{"floor":21.0,"key":"Sundial"},{"floor":26.0,"key":"Singing Bowl"},{"floor":43.0,"key":"Mercury Hourglass"},{"floor":45.0,"key":"Dream Catcher"}],"event_choices":[{"damage_healed":0.0,"max_hp_gain":0.0,"max_hp_loss":0.0,"gold_gain":0.0,"event_name":"Living Wall","player_choice":"Grow","floor":2.0,"gold_loss":0.0,"damage_taken":0.0,"cards_upgraded":["Clothesline"]},{"damage_healed":0.0,"max_hp_gain":0.0,"max_hp_loss":0.0,"gold_gain":0.0,"event_name":"Dead Adventurer","player_choice":"Searched \u00271\u0027 times","floor":11.0,"gold_loss":0.0,"damage_taken":0.0},{"damage_healed":20.0,"max_hp_gain":0.0,"max_hp_loss":0.0,"gold_gain":0.0,"event_name":"The Cleric","player_choice":"Healed","floor":12.0,"gold_loss":35.0,"damage_taken":0.0},{"damage_healed":0.0,"max_hp_gain":0.0,"max_hp_loss":0.0,"gold_gain":0.0,"event_name":"Forgotten Altar","player_choice":"Smashed Altar","floor":20.0,"gold_loss":0.0,"damage_taken":0.0,"cards_obtained":["Decay"]},{"damage_healed":0.0,"max_hp_gain":0.0,"max_hp_loss":0.0,"gold_gain":0.0,"event_name":"Colosseum","player_choice":"Fight","floor":21.0,"gold_loss":0.0,"damage_taken":0.0},{"damage_healed":0.0,"max_hp_gain":0.0,"max_hp_loss":0.0,"gold_gain":0.0,"event_name":"Colosseum","player_choice":"Fought Nobs","floor":21.0,"gold_loss":0.0,"damage_taken":0.0},{"damage_healed":0.0,"max_hp_gain":0.0,"max_hp_loss":0.0,"gold_gain":0.0,"cards_transformed":["Strike_R","Strike_R"],"event_name":"Drug Dealer","player_choice":"Became Test Subject","floor":22.0,"gold_loss":0.0,"damage_taken":0.0,"cards_obtained":["Reckless Charge","Corruption"]},{"damage_healed":0.0,"max_hp_gain":0.0,"max_hp_loss":0.0,"gold_gain":0.0,"event_name":"The Mausoleum","player_choice":"Opened","floor":31.0,"gold_loss":0.0,"damage_taken":0.0,"relics_obtained":["Shuriken"]},{"damage_healed":0.0,"max_hp_gain":0.0,"max_hp_loss":0.0,"gold_gain":0.0,"event_name":"Designer","player_choice":"Upgrade","floor":37.0,"gold_loss":40.0,"damage_taken":0.0,"cards_upgraded":["Limit Break"]},{"damage_healed":37.0,"max_hp_gain":0.0,"max_hp_loss":0.0,"gold_gain":0.0,"event_name":"Wheel of Change","player_choice":"Full Heal","floor":41.0,"gold_loss":0.0,"damage_taken":0.0},{"cards_removed":["Defend_R"],"damage_healed":0.0,"max_hp_gain":0.0,"max_hp_loss":0.0,"gold_gain":0.0,"event_name":"Falling","player_choice":"Removed Skill","floor":47.0,"gold_loss":0.0,"damage_taken":0.0}],"is_beta":false,"boss_relics":[{"not_picked":["Calling Bell","Philosopher\u0027s Stone"],"picked":"Velvet Choker"},{"not_picked":["Snecko Eye","Fusion Hammer"],"picked":"Black Blood"}],"items_purged_floors":[29],"is_endless":false,"potions_floor_spawned":[1,3,8,16,18,24,28,30,38,42,45,48],"ascension_level":5}