{"gold_per_floor":[15,15,165,440,322,322,338,351,423,439,439],"floor_reached":11,"playtime":327,"items_purged":["Regret"],"score":117,"play_id":"239ecc36-c1f1-4bce-a9a6-bc44ce1a76a2","local_time":"20190111202742","is_ascension_mode":true,"campfire_choices":[{"data":"Zap","floor":6,"key":"SMITH"}],"neow_cost":"NO_GOLD","seed_source_timestamp":42679412174477,"circlet_count":0,"master_deck":["AscendersBane","Strike_B+1","Strike_B","Strike_B","Strike_B","Defend_B","Defend_B+1","Defend_B","Defend_B","Zap+1","Dualcast","Doubt","Capacitor","Steam","Echo Form"],"relics":["Cracked Core","Bottled Tornado"],"potions_floor_usage":[],"damage_taken":[{"damage":16,"enemies":"Jaw Worm","floor":1,"turns":4},{"damage":1,"enemies":"2 Louse","floor":7,"turns":3},{"damage":0,"enemies":"Cultist","floor":8,"turns":4},{"damage":13,"enemies":"3 Louse","floor":10,"turns":3},{"damage":26,"enemies":"Gremlin Nob","floor":11,"turns":3}],"seed_played":"-8372970666373512894","potions_obtained":[{"floor":1,"key":"SmokeBomb"},{"floor":8,"key":"Dexterity Potion"}],"is_trial":false,"path_per_floor":["M","?","?","?","$","R","M","M","T","M","E"],"character_chosen":"DEFECT","items_purchased":["Capacitor"],"campfire_rested":0,"item_purchase_floors":[5],"current_hp_per_floor":[62,36,36,36,36,36,35,35,35,22,0],"gold":439,"neow_bonus":"TWENTY_PERCENT_HP_BONUS","is_prod":false,"is_daily":false,"chose_seed":false,"campfire_upgraded":1,"win_rate":0,"timestamp":1547267262,"path_taken":["M","?","?","?","$","R","M","?","T","M","E"],"build_version":"2019-01-10","purchased_purges":1,"victory":false,"max_hp_per_floor":[85,85,85,85,85,85,85,85,85,85,85],"card_choices":[{"not_picked":["Fusion","Barrage","Doom and Gloom"],"picked":"SKIP","floor":1},{"not_picked":["Compile Driver","Sweeping Beam"],"picked":"Steam","floor":7},{"not_picked":["Streamline","Steam","Turbo"],"picked":"SKIP","floor":8},{"not_picked":["Beam Cell","Ball Lightning"],"picked":"Echo Form","floor":10}],"player_experience":1109475,"relics_obtained":[{"floor":9,"key":"Bottled Tornado"}],"event_choices":[{"damage_healed":0,"gold_gain":0,"player_choice":"Entered Light","damage_taken":26,"max_hp_gain":0,"max_hp_loss":0,"event_name":"Shining Light","floor":2,"gold_loss":0,"cards_upgraded":["Strike_B","Defend_B"]},{"damage_healed":0,"gold_gain":150,"player_choice":"AGREE","damage_taken":0,"max_hp_gain":0,"max_hp_loss":0,"event_name":"Liars Game","floor":3,"gold_loss":0,"cards_obtained":["Doubt"]},{"damage_healed":0,"gold_gain":275,"player_choice":"Desecrate","damage_taken":0,"max_hp_gain":0,"max_hp_loss":0,"event_name":"Golden Shrine","floor":4,"gold_loss":0,"cards_obtained":["Regret"]}],"is_beta":false,"boss_relics":[],"items_purged_floors":[5],"is_endless":false,"potions_floor_spawned":[1,8],"killed_by":"Gremlin Nob","ascension_level":17}