{"gold_per_floor":[114,114,64,76,76,76,109,109,109,121,148,182,107,10,10,105,105,118,33,108,118,18,49,49,62,86,114,132,132,132,23,23,125,125,140,157,32,32,49,49,62,82,164,11,11,361,373,373,373,373],"floor_reached":51,"playtime":2740,"items_purged":["Strike_B","Strike_B","Strike_B"],"score":1077,"play_id":"ca1d3413-ca56-4bf3-8c31-acf55b6dee6b","local_time":"20180813185514","is_ascension_mode":true,"campfire_choices":[{"data":"Dualcast","floor":6,"key":"SMITH"},{"data":"Conserve Battery","floor":8,"key":"SMITH"},{"data":"Defragment","floor":15,"key":"SMITH"},{"data":"Conserve Battery","floor":24,"key":"SMITH"},{"data":"Buffer","floor":29,"key":"SMITH"},{"data":"Storm","floor":32,"key":"SMITH"},{"data":"Thunder Strike","floor":40,"key":"SMITH"},{"floor":49,"key":"REST"}],"neow_cost":"NONE","seed_source_timestamp":10566225503946,"circlet_count":0,"master_deck":["Defend_B","Defend_B","Zap+1","Dualcast+1","Ball Lightning","Conserve Battery+1","Tempest+1","Cold Snap","BootSequence","Defragment+1","Conserve Battery+1","Electrodynamics","Ball Lightning","Buffer+1","Storm+1","Storm+1","Core Surge","Tempest","Hologram","Thunder Strike+1","Reinforced Body","Echo Form"],"relics":["Cracked Core","War Paint","Gremlin Horn","Art of War","DataDisk","Runic Dome","Oddly Smooth Stone","Torii","Centennial Puzzle","Emotion Chip","Orrery","Kunai","Old Coin"],"potions_floor_usage":[7,25,33,33,46,50,50,50],"damage_taken":[{"damage":0,"enemies":"Small Slimes","floor":1,"turns":3},{"damage":0,"enemies":"Cultist","floor":4,"turns":3},{"damage":25,"enemies":"Gremlin Nob","floor":7,"turns":4},{"damage":2,"enemies":"Jaw Worm","floor":10,"turns":2},{"damage":15,"enemies":"3 Sentries","floor":12,"turns":6},{"damage":4,"enemies":"Slime Boss","floor":16,"turns":6},{"damage":0,"enemies":"Chosen","floor":18,"turns":3},{"damage":0,"enemies":"Spheric Guardian","floor":21,"turns":3},{"damage":6,"enemies":"Slavers","floor":23,"turns":2},{"damage":0,"enemies":"Centurion and Healer","floor":25,"turns":2},{"damage":2,"enemies":"Gremlin Leader","floor":27,"turns":3},{"damage":0,"enemies":"Cultist and Chosen","floor":28,"turns":3},{"damage":0,"enemies":"Collector","floor":33,"turns":5},{"damage":1,"enemies":"Orb Walker","floor":35,"turns":2},{"damage":12,"enemies":"3 Darklings","floor":36,"turns":3},{"damage":0,"enemies":"Sphere and 2 Shapes","floor":39,"turns":3},{"damage":20,"enemies":"Maw","floor":41,"turns":4},{"damage":13,"enemies":"3 Darklings","floor":42,"turns":3},{"damage":0,"floor":45,"turns":6},{"damage":0,"floor":46,"turns":3},{"damage":11,"enemies":"4 Shapes","floor":47,"turns":3},{"damage":33,"enemies":"Time Eater","floor":50,"turns":6}],"seed_played":"595105812460194537","potions_obtained":[{"floor":4,"key":"Poison Potion"},{"floor":10,"key":"Energy Potion"},{"floor":16,"key":"SteroidPotion"},{"floor":21,"key":"EssenceOfSteel"},{"floor":27,"key":"SpeedPotion"},{"floor":39,"key":"AttackPotion"},{"floor":45,"key":"PowerPotion"},{"floor":46,"key":"LiquidBronze"}],"is_trial":false,"path_per_floor":["M","?","?","M","?","R","E","R","T","M","T","E","$","$","R","B",null,"M","?","?","M","$","E","R","M","T","E","M","R","?","$","R","B",null,"M","M","$","?","M","R","M","M","T","$","?","?","M","?","R","B"],"character_chosen":"DEFECT","items_purchased":["Defragment","Conserve Battery","Storm","EssenceOfSteel","Reinforced Body","FocusPotion"],"campfire_rested":1,"item_purchase_floors":[13,14,31,31,44,44],"current_hp_per_floor":[68,68,68,68,73,73,48,48,48,46,46,31,31,31,31,27,67,67,67,59,59,59,53,53,53,53,51,51,51,51,51,51,51,73,72,60,60,60,60,60,40,27,27,27,27,27,16,16,40,7],"gold":373,"neow_bonus":"UPGRADE_CARD","is_prod":false,"is_daily":false,"chose_seed":false,"campfire_upgraded":7,"win_rate":0,"timestamp":1534204514,"path_taken":["M","?","?","?","?","R","E","R","T","?","?","E","?","$","R","BOSS","M","?","?","M","$","E","R","M","T","E","?","R","?","$","R","BOSS","M","M","$","?","?","R","M","M","T","$","?","?","?","?","R","BOSS"],"build_version":"2018-08-09","purchased_purges":3,"victory":true,"max_hp_per_floor":[75,75,75,75,80,80,80,80,80,80,80,80,80,80,80,80,80,80,80,80,80,80,80,80,80,80,80,80,80,80,80,80,80,80,80,80,80,80,80,80,80,80,80,80,80,80,80,80,80,80],"card_choices":[{"not_picked":["Barrage","Turbo"],"picked":"Ball Lightning","floor":1},{"not_picked":["Turbo","Self Repair","Beam Cell"],"picked":"SKIP","floor":4},{"not_picked":["Scrape","BootSequence"],"picked":"Tempest","floor":7},{"not_picked":["Steam Power","Go for the Eyes"],"picked":"Cold Snap","floor":10},{"not_picked":["Fusion","Steam"],"picked":"BootSequence","floor":12},{"not_picked":["Buffer","Seek"],"picked":"Electrodynamics","floor":16},{"not_picked":["Steam","Lockon","Rebound"],"picked":"SKIP","floor":18},{"not_picked":["Genetic Algorithm","Steam","Lockon+1"],"picked":"SKIP","floor":21},{"not_picked":["Steam","Scrape","Coolheaded"],"picked":"SKIP","floor":23},{"not_picked":["Steam","Scrape","Coolheaded"],"picked":"SKIP","floor":23},{"not_picked":["Hologram","Fusion"],"picked":"Ball Lightning","floor":25},{"not_picked":["Leap+1","Streamline"],"picked":"Buffer","floor":27},{"not_picked":["Tempest","Aggregate"],"picked":"Storm+1","floor":28},{"not_picked":["Multi-Cast","Meteor Strike"],"picked":"Core Surge","floor":33},{"not_picked":["Streamline+1","Leap"],"picked":"Tempest","floor":34},{"not_picked":["Redo+1","Recycle"],"picked":"Hologram","floor":34},{"not_picked":["Streamline+1","Double Energy+1"],"picked":"Thunder Strike","floor":35},{"not_picked":["Beam Cell+1","Redo","Fusion"],"picked":"SKIP","floor":36},{"not_picked":["Rip and Tear","Cold Snap","Hologram+1"],"picked":"SKIP","floor":39},{"not_picked":["Hologram+1","Beam Cell+1","Barrage"],"picked":"SKIP","floor":41},{"not_picked":["Turbo","Ball Lightning+1","Gash"],"picked":"SKIP","floor":42},{"not_picked":["Turbo","Ball Lightning+1","Gash"],"picked":"SKIP","floor":42},{"not_picked":["Leap","Stack+1"],"picked":"Echo Form","floor":47}],"player_experience":339960,"relics_obtained":[{"floor":7,"key":"War Paint"},{"floor":9,"key":"Gremlin Horn"},{"floor":11,"key":"Art of War"},{"floor":12,"key":"DataDisk"},{"floor":23,"key":"Torii"},{"floor":26,"key":"Centennial Puzzle"},{"floor":27,"key":"Emotion Chip"},{"floor":43,"key":"Kunai"},{"floor":46,"key":"Old Coin"}],"event_choices":[{"event_name":"Transmorgrifier","player_choice":"Transform","floor":2,"damage_taken":0},{"event_name":"The Cleric","player_choice":"Card Removal","floor":3,"damage_taken":0},{"event_name":"Big Fish","player_choice":"Donut","floor":5,"damage_taken":0},{"event_name":"Addict","player_choice":"Obtained Relic","floor":19,"damage_taken":0},{"event_name":"FaceTrader","player_choice":"Touch","floor":20,"damage_taken":0},{"event_name":"Drug Dealer","player_choice":"Ignored","floor":30,"damage_taken":0},{"event_name":"Falling","player_choice":"Removed Skill","floor":38,"damage_taken":0},{"event_name":"MindBloom","player_choice":"Fight","floor":45,"damage_taken":0},{"event_name":"Mysterious Sphere","player_choice":"Fight","floor":46,"damage_taken":0},{"event_name":"SensoryStone","player_choice":"Memory 1","floor":48,"damage_taken":0}],"is_beta":false,"boss_relics":[{"not_picked":["Inserter","Ectoplasm"],"picked":"Runic Dome"},{"not_picked":["Pandora\u0027s Box","Eternal Feather"],"picked":"Orrery"}],"items_purged_floors":[14,22,37],"is_endless":false,"potions_floor_spawned":[4,10,16,21,27,28,39,45,46],"ascension_level":9}