{"path_per_floor":["M","?","?","?","$","R","?","R","T","R","$","E","M","M","R"],"character_chosen":"THE_SILENT","items_purchased":["Oddly Smooth Stone"],"gold_per_floor":[114,114,289,289,61,61,61,61,115,115,15,46,59,77,77,77],"floor_reached":16,"campfire_rested":1,"playtime":2926,"item_purchase_floors":[5],"current_hp_per_floor":[63,63,63,63,63,63,46,46,46,46,46,20,20,20,56,0],"items_purged":["Regret","Doubt"],"gold":77,"score":149,"play_id":"39c11ffc-11fa-4d31-b290-6da9f0f88913","local_time":"20180525192457","is_prod":false,"is_daily":false,"chose_seed":false,"is_ascension_mode":true,"campfire_upgraded":3,"win_rate":0,"timestamp":1527301497,"campfire_choices":[{"data":"Neutralize","floor":6,"key":"SMITH"},{"data":"Dagger Spray","floor":8,"key":"SMITH"},{"data":"Survivor","floor":10,"key":"SMITH"},{"floor":15,"key":"REST"}],"path_taken":["M","?","?","?","$","R","?","R","T","R","?","E","M","M","R","BOSS"],"build_version":"2018-05-24","seed_source_timestamp":671813977830884,"purchased_purges":2,"victory":false,"master_deck":["Defend_G","Defend_G","Defend_G","Defend_G","Defend_G","Strike_G","Strike_G","Survivor+1","Neutralize+1","AscendersBane","Doubt","Dagger Spray+1","Backstab","Backstab","Acrobatics","Malaise","Footwork"],"max_hp_per_floor":[70,70,70,70,70,70,70,70,70,70,70,70,70,70,70,74],"relics":["Ring of the Snake","Blue Candle","Oddly Smooth Stone","Golden Idol","Orichalcum","Regal Pillow"],"card_choices":[{"not_picked":["Bouncing Flask","Flying Knee"],"picked":"Backstab","floor":1},{"not_picked":["Flying Knee","Backstab"],"picked":"Malaise","floor":12},{"not_picked":["All Out Attack","Dagger Spray"],"picked":"Footwork","floor":13},{"not_picked":["Dodge and Roll","Backflip","Doppelganger"],"picked":"SKIP","floor":14}],"player_experience":499952,"potions_floor_usage":[16],"damage_taken":[{"damage":0,"enemies":"Jaw Worm","floor":1,"turns":4},{"damage":26,"enemies":"Gremlin Nob","floor":12,"turns":6},{"damage":0,"enemies":"Small Slimes","floor":13,"turns":2},{"damage":0,"enemies":"Cultist","floor":14,"turns":4},{"damage":60,"enemies":"Slime Boss","floor":16,"turns":17}],"relics_obtained":[{"floor":9,"key":"Orichalcum"},{"floor":12,"key":"Regal Pillow"}],"event_choices":[{"event_name":"Living Wall","player_choice":"Change","floor":2,"damage_taken":0},{"event_name":"Liars Game","player_choice":"agreed","floor":3,"damage_taken":0},{"event_name":"Big Fish","player_choice":"Box","floor":4,"damage_taken":0},{"event_name":"Golden Idol","player_choice":"Take Damage","floor":7,"damage_taken":0}],"boss_relics":[],"items_purged_floors":[5,11],"potions_floor_spawned":[13],"seed_played":"4562404658258605989","killed_by":"Slime Boss","ascension_level":11,"potions_obtained":[{"floor":13,"key":"Fruit Juice"}],"is_trial":false}