{"gold_per_floor":[114,114,129,144,144,174,174,174,174,174,204,219,249,264,264,364,364,379,394,144,144,144,174,174,204,254,284,134,59,74,104,104,204,204,219,219,234,249,264,294,294,336,373,415,96,126,126,126,126,126],"floor_reached":51,"playtime":3212,"items_purged":[],"score":1284,"play_id":"38cd139b-0cb8-4794-bf81-b5535182d4db","local_time":"20180807032829","daily_mods":["Insanity","Elite Swarm","Hoarder"],"is_ascension_mode":false,"campfire_choices":[{"floor":7,"key":"DIG"},{"floor":10,"key":"DIG"},{"floor":15,"key":"DIG"},{"floor":24,"key":"REST"},{"floor":32,"key":"REST"},{"floor":41,"key":"DIG"},{"floor":49,"key":"DIG"}],"neow_cost":"","seed_source_timestamp":0,"circlet_count":0,"master_deck":["Flame Barrier","Blood for Blood","Battle Trance","Seeing Red","Limit Break","Sword Boomerang","Headbutt","Sentinel","Limit Break","Heavy Blade","Offering","Entrench","Barricade","Juggernaut","Cleave","Barricade","Carnage","Infernal Blade","Dark Embrace","Carnage","Pummel","Rage","Wild Strike","Disarm","Seeing Red","Anger","Carnage","Pommel Strike","Headbutt","Reaper","Double Tap","Ghostly Armor","Infernal Blade","Infernal Blade+1","True Grit","Dark Embrace","Barricade","Thunderclap","Limit Break","Evolve","Feel No Pain","Exhume","Offering+1","True Grit","Rampage","Barricade","Bash","Rupture","Inflame","Inflame","Inflame","Fiend Fire","Fiend Fire","Fiend Fire","Impervious","Impervious","Impervious","Shrug It Off","Shrug It Off","Shrug It Off","Demon Form","Demon Form","Demon Form","Ghostly Armor","Ghostly Armor","Ghostly Armor","Feed","Feed","Feed","Bludgeon","Bludgeon","Bludgeon","Metallicize+1","Metallicize+1","Metallicize+1","Body Slam+1","Body Slam+1","Body Slam+1","Impervious","Impervious","Impervious","Reaper+1","Reaper+1","Reaper+1","Armaments+1","Armaments+1","Armaments+1","Heavy Blade+1","Heavy Blade+1","Heavy Blade+1","Body Slam+1","Body Slam+1","Body Slam+1","True Grit+1","True Grit+1","True Grit+1","Impervious","Impervious","Impervious","Juggernaut","Juggernaut","Juggernaut","Exhume","Exhume","Exhume","Apotheosis","Apotheosis","Apotheosis","Ghostly Armor","Ghostly Armor","Ghostly Armor"],"special_seed":17750,"relics":["Burning Blood","Omamori","Shovel","War Paint","Meat on the Bone","Ancient Tea Set","Paper Frog","Ice Cream","Vajra","Philosopher\u0027s Stone","Bottled Lightning","Centennial Puzzle","Prayer Wheel","Bag of Preparation","Bronze Scales","Molten Egg 2","Pen Nib","StoneCalendar","Fusion Hammer","Regal Pillow","MawBank","Matryoshka","Orichalcum","Strawberry","Thread and Needle","Happy Flower","Boot","Juzu Bracelet"],"potions_floor_usage":[11,23,23,23,33,40,50],"damage_taken":[{"damage":8,"enemies":"Cultist","floor":1,"turns":4},{"damage":0,"enemies":"2 Louse","floor":3,"turns":4},{"damage":12,"enemies":"Small Slimes","floor":4,"turns":4},{"damage":28,"enemies":"Gremlin Nob","floor":6,"turns":4},{"damage":22,"enemies":"Lagavulin","floor":11,"turns":5},{"damage":14,"enemies":"Exordium Wildlife","floor":12,"turns":3},{"damage":5,"enemies":"Gremlin Nob","floor":13,"turns":3},{"damage":10,"enemies":"Looter","floor":14,"turns":2},{"damage":22,"enemies":"Slime Boss","floor":16,"turns":7},{"damage":3,"enemies":"Spheric Guardian","floor":18,"turns":4},{"damage":2,"enemies":"Chosen","floor":19,"turns":3},{"damage":53,"enemies":"Slavers","floor":23,"turns":5},{"damage":37,"enemies":"Book of Stabbing","floor":25,"turns":5},{"damage":51,"enemies":"Slavers","floor":27,"turns":4},{"damage":15,"enemies":"Slaver and Parasite","floor":30,"turns":3},{"damage":24,"enemies":"Book of Stabbing","floor":31,"turns":4},{"damage":25,"enemies":"Champ","floor":33,"turns":7},{"damage":0,"enemies":"Orb Walker","floor":35,"turns":3},{"damage":43,"enemies":"3 Darklings","floor":37,"turns":6},{"damage":11,"enemies":"Flame Bruiser 2 Orb","floor":38,"turns":5},{"damage":26,"enemies":"Sphere and 2 Shapes","floor":39,"turns":6},{"damage":33,"enemies":"Nemesis","floor":40,"turns":7},{"damage":10,"enemies":"Giant Head","floor":42,"turns":3},{"damage":11,"enemies":"2 Orb Walkers","floor":44,"turns":4},{"damage":0,"enemies":"Nemesis","floor":46,"turns":7},{"damage":29,"enemies":"Time Eater","floor":50,"turns":6}],"seed_played":"581998401352651869","potions_obtained":[{"floor":4,"key":"Weak Potion"},{"floor":6,"key":"LiquidBronze"},{"floor":11,"key":"SkillPotion"},{"floor":12,"key":"Ancient Potion"},{"floor":25,"key":"Dexterity Potion"},{"floor":30,"key":"FairyPotion"},{"floor":33,"key":"LiquidBronze"},{"floor":37,"key":"FearPotion"},{"floor":38,"key":"SkillPotion"},{"floor":46,"key":"Fire Potion"}],"is_trial":false,"path_per_floor":["M","?","M","M","?","E","R","?","T","R","E","M","E","M","R","B",null,"M","M","$","?","?","E","R","E","T","E","$","?","M","E","R","B",null,"M","$","M","M","M","E","R","E","T","E","$","E","?","?","R","B"],"character_chosen":"IRONCLAD","items_purchased":["Bottled Lightning","Pen Nib","Apotheosis","Happy Flower"],"campfire_rested":2,"item_purchase_floors":[20,28,45,45],"current_hp_per_floor":[78,78,80,74,71,52,52,78,78,78,62,54,55,51,51,58,80,80,80,80,80,71,36,60,41,41,23,23,23,29,23,47,45,83,83,83,86,81,78,69,69,65,72,89,89,96,96,96,96,96],"gold":126,"neow_bonus":"","is_prod":false,"is_daily":true,"chose_seed":false,"campfire_upgraded":0,"win_rate":0,"timestamp":1533605309,"path_taken":["M","?","M","M","?","E","R","?","T","R","E","M","E","M","R","BOSS","M","M","$","?","?","E","R","E","T","E","$","?","?","E","R","BOSS","M","$","M","M","M","E","R","E","T","E","$","E","?","?","R","BOSS"],"build_version":"2018-08-02","purchased_purges":0,"victory":true,"max_hp_per_floor":[80,80,80,80,80,80,80,80,80,80,80,80,80,80,80,80,80,80,80,80,80,80,80,80,80,80,80,80,80,83,83,83,83,83,83,83,86,86,86,89,89,89,96,96,96,96,96,96,96,96],"card_choices":[{"not_picked":["Twin Strike","Wild Strike","Pummel"],"picked":"SKIP","floor":1},{"not_picked":["Cleave","Feel No Pain","Clash"],"picked":"SKIP","floor":3},{"not_picked":["Rampage","Rupture"],"picked":"Inflame","floor":4},{"not_picked":["Impervious","Exhume"],"picked":"Fiend Fire","floor":6},{"not_picked":["Barricade","Immolate"],"picked":"Impervious","floor":11},{"not_picked":["Sever Soul","Pommel Strike"],"picked":"Shrug It Off","floor":12},{"not_picked":["Feed","Offering"],"picked":"Demon Form","floor":13},{"not_picked":["Flex","Dropkick","Corruption"],"picked":"SKIP","floor":14},{"not_picked":["Twin Strike","Rampage","Sword Boomerang+1"],"picked":"SKIP","floor":18},{"not_picked":["Infernal Blade","Pommel Strike"],"picked":"Ghostly Armor","floor":19},{"not_picked":["Dark Embrace","Barricade"],"picked":"Feed","floor":23},{"not_picked":["Brutality","Fiend Fire"],"picked":"Bludgeon","floor":25},{"not_picked":["Limit Break","Brutality","Fiend Fire"],"picked":"SKIP","floor":27},{"not_picked":["Carnage+1","Iron Wave+1"],"picked":"Metallicize+1","floor":30},{"not_picked":["Twin Strike+1","Rage+1"],"picked":"Body Slam+1","floor":30},{"not_picked":["Berserk","Limit Break"],"picked":"Impervious","floor":31},{"not_picked":["Immolate+1","Brutality"],"picked":"Reaper+1","floor":33},{"not_picked":["Twin Strike+1","Searing Blow+1","Thunderclap+1"],"picked":"SKIP","floor":35},{"not_picked":["Ghostly Armor+1","Power Through+1","Thunderclap+1"],"picked":"SKIP","floor":35},{"not_picked":["Body Slam+1","Shrug It Off+1"],"picked":"Armaments+1","floor":37},{"not_picked":["Warcry+1","Thunderclap+1","Armaments"],"picked":"SKIP","floor":37},{"not_picked":["Sentinel","Iron Wave+1"],"picked":"Heavy Blade+1","floor":38},{"not_picked":["Perfected Strike+1","Evolve+1"],"picked":"Body Slam+1","floor":38},{"not_picked":["Warcry","Clothesline+1"],"picked":"True Grit+1","floor":39},{"not_picked":["Clothesline+1","Ghostly Armor+1","Seeing Red+1"],"picked":"SKIP","floor":39},{"not_picked":["Barricade","Feed+1"],"picked":"Impervious","floor":40},{"not_picked":["Brutality","Fiend Fire+1"],"picked":"Juggernaut","floor":42},{"not_picked":["Immolate+1","Limit Break"],"picked":"Exhume","floor":44},{"not_picked":["Immolate+1","Fiend Fire+1","Offering"],"picked":"SKIP","floor":46}],"player_experience":91485,"relics_obtained":[{"floor":6,"key":"Shovel"},{"floor":7,"key":"War Paint"},{"floor":9,"key":"Meat on the Bone"},{"floor":10,"key":"Ancient Tea Set"},{"floor":11,"key":"Paper Frog"},{"floor":13,"key":"Ice Cream"},{"floor":15,"key":"Vajra"},{"floor":23,"key":"Prayer Wheel"},{"floor":25,"key":"Bag of Preparation"},{"floor":26,"key":"Bronze Scales"},{"floor":27,"key":"Molten Egg 2"},{"floor":31,"key":"StoneCalendar"},{"floor":40,"key":"Regal Pillow"},{"floor":41,"key":"MawBank"},{"floor":42,"key":"Matryoshka"},{"floor":43,"key":"Orichalcum"},{"floor":43,"key":"Strawberry"},{"floor":44,"key":"Thread and Needle"},{"floor":46,"key":"Boot"},{"floor":49,"key":"Juzu Bracelet"}],"event_choices":[{"event_name":"Liars Game","player_choice":"disagreed","floor":2,"damage_taken":0},{"event_name":"Scrap Ooze","player_choice":"success","floor":5,"damage_taken":3},{"event_name":"Big Fish","player_choice":"Banana","floor":8,"damage_taken":0},{"event_name":"The Mausoleum","player_choice":"Yes","floor":21,"damage_taken":0},{"event_name":"Cursed Tome","player_choice":"Stopped","floor":22,"damage_taken":0},{"event_name":"Beggar","player_choice":"Gave Gold","floor":29,"damage_taken":0},{"event_name":"The Lab","player_choice":"Got Potions","floor":47,"damage_taken":0},{"event_name":"Transmorgrifier","player_choice":"Transform","floor":48,"damage_taken":0}],"is_beta":false,"boss_relics":[{"not_picked":["Pandora\u0027s Box","Calling Bell"],"picked":"Philosopher\u0027s Stone"},{"not_picked":["White Beast Statue","Coffee Dripper"],"picked":"Fusion Hammer"}],"items_purged_floors":[],"is_endless":false,"potions_floor_spawned":[4,6,11,12,14,19,25,30,33,37,38,46],"ascension_level":0}