{"gold_per_floor":[114,114,114,133,133,133,168,168,194,229,229,240,255,29,29,130,130,148,164,138,158,158,158,158,175,175,192,210,210,220,135,135,135],"floor_reached":33,"playtime":2613,"items_purged":["Strike_R"],"score":257,"play_id":"c89e3f2d-50b2-49a3-b3cd-16a127e01dbb","local_time":"20181227212304","is_ascension_mode":false,"campfire_choices":[{"data":"Seeing Red","floor":6,"key":"SMITH"},{"data":"True Grit","floor":8,"key":"SMITH"},{"floor":11,"key":"REST"},{"data":"Shrug It Off","floor":15,"key":"SMITH"},{"data":"Fiend Fire","floor":23,"key":"SMITH"},{"floor":29,"key":"REST"},{"floor":32,"key":"REST"}],"neow_cost":"NONE","seed_source_timestamp":2176780851032546,"circlet_count":0,"master_deck":["Strike_R","Strike_R","Strike_R","Defend_R","Defend_R","Defend_R","Defend_R","Bash+1","Headbutt","Seeing Red+1","True Grit+1","Inflame","Twin Strike","Pommel Strike","Shrug It Off+1","Fiend Fire+1","Clothesline+1","Sword Boomerang","Flex","Pommel Strike+1","Decay","Shrug It Off+1","Armaments"],"relics":["Burning Blood","Ancient Tea Set","Dream Catcher","Pen Nib","Velvet Choker","Mummified Hand","Bag of Marbles"],"potions_floor_usage":[16,16,21,33,33],"damage_taken":[{"damage":27,"enemies":"Small Slimes","floor":1,"turns":4},{"damage":2,"enemies":"2 Louse","floor":4,"turns":3},{"damage":33,"enemies":"3 Sentries","floor":7,"turns":12},{"damage":27,"enemies":"Gremlin Nob","floor":10,"turns":4},{"damage":1,"enemies":"Jaw Worm","floor":12,"turns":3},{"damage":10,"enemies":"3 Louse","floor":13,"turns":5},{"damage":37,"enemies":"The Guardian","floor":16,"turns":11},{"damage":16,"enemies":"3 Byrds","floor":18,"turns":6},{"damage":10,"enemies":"Shell Parasite","floor":19,"turns":5},{"damage":31,"enemies":"Snake Plant","floor":21,"turns":4},{"damage":8,"enemies":"Snecko","floor":25,"turns":3},{"damage":38,"enemies":"Shelled Parasite and Fungi","floor":27,"turns":5},{"damage":15,"enemies":"3 Cultists","floor":28,"turns":6},{"damage":18,"enemies":"Snake Plant","floor":30,"turns":2},{"damage":56,"enemies":"Champ","floor":33,"turns":10}],"seed_played":"-3394369198619164921","potions_obtained":[{"floor":1,"key":"Energy Potion"},{"floor":7,"key":"Block Potion"},{"floor":12,"key":"SkillPotion"},{"floor":13,"key":"Regen Potion"},{"floor":19,"key":"Strength Potion"},{"floor":27,"key":"Swift Potion"},{"floor":28,"key":"EssenceOfSteel"}],"is_trial":false,"path_per_floor":["M","?","?","M","?","R","E","R","T","E","R","M","M","$","R","B",null,"M","M","$","M","?","R","?","M","T","M","M","R","M","?","R","B"],"character_chosen":"IRONCLAD","items_purchased":["Twin Strike","Pommel Strike","Shrug It Off","Flex"],"campfire_rested":3,"item_purchase_floors":[14,14,14,20],"current_hp_per_floor":[67,60,60,64,64,64,37,37,37,16,42,47,43,43,43,12,88,78,74,74,58,58,58,58,56,56,24,15,41,29,29,55,0],"gold":135,"neow_bonus":"TEN_PERCENT_HP_BONUS","is_prod":false,"is_daily":false,"chose_seed":false,"campfire_upgraded":4,"win_rate":0.0,"timestamp":1545942184,"path_taken":["M","?","?","M","?","R","E","R","T","E","R","M","?","$","R","BOSS","M","M","$","M","?","R","?","M","T","?","M","R","M","?","R","BOSS"],"build_version":"2018-12-20","purchased_purges":1,"victory":false,"max_hp_per_floor":[88,88,88,88,88,88,88,88,88,88,88,88,88,88,88,88,88,88,88,88,88,88,88,88,88,88,88,88,88,88,88,88,88],"card_choices":[{"not_picked":["Corruption","Seeing Red"],"picked":"Headbutt","floor":1},{"not_picked":["Disarm","Entrench"],"picked":"Seeing Red","floor":4},{"not_picked":["Flex","Battle Trance"],"picked":"True Grit","floor":7},{"not_picked":["Flex","Dark Embrace"],"picked":"Inflame","floor":10},{"not_picked":["Inflame","Warcry","Power Through"],"picked":"SKIP","floor":12},{"not_picked":["Inflame","Perfected Strike","Seeing Red"],"picked":"SKIP","floor":13},{"not_picked":["Berserk","Impervious"],"picked":"Fiend Fire","floor":16},{"not_picked":["Shockwave","Battle Trance"],"picked":"Clothesline+1","floor":18},{"not_picked":["Carnage+1","Armaments+1"],"picked":"Sword Boomerang","floor":19},{"not_picked":["Twin Strike","Clothesline"],"picked":"Pommel Strike+1","floor":21},{"not_picked":["Pommel Strike","Armaments","Thunderclap+1"],"picked":"SKIP","floor":25},{"not_picked":["Corruption","Pummel","Fire Breathing"],"picked":"SKIP","floor":27},{"not_picked":["Searing Blow+1","Pommel Strike+1"],"picked":"Shrug It Off+1","floor":28},{"not_picked":["Seeing Red","Body Slam+1"],"picked":"Armaments","floor":30}],"player_experience":0,"relics_obtained":[{"floor":7,"key":"Ancient Tea Set"},{"floor":9,"key":"Dream Catcher"},{"floor":10,"key":"Pen Nib"},{"floor":26,"key":"Mummified Hand"}],"event_choices":[{"damage_healed":0,"gold_gain":0,"player_choice":"Fled","damage_taken":7,"max_hp_gain":0,"max_hp_loss":0,"event_name":"Scrap Ooze","floor":2,"gold_loss":0},{"damage_healed":0,"gold_gain":0,"player_choice":"Ignored","damage_taken":0,"max_hp_gain":0,"max_hp_loss":0,"event_name":"Liars Game","floor":3,"gold_loss":0},{"damage_healed":0,"gold_gain":0,"player_choice":"Grow","damage_taken":0,"max_hp_gain":0,"max_hp_loss":0,"event_name":"Living Wall","floor":5,"gold_loss":0,"cards_upgraded":["Bash"]},{"damage_healed":0,"gold_gain":0,"player_choice":"Smashed Altar","damage_taken":0,"max_hp_gain":0,"max_hp_loss":0,"event_name":"Forgotten Altar","floor":22,"gold_loss":0,"cards_obtained":["Decay"]},{"cards_removed":["Strike_R"],"damage_healed":0,"gold_gain":0,"player_choice":"Offered Basic","damage_taken":0,"max_hp_gain":0,"max_hp_loss":0,"event_name":"Bonfire Elementals","floor":24,"gold_loss":0},{"damage_healed":0,"gold_gain":0,"player_choice":"Obtained Relic","damage_taken":0,"relics_obtained":["Bag of Marbles"],"max_hp_gain":0,"max_hp_loss":0,"event_name":"Addict","floor":31,"gold_loss":85}],"is_beta":false,"boss_relics":[{"not_picked":["Mark of Pain","Runic Pyramid"],"picked":"Velvet Choker"}],"items_purged_floors":[14],"is_endless":false,"potions_floor_spawned":[1,7,12,13,19,27,28],"killed_by":"Champ","ascension_level":0}