{"gold_per_floor":[109,259,272,288,156,156,182,239,309,309,343,363,187,207,207,284,284,184,196,212,212,212,212,232,232],"floor_reached":25,"playtime":4150,"items_purged":["Doubt","Strike_B"],"score":390,"play_id":"441e9e99-7c26-4947-982b-a8484fbf0766","local_time":"20190116005620","is_ascension_mode":true,"campfire_choices":[{"data":"Zap","floor":6,"key":"SMITH"},{"floor":10,"key":"REST"},{"data":"Loop","floor":15,"key":"SMITH"},{"floor":23,"key":"REST"}],"neow_cost":"NONE","seed_source_timestamp":52777512345040,"circlet_count":0,"master_deck":["AscendersBane","Strike_B+1","Strike_B+1","Strike_B+1","Defend_B+1","Defend_B+1","Defend_B+1","Defend_B+1","Zap+1","Dualcast+1","Leap","Go for the Eyes","Loop+1","White Noise+1","Coolheaded+1","Cold Snap","Stack+1","Cold Snap","Cold Snap","Sunder+1","Decay"],"relics":["Cracked Core","DataDisk","Boot","War Paint","Mummified Hand","Toxic Egg 2","Philosopher\u0027s Stone"],"potions_floor_usage":[7,8,11,25],"damage_taken":[{"damage":8,"enemies":"Small Slimes","floor":1,"turns":5},{"damage":6,"enemies":"2 Louse","floor":3,"turns":3},{"damage":2,"enemies":"Jaw Worm","floor":4,"turns":3},{"damage":5,"enemies":"3 Sentries","floor":7,"turns":12},{"damage":26,"enemies":"3 Sentries","floor":8,"turns":7},{"damage":5,"enemies":"Lagavulin","floor":11,"turns":7},{"damage":2,"enemies":"2 Fungi Beasts","floor":12,"turns":3},{"damage":0,"enemies":"3 Louse","floor":14,"turns":3},{"damage":23,"enemies":"Slime Boss","floor":16,"turns":21},{"damage":13,"enemies":"2 Thieves","floor":18,"turns":5},{"damage":5,"enemies":"Spheric Guardian","floor":19,"turns":4},{"damage":52,"enemies":"Cultist and Chosen","floor":20,"turns":10},{"damage":19,"enemies":"Snecko","floor":24,"turns":7},{"damage":8,"enemies":"Shelled Parasite and Fungi","floor":25,"turns":1}],"seed_played":"173304885066008370","potions_obtained":[{"floor":1,"key":"Block Potion"},{"floor":3,"key":"SkillPotion"},{"floor":7,"key":"LiquidBronze"},{"floor":8,"key":"Dexterity Potion"},{"floor":11,"key":"FairyPotion"},{"floor":24,"key":"Energy Potion"}],"is_trial":false,"path_per_floor":["M","?","M","M","$","R","E","?","T","R","E","M","$","M","R","B",null,"M","M","M","?","?","R","M","M"],"character_chosen":"DEFECT","items_purchased":["Go for the Eyes","Coolheaded+1","Cold Snap"],"campfire_rested":2,"item_purchase_floors":[5,13,13],"current_hp_per_floor":[56,56,50,48,48,48,43,17,17,38,33,31,31,31,31,8,55,42,37,2,2,2,23,4,0],"gold":232,"neow_bonus":"RANDOM_COMMON_RELIC","is_prod":false,"is_daily":false,"chose_seed":false,"campfire_upgraded":2,"win_rate":0,"timestamp":1547628980,"path_taken":["M","?","M","M","$","R","E","?","T","R","E","M","$","M","R","BOSS","M","M","M","?","?","R","M","M"],"build_version":"2019-01-10","purchased_purges":2,"victory":false,"max_hp_per_floor":[71,71,71,71,71,71,71,71,71,71,71,71,71,71,71,71,71,71,71,71,71,71,71,71,71],"card_choices":[{"not_picked":["Rip and Tear","Streamline","Barrage"],"picked":"SKIP","floor":1},{"not_picked":["Compile Driver","Sweeping Beam","Force Field"],"picked":"SKIP","floor":3},{"not_picked":["Skim","Sweeping Beam"],"picked":"Leap","floor":4},{"not_picked":["Steam","Fusion","Redo"],"picked":"SKIP","floor":7},{"not_picked":["Stack","Redo"],"picked":"Loop","floor":8},{"not_picked":["Stack","Thunder Strike","Compile Driver"],"picked":"SKIP","floor":11},{"not_picked":["Storm","Go for the Eyes"],"picked":"White Noise+1","floor":12},{"not_picked":["Rebound","Recycle+1"],"picked":"Stack+1","floor":14},{"not_picked":["Heatsinks","BootSequence+1"],"picked":"Cold Snap","floor":18},{"not_picked":["Undo+1","Sweeping Beam"],"picked":"Cold Snap","floor":19},{"not_picked":["Gash","Barrage"],"picked":"Sunder+1","floor":20},{"not_picked":["Sweeping Beam","Compile Driver","Force Field+1"],"picked":"SKIP","floor":24}],"player_experience":1129025,"relics_obtained":[{"floor":7,"key":"Boot"},{"floor":8,"key":"War Paint"},{"floor":9,"key":"Mummified Hand"},{"floor":11,"key":"Toxic Egg 2"}],"event_choices":[{"damage_healed":0,"gold_gain":150,"player_choice":"AGREE","damage_taken":0,"max_hp_gain":0,"max_hp_loss":0,"event_name":"Liars Game","floor":2,"gold_loss":0,"cards_obtained":["Doubt"]},{"damage_healed":0,"gold_gain":0,"player_choice":"Searched \u00271\u0027 times","damage_taken":0,"max_hp_gain":0,"max_hp_loss":0,"event_name":"Dead Adventurer","floor":8,"gold_loss":0},{"damage_healed":0,"gold_gain":0,"player_choice":"Simplicity","damage_taken":0,"max_hp_gain":0,"max_hp_loss":0,"event_name":"Back to Basics","floor":21,"gold_loss":0,"cards_upgraded":["Strike_B","Strike_B","Strike_B","Defend_B","Defend_B","Defend_B"]},{"damage_healed":0,"gold_gain":0,"player_choice":"Smashed Altar","damage_taken":0,"max_hp_gain":0,"max_hp_loss":0,"event_name":"Forgotten Altar","floor":22,"gold_loss":0,"cards_obtained":["Decay"]}],"is_beta":false,"boss_relics":[{"not_picked":["Black Star","Inserter"],"picked":"Philosopher\u0027s Stone"}],"items_purged_floors":[5,13],"is_endless":false,"potions_floor_spawned":[1,3,7,8,11,24],"killed_by":"Shelled Parasite and Fungi","ascension_level":17}