{"path_per_floor":["M","$","M","?","M","R","M","M","T","R","M","?","E","?","R","B",null,"M","$","M","$","M"],"character_chosen":"THE_SILENT","items_purchased":["Quick Slash","Footwork"],"gold_per_floor":[110,11,25,25,45,45,58,75,75,75,93,93,128,128,128,225,255,274,138,158,33,53,53],"floor_reached":23,"campfire_rested":2,"playtime":2916,"current_hp_per_floor":[33,33,25,25,25,46,46,46,46,46,40,28,27,27,48,42,75,74,74,73,73,51,0],"items_purged":["Strike_G","Strike_G","Strike_G"],"gold":53,"score":193,"play_id":"1feda422-72d4-42d3-a674-7d16a00e90a0","local_time":"20180323115431","is_prod":false,"is_daily":false,"is_ascension_mode":false,"campfire_upgraded":1,"timestamp":1521831271,"path_taken":["M","$","?","?","M","R","M","M","T","R","M","?","E","?","R","BOSS","M","$","?","$","M","E"],"build_version":"2018-03-22v2","purchased_purges":3,"victory":false,"master_deck":["Defend_G","Defend_G","Defend_G","Defend_G+1","Defend_G","Survivor","Neutralize+1","Dagger Throw","Quick Slash","Dagger Throw","Flying Knee","Quick Slash","Flying Knee","Slice","After Image","Dash","Prepared","Footwork","Quick Slash+1","Concentrate"],"max_hp_per_floor":[70,70,70,70,70,70,70,70,70,70,70,70,70,70,70,70,75,75,75,75,75,75,75],"relics":["Ring of the Snake","Bag of Preparation","Ice Cream","Oddly Smooth Stone","Torii","Tiny House"],"card_choices":[{"not_picked":["Bane","PiercingWail"],"picked":"Dagger Throw","floor":1},{"not_picked":["Deadly Poison","Calculated Gamble"],"picked":"Dagger Throw","floor":3},{"not_picked":["Heel Hook","Sucker Punch"],"picked":"Flying Knee","floor":5},{"not_picked":["Poisoned Stab","Noxious Fumes"],"picked":"Quick Slash","floor":7},{"not_picked":["Setup","Outmaneuver"],"picked":"Flying Knee","floor":8},{"not_picked":["Poisoned Stab","Storm of Steel"],"picked":"Slice","floor":13},{"not_picked":["Corpse Explosion","Phantasmal Killer"],"picked":"After Image","floor":16},{"not_picked":["Dodge and Roll","Underhanded Strike"],"picked":"Dash","floor":17},{"not_picked":["Dash","Dagger Spray"],"picked":"Prepared","floor":18},{"not_picked":["Dodge and Roll","PiercingWail"],"picked":"Quick Slash","floor":20},{"not_picked":["Escape Plan","Distraction"],"picked":"Concentrate","floor":22}],"player_experience":146503,"potions_floor_usage":[13,13,22,23,23],"damage_taken":[{"damage":2,"enemies":"Cultist","floor":1,"turns":6},{"damage":8,"enemies":"Jaw Worm","floor":3,"turns":2},{"damage":0,"enemies":"2 Louse","floor":5,"turns":3},{"damage":0,"enemies":"Looter","floor":7,"turns":3},{"damage":0,"enemies":"Large Slime","floor":8,"turns":4},{"damage":6,"enemies":"Gremlin Gang","floor":11,"turns":5},{"damage":1,"enemies":"Lagavulin","floor":13,"turns":5},{"damage":6,"enemies":"Hexaghost","floor":16,"turns":11},{"damage":1,"enemies":"Shell Parasite","floor":18,"turns":7},{"damage":1,"enemies":"Spheric Guardian","floor":20,"turns":5},{"damage":22,"enemies":"3 Cultists","floor":22,"turns":8},{"damage":63,"enemies":"Gremlin Leader","floor":23,"turns":8}],"event_choices":[{"event_name":"Accursed Blacksmith","player_choice":"Rummage","floor":4,"damage_taken":0},{"event_name":"Scrap Ooze","player_choice":"success","floor":12,"damage_taken":12},{"event_name":"Fountain of Cleansing","player_choice":"Removed Curse","floor":14,"damage_taken":0}],"boss_relics":[{"not_picked":["Philosopher\u0027s Stone","Runic Dome"],"picked":"Tiny House"}],"potions_floor_spawned":[5,8,16,18,20],"seed_played":"-6392599440047437661","killed_by":"Gremlin Leader","ascension_level":0,"is_trial":false}