{"path_per_floor":["M","?","?","$","?","E","R","M","T","M","R","M","E","$","R","B",null,"M","?","$","M","M","R","E","?","T","M","T","$","M","M","R","B",null,"M","$","M","M","M","E","R","?","T","?","$","M","M","M","R"],"character_chosen":"IRONCLAD","items_purchased":["Bag of Marbles","Clash"],"gold_per_floor":[113,113,113,38,38,63,63,79,79,95,95,107,134,34,34,136,136,151,151,5,22,41,41,69,69,69,80,105,105,123,140,140,245,245,261,136,150,166,182,216,216,216,216,216,16,26,39,59,59,59],"floor_reached":50,"campfire_rested":2,"playtime":2202,"current_hp_per_floor":[80,68,52,52,52,13,37,43,43,49,49,53,39,39,63,23,80,80,80,80,76,67,67,69,69,69,71,71,71,73,75,75,10,80,80,80,80,80,80,62,62,62,62,62,62,65,71,77,77,0],"items_purged":["Defend_R","Strike_R","Defend_R","Defend_R"],"gold":59,"score":529,"play_id":"aa025be0-d587-44e6-9133-6e18325ad62d","local_time":"20180507205610","is_prod":false,"is_daily":false,"chose_seed":false,"is_ascension_mode":false,"campfire_upgraded":5,"timestamp":1525744570,"path_taken":["M","?","?","$","?","E","R","M","T","M","R","?","E","$","R","BOSS","M","?","?","M","M","R","E","?","T","M","?","$","?","M","R","BOSS","M","$","?","M","M","E","R","?","T","?","$","M","M","M","R","BOSS"],"build_version":"2018-05-03","seed_source_timestamp":101349207763822,"purchased_purges":6,"victory":false,"master_deck":["Strike_R+1","Strike_R+1","Strike_R+1","Strike_R+1","Bash+1","Shrug It Off+1","Cleave+1","Flex+1","Whirlwind+1","Fiend Fire+1","Offering+1","Seeing Red+1","Pommel Strike+1","Clash+1","Rampage+1"],"max_hp_per_floor":[80,80,80,80,80,80,80,80,80,80,80,80,80,80,80,80,80,80,80,80,80,80,80,80,80,80,80,80,80,80,80,80,80,80,80,80,80,80,80,80,80,80,80,80,80,80,80,80,80,80],"relics":["Black Blood","Bronze Scales","Gremlin Horn","Molten Egg 2","Whetstone","Runic Dome","Bag of Marbles","Bottled Lightning","Ornamental Fan","Orichalcum","Mercury Hourglass","Pen Nib"],"card_choices":[{"not_picked":["Clash","Flame Barrier"],"picked":"Shrug It Off","floor":1},{"not_picked":["Armaments","Seeing Red"],"picked":"Cleave","floor":6},{"not_picked":["Ghostly Armor","Clash"],"picked":"Flex","floor":8},{"not_picked":["Metallicize","Shrug It Off"],"picked":"Whirlwind","floor":10},{"not_picked":["Brutality","Feed"],"picked":"Fiend Fire","floor":16},{"not_picked":["Clash","Hemokinesis"],"picked":"Offering","floor":22},{"not_picked":["Twin Strike","Warcry"],"picked":"Seeing Red","floor":35},{"not_picked":["True Grit","Perfected Strike"],"picked":"Rampage","floor":47}],"player_experience":27157,"potions_floor_usage":[16,33,33,33,50,50,50],"damage_taken":[{"damage":5,"enemies":"Small Slimes","floor":1,"turns":5},{"damage":45,"enemies":"Lagavulin","floor":6,"turns":7},{"damage":0,"enemies":"2 Louse","floor":8,"turns":2},{"damage":0,"enemies":"Cultist","floor":10,"turns":2},{"damage":2,"enemies":"Looter","floor":12,"turns":2},{"damage":20,"enemies":"Gremlin Nob","floor":13,"turns":3},{"damage":46,"enemies":"Hexaghost","floor":16,"turns":9},{"damage":0,"enemies":"Spheric Guardian","floor":18,"turns":2},{"damage":10,"enemies":"3 Byrds","floor":21,"turns":2},{"damage":15,"enemies":"Centurion and Healer","floor":22,"turns":4},{"damage":4,"enemies":"Gremlin Leader","floor":24,"turns":1},{"damage":4,"enemies":"Cultist and Chosen","floor":27,"turns":1},{"damage":4,"enemies":"3 Cultists","floor":30,"turns":1},{"damage":4,"enemies":"Snake Plant","floor":31,"turns":1},{"damage":71,"enemies":"Champ","floor":33,"turns":6},{"damage":4,"enemies":"3 Darklings","floor":35,"turns":1},{"damage":4,"enemies":"Flame Bruiser 1 Orb","floor":37,"turns":1},{"damage":4,"enemies":"3 Darklings","floor":38,"turns":1},{"damage":9,"enemies":"Spire Growth","floor":39,"turns":2},{"damage":28,"enemies":"Nemesis","floor":40,"turns":3},{"damage":7,"enemies":"4 Shapes","floor":46,"turns":1},{"damage":4,"enemies":"Sphere and 2 Shapes","floor":47,"turns":1},{"damage":4,"enemies":"3 Darklings","floor":48,"turns":1},{"damage":84,"enemies":"Donu and Deca","floor":50,"turns":6}],"event_choices":[{"event_name":"Scrap Ooze","player_choice":"success","floor":2,"damage_taken":12},{"event_name":"Shining Light","player_choice":"Entered Light","floor":3,"damage_taken":0},{"event_name":"Liars Game","player_choice":"disagreed","floor":5,"damage_taken":0},{"event_name":"Match and Keep!","player_choice":"0 cards matched","floor":19,"damage_taken":0},{"event_name":"Back to Basics","player_choice":"Elegance","floor":25,"damage_taken":0},{"event_name":"Match and Keep!","player_choice":"1 cards matched","floor":42,"damage_taken":0},{"event_name":"Match and Keep!","player_choice":"1 cards matched","floor":42,"damage_taken":0},{"event_name":"Tomb of Lord Red Mask","player_choice":"Ignored","floor":44,"damage_taken":0}],"boss_relics":[{"not_picked":["Philosopher\u0027s Stone","Black Star"],"picked":"Runic Dome"},{"not_picked":["Astrolabe","Calling Bell"],"picked":"Black Blood"}],"potions_floor_spawned":[1,10,16,18,30,31,35,37,48],"seed_played":"1789607576029828687","killed_by":"Donu and Deca","ascension_level":0,"is_trial":false}