{"path_per_floor":["M","?","M","?","$","E","M","E","T","$","M","E","M","M","R","B",null,"M","?","M","$","?","R","M","M","T","$","E","?","M","M","R","B",null,"M","M","?","?","M"],"character_chosen":"THE_SILENT","items_purchased":["Deadly Poison","Infinite Blades","Flying Knee","Infinite Blades","Terror"],"gold_per_floor":[110,110,130,130,36,67,78,112,142,43,61,96,109,128,128,232,232,187,187,187,51,51,51,51,51,51,12,12,12,12,12,12,12,12,12,12,0,0,0],"floor_reached":40,"campfire_rested":1,"playtime":5159,"current_hp_per_floor":[70,56,56,56,56,46,46,49,49,49,49,49,49,49,49,40,77,77,53,48,48,48,48,48,34,34,34,29,29,34,33,56,7,77,74,74,74,74,34],"items_purged":["Strike_G","Strike_G"],"gold":0,"score":405,"play_id":"1d8cf039-adef-402a-8b24-2cb78e83ae5c","is_prod":false,"is_daily":false,"is_ascension_mode":false,"campfire_upgraded":2,"path_taken":["M","?","?","?","$","E","M","E","T","$","M","E","M","?","R","BOSS","M","?","M","?","?","R","?","M","T","$","E","?","?","M","R","BOSS","M","M","?","?","?","E"],"build_version":"2018-02-15-PROD1","purchased_purges":2,"victory":false,"master_deck":["Defend_G+1","Defend_G","Defend_G","Defend_G","Strike_G+1","Survivor","Neutralize","Malaise+1","Dagger Throw","PiercingWail","Deadly Poison","Infinite Blades","After Image","Poisoned Stab","Escape Plan","Flying Knee","Backstab","Backflip+1","Choke","Die Die Die","Prepared","Panacea","Purity","Flying Knee+1","Infinite Blades","Blade Dance","Terror","Blade Dance","Deadly Poison+1","Corpse Explosion","Dodge and Roll+1","Quick Slash+1","Envenom"],"max_hp_per_floor":[70,70,70,70,70,70,70,77,77,77,77,77,77,77,77,77,77,77,77,77,77,77,77,77,77,77,77,77,77,77,77,77,77,77,77,77,77,77,77],"relics":["Ring of the Snake","Thread and Needle","Strawberry","Tiny Chest","Gremlin Horn","Ectoplasm","Ice Cream","Lantern","Black Star","Red Mask"],"card_choices":[{"not_picked":["Flechettes","Dagger Spray"],"picked":"Dagger Throw"},{"not_picked":["Riddle With Holes","Poisoned Stab"],"picked":"PiercingWail"},{"not_picked":["Quick Slash","Heel Hook"],"picked":"After Image"},{"not_picked":["Backflip","Dodge and Roll"],"picked":"Poisoned Stab"},{"not_picked":["Footwork","Riddle With Holes"],"picked":"Escape Plan"},{"not_picked":["Acrobatics","Footwork"],"picked":"Backstab"},{"not_picked":["Flying Knee","Bane"],"picked":"Backflip"},{"not_picked":["Dagger Spray","Slice"],"picked":"Choke"},{"not_picked":["Burst","Glass Knife"],"picked":"Die Die Die"},{"not_picked":["Caltrops","Slice"],"picked":"Prepared"},{"not_picked":["All Out Attack","Dagger Throw"],"picked":"Flying Knee"},{"not_picked":["Doppelganger","Distraction"],"picked":"Blade Dance"},{"not_picked":["Quick Slash","Slice"],"picked":"Blade Dance"},{"not_picked":["Poisoned Stab","Masterful Stab"],"picked":"Deadly Poison"},{"not_picked":["Bullet Time","Tactician"],"picked":"Corpse Explosion"},{"not_picked":["PiercingWail","Deflect"],"picked":"Dodge and Roll"},{"not_picked":["Dash","Bane"],"picked":"Quick Slash"},{"not_picked":["Flying Knee","Poisoned Stab"],"picked":"Envenom"}],"player_experience":59596,"potions_floor_usage":[6,16,20,30,30,33,36,36,40],"damage_taken":[{"damage":0,"enemies":"2 Louse","floor":1,"turns":5},{"damage":0,"enemies":"Cultist","floor":3,"turns":3},{"damage":10,"enemies":"3 Sentries","floor":6,"turns":11},{"damage":0,"enemies":"Jaw Worm","floor":7,"turns":5},{"damage":4,"enemies":"Lagavulin","floor":8,"turns":8},{"damage":0,"enemies":"Looter","floor":11,"turns":4},{"damage":0,"enemies":"Gremlin Nob","floor":12,"turns":5},{"damage":0,"enemies":"Lots of Slimes","floor":13,"turns":3},{"damage":0,"enemies":"Gremlin Gang","floor":14,"turns":5},{"damage":9,"enemies":"Hexaghost","floor":16,"turns":11},{"damage":0,"enemies":"2 Thieves","floor":18,"turns":3},{"damage":5,"enemies":"Spheric Guardian","floor":20,"turns":6},{"damage":0,"enemies":"Centurion and Healer","floor":24,"turns":6},{"damage":14,"enemies":"Snake Plant","floor":25,"turns":5},{"damage":5,"enemies":"Book of Stabbing","floor":28,"turns":5},{"damage":7,"enemies":"3 Cultists","floor":30,"turns":5},{"damage":1,"enemies":"Chosen and Byrds","floor":31,"turns":4},{"damage":49,"enemies":"Champ","floor":33,"turns":11},{"damage":3,"enemies":"3 Shapes","floor":35,"turns":6},{"damage":0,"enemies":"3 Darklings","floor":36,"turns":5},{"damage":40,"enemies":"4 Shapes","floor":39,"turns":7},{"damage":34,"enemies":"2 Orb Walkers","floor":40,"turns":5}],"event_choices":[{"event_name":"Shining Light","player_choice":"Entered Light","floor":2,"damage_taken":0},{"event_name":"Living Wall","player_choice":"Forget","floor":4,"damage_taken":0},{"event_name":"Knowing Skull","player_choice":"CARD CARD ","floor":19,"damage_taken":0},{"event_name":"Addict","player_choice":"Ignored","floor":22,"damage_taken":0},{"event_name":"Drug Dealer","player_choice":"Ignored","floor":29,"damage_taken":0},{"event_name":"Tomb of Lord Red Mask","player_choice":"Paid","floor":37,"damage_taken":0}],"boss_relics":[{"not_picked":["Runic Dome","Orrery"],"picked":"Ectoplasm"},{"not_picked":["Tiny House","Question Card"],"picked":"Black Star"}],"potions_floor_spawned":[1,6,11,13,16,25,28,30,33,35],"seed_played":"4248257502544622426","killed_by":"2 Orb Walkers","ascension_level":0,"is_trial":false}