{"gold_per_floor":[113,124,137,156,175,175,43,78,150,150,165,190,200,200],"floor_reached":14,"playtime":773,"items_purged":[],"score":161,"play_id":"7aeb11c8-47ab-4c47-a910-0c29acd3f1af","local_time":"20190428165509","is_ascension_mode":true,"campfire_choices":[{"data":"Leap","floor":6,"key":"SMITH"},{"data":"Defragment","floor":10,"key":"SMITH"}],"neow_cost":"NONE","seed_source_timestamp":368691273858587,"circlet_count":0,"master_deck":["AscendersBane","Strike_B","Strike_B","Strike_B","Strike_B","Defend_B","Defend_B","Defend_B","Defend_B","Zap","Dualcast","Auto Shields","Leap+1","Reinforced Body","Cold Snap","Defragment+1","Coolheaded","Genetic Algorithm","Genetic Algorithm+1","Self Repair","Capacitor"],"relics":["Cracked Core","Dodecahedron","Toxic Egg 2","Shovel"],"potions_floor_usage":[],"damage_taken":[{"damage":1,"enemies":"Cultist","floor":1,"turns":3},{"damage":0,"enemies":"2 Louse","floor":2,"turns":3},{"damage":7,"enemies":"Small Slimes","floor":3,"turns":4},{"damage":1,"enemies":"2 Fungi Beasts","floor":4,"turns":4},{"damage":8,"enemies":"Blue Slaver","floor":5,"turns":5},{"damage":9,"enemies":"Lagavulin","floor":8,"turns":14},{"damage":3,"enemies":"Large Slime","floor":11,"turns":7},{"damage":4,"enemies":"3 Sentries","floor":12,"turns":18},{"damage":2,"enemies":"3 Louse","floor":13,"turns":6},{"damage":56,"enemies":"Gremlin Nob","floor":14,"turns":5}],"seed_played":"8764261934614276159","potions_obtained":[{"floor":1,"key":"FocusPotion"},{"floor":11,"key":"Explosive Potion"}],"is_trial":false,"path_per_floor":["M","M","M","M","M","R","$","E","T","R","M","E","M","E"],"character_chosen":"DEFECT","items_purchased":["Defragment","Coolheaded"],"campfire_rested":0,"item_purchase_floors":[7,7],"current_hp_per_floor":[74,74,67,66,58,58,58,49,49,49,46,42,47,0],"gold":200,"neow_bonus":"TEN_PERCENT_HP_BONUS","is_prod":false,"is_daily":false,"chose_seed":false,"campfire_upgraded":2,"win_rate":0,"timestamp":1556441709,"path_taken":["M","M","?","M","?","R","$","E","T","R","M","E","M","E"],"build_version":"2019-01-23","purchased_purges":0,"victory":false,"max_hp_per_floor":[82,82,82,82,82,82,82,82,82,82,82,82,82,82],"card_choices":[{"not_picked":["Force Field","Consume","Stack"],"picked":"SKIP","floor":1},{"not_picked":["BootSequence","Scrape"],"picked":"Auto Shields","floor":2},{"not_picked":["Steam Power","Hologram"],"picked":"Leap","floor":3},{"not_picked":["Consume","Gash"],"picked":"Reinforced Body","floor":4},{"not_picked":["Hologram","Skim"],"picked":"Cold Snap","floor":5},{"not_picked":["Hello World","Steam"],"picked":"Genetic Algorithm","floor":8},{"not_picked":["Rebound","Recycle+1"],"picked":"Genetic Algorithm+1","floor":11},{"not_picked":["Reprogram+1","Rebound"],"picked":"Self Repair","floor":12},{"not_picked":["Lockon","Gash"],"picked":"Capacitor","floor":13}],"player_experience":728931,"relics_obtained":[{"floor":8,"key":"Dodecahedron"},{"floor":9,"key":"Toxic Egg 2"},{"floor":12,"key":"Shovel"}],"event_choices":[],"is_beta":false,"boss_relics":[],"items_purged_floors":[],"is_endless":false,"potions_floor_spawned":[1,11,13],"killed_by":"Gremlin Nob","ascension_level":11}