{"gold_per_floor":[17,34,34,34,34,34,66,66,66,66,34,61,61,71,71,174,174,185,202,202,202,232,232,3,28,28,28],"floor_reached":27,"playtime":1467,"items_purged":["Strike_G+1"],"score":353,"play_id":"3ce3fe57-109d-4733-9085-8ae8847e74d2","local_time":"20190217141025","is_ascension_mode":true,"campfire_choices":[{"data":"Dagger Spray","floor":6.0,"key":"SMITH"},{"floor":10.0,"key":"REST"},{"floor":13,"key":"REST"},{"floor":15,"key":"REST"},{"floor":23,"key":"REST"}],"neow_cost":"NO_GOLD","seed_source_timestamp":14554957599941,"circlet_count":0,"master_deck":["AscendersBane","Defend_G+1","Defend_G+1","Defend_G+1","Defend_G+1","Defend_G+1","Strike_G+1","Strike_G+1","Strike_G+1","Survivor","Neutralize","Quick Slash","Dagger Spray+1","Slice","Noxious Fumes+1","Infinite Blades+1","Envenom+1","Infinite Blades+1","Crippling Poison","Accuracy+1","Adrenaline","Cloak And Dagger"],"special_seed":0,"relics":["Ring of the Snake","StoneCalendar","Frozen Egg 2","Lantern","Omamori","Question Card","Sozu","Red Mask","Torii","Bottled Tornado"],"potions_floor_usage":[16],"damage_taken":[{"damage":2.0,"enemies":"2 Louse","floor":1.0,"turns":3.0},{"damage":9.0,"enemies":"Jaw Worm","floor":2.0,"turns":5.0},{"damage":24.0,"enemies":"3 Sentries","floor":7.0,"turns":7.0},{"damage":24,"enemies":"Lagavulin","floor":12,"turns":8},{"damage":0,"enemies":"Small Slimes","floor":14,"turns":2},{"damage":19,"enemies":"Hexaghost","floor":16,"turns":8},{"damage":8,"enemies":"Shell Parasite","floor":18,"turns":5},{"damage":7,"enemies":"Chosen","floor":19,"turns":4},{"damage":24,"enemies":"Masked Bandits","floor":22,"turns":5},{"damage":28,"enemies":"Slavers","floor":25,"turns":4},{"damage":22,"enemies":"Book of Stabbing","floor":27,"turns":4}],"seed_played":"6789525041980862695","potions_obtained":[{"floor":12,"key":"SkillPotion"}],"is_trial":false,"path_per_floor":["M","M","?","?","T","R","E","?","T","R","?","E","R","M","R","B",null,"M","M","?","?","?","R","$","E","T","E"],"character_chosen":"THE_SILENT","items_purchased":["Adrenaline"],"campfire_rested":4,"item_purchase_floors":[24],"current_hp_per_floor":[61,52,52,38,38,38,14,14,14,35,35,11,32,32,53,34,61,53,46,46,46,22,43,43,15,15,0],"gold":28,"neow_bonus":"ONE_RARE_RELIC","is_prod":false,"is_daily":false,"chose_seed":false,"campfire_upgraded":1,"win_rate":0,"timestamp":1550434225,"path_taken":["M","M","?","?","?","R","E","?","T","R","?","E","R","?","R","BOSS","M","M","?","?","?","R","$","E","T","E"],"build_version":"2019-01-23","purchased_purges":1,"victory":false,"max_hp_per_floor":[70,70,70,70,70,70,70,70,70,70,70,70,70,70,70,70,70,70,70,70,70,70,70,70,70,70,70],"card_choices":[{"not_picked":["Backflip","Dagger Throw"],"picked":"Quick Slash","floor":1.0},{"not_picked":["Deadly Poison","Outmaneuver"],"picked":"Dagger Spray","floor":2.0},{"not_picked":["Backflip","Calculated Gamble"],"picked":"Slice","floor":7.0},{"not_picked":["Die Die Die","Sucker Punch"],"picked":"Noxious Fumes+1","floor":12},{"not_picked":["Dodge and Roll","Reflex","Acrobatics"],"picked":"Infinite Blades+1","floor":14},{"not_picked":["Night Terror","Phantasmal Killer","Burst"],"picked":"Envenom+1","floor":16},{"not_picked":["Eviscerate","Reflex","Blade Dance+1"],"picked":"Infinite Blades+1","floor":18},{"not_picked":["Caltrops+1","Cloak And Dagger","Outmaneuver+1"],"picked":"Crippling Poison","floor":19},{"not_picked":["Poisoned Stab","Outmaneuver","Bane"],"picked":"Cloak And Dagger","floor":25}],"player_experience":569301,"relics_obtained":[{"floor":5.0,"key":"Frozen Egg 2"},{"floor":7.0,"key":"Lantern"},{"floor":9.0,"key":"Omamori"},{"floor":12,"key":"Question Card"},{"floor":22,"key":"Red Mask"},{"floor":25,"key":"Torii"},{"floor":26,"key":"Bottled Tornado"}],"event_choices":[{"damage_healed":0.0,"max_hp_gain":0.0,"max_hp_loss":0.0,"gold_gain":0.0,"event_name":"The Cleric","player_choice":"Leave","floor":3.0,"gold_loss":0.0,"damage_taken":0.0},{"damage_healed":0.0,"max_hp_gain":0.0,"max_hp_loss":0.0,"gold_gain":0.0,"event_name":"Shining Light","player_choice":"Entered Light","floor":4.0,"gold_loss":0.0,"damage_taken":14.0,"cards_upgraded":["Defend_G","Strike_G"]},{"cards_removed":["Strike_G"],"damage_healed":0.0,"max_hp_gain":0.0,"max_hp_loss":0.0,"gold_gain":0.0,"event_name":"Living Wall","player_choice":"Forget","floor":8.0,"gold_loss":0.0,"damage_taken":0.0},{"damage_healed":0.0,"max_hp_gain":0.0,"max_hp_loss":0.0,"gold_gain":0.0,"event_name":"World of Goop","player_choice":"Left Gold","floor":11.0,"gold_loss":32.0,"damage_taken":0.0},{"damage_healed":0,"gold_gain":0,"player_choice":"Simplicity","damage_taken":0,"max_hp_gain":0,"max_hp_loss":0,"event_name":"Back to Basics","floor":20,"gold_loss":0,"cards_upgraded":["Defend_G","Defend_G","Defend_G","Defend_G","Strike_G","Strike_G","Strike_G"]},{"damage_healed":0,"gold_gain":0,"player_choice":"Read","damage_taken":0,"max_hp_gain":0,"max_hp_loss":0,"event_name":"The Library","floor":21,"gold_loss":0,"cards_obtained":["Accuracy"]},{"damage_healed":0,"gold_gain":0,"player_choice":"Fought Bandits","damage_taken":0,"max_hp_gain":0,"max_hp_loss":0,"event_name":"Masked Bandits","floor":22,"gold_loss":0}],"is_beta":false,"boss_relics":[{"not_picked":["WristBlade","Orrery"],"picked":"Sozu"}],"items_purged_floors":[24],"is_endless":false,"potions_floor_spawned":[12,18,22],"killed_by":"Book of Stabbing","ascension_level":10}