{"path_per_floor":["M","M","?","M","$","E","R","M","T","R","M"],"character_chosen":"THE_SILENT","items_purchased":[],"gold_per_floor":[109,123,123,143,68,127,127,138,138,138,148,148],"floor_reached":12,"campfire_rested":1,"playtime":719,"current_hp_per_floor":[63,62,62,61,61,31,31,24,24,45,37,0],"items_purged":["Strike_G"],"gold":148,"score":120,"play_id":"a035fb06-f3a1-4a9d-9350-d75c4430208a","local_time":"20180521202327","is_prod":false,"is_daily":false,"chose_seed":false,"is_ascension_mode":true,"campfire_upgraded":1,"timestamp":1526959407,"campfire_choices":[{"data":"Bane","floor":7,"key":"SMITH"},{"floor":10,"key":"REST"}],"path_taken":["M","M","?","M","$","E","R","M","T","R","M","M"],"build_version":"2018-05-17","seed_source_timestamp":331933952821144,"purchased_purges":1,"victory":false,"master_deck":["Defend_G","Defend_G","Defend_G","Defend_G","Defend_G+1","Strike_G","Strike_G","Strike_G","Strike_G","Survivor+1","Neutralize","AscendersBane","Poisoned Stab","Malaise+1","Bane+1","Noxious Fumes"],"max_hp_per_floor":[70,70,70,70,70,70,70,70,70,70,70,70],"relics":["Ring of the Snake","War Paint","Tiny Chest","Omamori"],"card_choices":[{"not_picked":["Dodge and Roll","Underhanded Strike"],"picked":"Poisoned Stab","floor":1},{"not_picked":["Underhanded Strike","Dodge and Roll"],"picked":"Malaise","floor":2},{"not_picked":["Dodge and Roll","Malaise"],"picked":"Bane","floor":4},{"not_picked":["Flying Knee","Deflect","Outmaneuver"],"picked":"SKIP","floor":6},{"not_picked":["Terror","All Out Attack"],"picked":"Noxious Fumes","floor":8},{"not_picked":["Caltrops","Glass Knife","Acrobatics"],"picked":"SKIP","floor":11}],"player_experience":467754,"potions_floor_usage":[12],"damage_taken":[{"damage":0,"enemies":"2 Louse","floor":1,"turns":3},{"damage":1,"enemies":"Cultist","floor":2,"turns":4},{"damage":1,"enemies":"Jaw Worm","floor":4,"turns":5},{"damage":30,"enemies":"3 Sentries","floor":6,"turns":13},{"damage":7,"enemies":"3 Louse","floor":8,"turns":4},{"damage":8,"enemies":"Blue Slaver","floor":11,"turns":4},{"damage":42,"enemies":"Gremlin Gang","floor":12,"turns":3}],"relics_obtained":[{"floor":6,"key":"Tiny Chest"},{"floor":9,"key":"Omamori"}],"event_choices":[{"event_name":"Upgrade Shrine","player_choice":"Upgraded","floor":3,"damage_taken":0}],"boss_relics":[],"potions_floor_spawned":[4,6,11],"seed_played":"4686987240020679235","killed_by":"Gremlin Gang","ascension_level":10,"potions_obtained":[{"floor":4,"key":"SteroidPotion"},{"floor":6,"key":"FearPotion"},{"floor":11,"key":"Dexterity Potion"}],"is_trial":false}