{"path_per_floor":["M","M","?","$","M","M","M","R","T","?","M","M","E","M","R","B",null,"M","?","M","M","?","E","M","$","T","M","$"],"character_chosen":"DEFECT","items_purchased":["Toxic Egg 2","Bandage Up+1","White Noise+1"],"gold_per_floor":[365,379,379,47,64,81,92,92,92,92,104,120,153,170,170,269,269,286,286,300,313,313,343,355,157,203,213,53,53],"floor_reached":29,"campfire_rested":1,"playtime":1670,"item_purchase_floors":[4,25,28],"current_hp_per_floor":[68,63,63,63,63,59,58,58,58,58,56,56,38,38,58,36,68,68,52,45,38,38,21,15,15,15,13,13,0],"items_purged":["Regret","Defend_B","Defend_B"],"gold":53,"score":251,"play_id":"72f55675-124a-4cdd-af19-aaea0b62ce7d","local_time":"20180522225804","is_prod":false,"is_daily":false,"chose_seed":false,"is_ascension_mode":false,"campfire_upgraded":1,"timestamp":1527047884,"campfire_choices":[{"data":"Genetic Algorithm","floor":8,"key":"SMITH"},{"floor":15,"key":"REST"}],"path_taken":["M","M","?","$","M","M","M","R","T","?","M","?","E","M","R","BOSS","M","?","M","M","?","E","M","?","T","M","$","E"],"build_version":"2018-05-21v2","seed_source_timestamp":37761929357624,"purchased_purges":3,"victory":false,"master_deck":["Strike_B","Strike_B","Strike_B","Strike_B","Defend_B","Defend_B","Zap","Dualcast","Leap","Genetic Algorithm+1","Sweeping Beam","Doom and Gloom+1","Beam Cell+1","Chaos+1","Electrodynamics","Skim+1","BootSequence+1","Reinforced Body+1","Genetic Algorithm+1","Redo+1","Bandage Up+1","White Noise+1"],"max_hp_per_floor":[68,68,68,68,68,68,68,68,68,68,68,68,68,68,68,68,68,68,68,68,68,68,68,68,68,68,68,68,68],"relics":["Cracked Core","Mercury Hourglass","Toxic Egg 2","Molten Egg 2","Ornamental Fan","Sozu","Enchiridion","Shuriken","Potion Belt"],"card_choices":[{"not_picked":["Heatsinks","Axe Kick"],"picked":"Leap","floor":1},{"not_picked":["Gash","Storm"],"picked":"Genetic Algorithm","floor":2},{"not_picked":["Turbo+1","Loop","Steam+1"],"picked":"SKIP","floor":5},{"not_picked":["Leap+1","Doom and Gloom","Rebound"],"picked":"SKIP","floor":6},{"not_picked":["Turbo+1","Force Field+1"],"picked":"Sweeping Beam","floor":7},{"not_picked":["All For One+1","Stack+1"],"picked":"Doom and Gloom+1","floor":11},{"not_picked":["Static Discharge","Turbo+1"],"picked":"Beam Cell+1","floor":12},{"not_picked":["Heatsinks","Rip and Tear+1","Stack+1"],"picked":"SKIP","floor":13},{"not_picked":["Axe Kick+1","Hologram+1"],"picked":"Chaos+1","floor":14},{"not_picked":["All For One+1","Meteor Strike+1"],"picked":"Electrodynamics","floor":16},{"not_picked":["Coolheaded+1","Streamline+1"],"picked":"Skim+1","floor":18},{"not_picked":["Sweeping Beam+1","Aggregate+1"],"picked":"BootSequence+1","floor":20},{"not_picked":["Stack+1","Glacier+1"],"picked":"Reinforced Body+1","floor":21},{"not_picked":["Aggregate+1","Scrape+1","Beam Cell+1"],"picked":"SKIP","floor":23},{"not_picked":["Auto Shields+1","Streamline+1"],"picked":"Redo+1","floor":24},{"not_picked":["Rebound+1","Axe Kick+1","Coolheaded+1"],"picked":"SKIP","floor":27}],"player_experience":32084,"potions_floor_usage":[11,14,16,16],"damage_taken":[{"damage":0,"enemies":"2 Louse","floor":1,"turns":3},{"damage":5,"enemies":"Small Slimes","floor":2,"turns":4},{"damage":0,"enemies":"Cultist","floor":5,"turns":2},{"damage":4,"enemies":"Blue Slaver","floor":6,"turns":3},{"damage":1,"enemies":"2 Fungi Beasts","floor":7,"turns":2},{"damage":2,"enemies":"Exordium Wildlife","floor":11,"turns":3},{"damage":0,"enemies":"Looter","floor":12,"turns":2},{"damage":18,"enemies":"Lagavulin","floor":13,"turns":5},{"damage":0,"enemies":"2 Fungi Beasts","floor":14,"turns":1},{"damage":22,"enemies":"Hexaghost","floor":16,"turns":7},{"damage":0,"enemies":"Chosen","floor":18,"turns":3},{"damage":7,"enemies":"3 Byrds","floor":20,"turns":4},{"damage":7,"enemies":"Snecko","floor":21,"turns":5},{"damage":17,"enemies":"Slavers","floor":23,"turns":5},{"damage":6,"enemies":"Cultist and Chosen","floor":24,"turns":7},{"damage":8,"enemies":"3 Cultists","floor":27,"turns":4},{"damage":21,"enemies":"Gremlin Leader","floor":29,"turns":5}],"relics_obtained":[{"floor":9,"key":"Molten Egg 2"},{"floor":13,"key":"Ornamental Fan"},{"floor":19,"key":"Enchiridion"},{"floor":23,"key":"Shuriken"},{"floor":26,"key":"Potion Belt"}],"event_choices":[{"event_name":"Big Fish","player_choice":"Box","floor":3,"damage_taken":0},{"event_name":"Liars Game","player_choice":"disagreed","floor":10,"damage_taken":0},{"event_name":"Cursed Tome","player_choice":"Obtained Book","floor":19,"damage_taken":0},{"event_name":"Duplicator","player_choice":"One dupe","floor":22,"damage_taken":0}],"boss_relics":[{"not_picked":["Runic Pyramid","Runic Dome"],"picked":"Sozu"}],"items_purged_floors":[4,25,28],"potions_floor_spawned":[5,6,7,12,18,23,24],"seed_played":"-2624969414953386619","killed_by":"Gremlin Leader","ascension_level":0,"potions_obtained":[{"floor":5,"key":"Fire Potion"},{"floor":6,"key":"SpeedPotion"},{"floor":7,"key":"Explosive Potion"},{"floor":12,"key":"Poison Potion"}],"is_trial":false}