{"gold_per_floor":[109,123,123,123,135,135,135,160,160,180,180,180,52,87,87,161,161,161,161,55,55,55,55,55],"floor_reached":24,"playtime":2137,"items_purged":["Strike_R"],"score":443,"play_id":"b183d202-7dcd-4534-807a-9744a1e1e18b","local_time":"20190410170753","is_ascension_mode":true,"campfire_choices":[{"data":"Body Slam","floor":6.0,"key":"SMITH"},{"floor":12.0,"key":"REST"},{"data":"Impervious","floor":15.0,"key":"SMITH"},{"data":"Battle Trance","floor":23.0,"key":"SMITH"}],"neow_cost":"TEN_PERCENT_HP_LOSS","seed_source_timestamp":14326968097465,"circlet_count":0,"master_deck":["AscendersBane","Strike_R","Defend_R","Defend_R","Defend_R","Defend_R","Bash","Battle Trance+1","Barricade+1","Body Slam+1","Feel No Pain","Headbutt","Reaper","Metallicize","Shrug It Off","Intimidate","Impervious+1","Juggernaut"],"special_seed":0,"relics":["Burning Blood","Sundial","Mummified Hand","Dodecahedron","The Courier","Ectoplasm"],"potions_floor_usage":[],"damage_taken":[{"damage":11.0,"enemies":"Jaw Worm","floor":1.0,"turns":6.0},{"damage":7.0,"enemies":"2 Louse","floor":2.0,"turns":3.0},{"damage":17.0,"enemies":"Cultist","floor":5.0,"turns":4.0},{"damage":2.0,"enemies":"Lagavulin","floor":8.0,"turns":7.0},{"damage":35.0,"enemies":"Exordium Wildlife","floor":10.0,"turns":7.0},{"damage":5.0,"enemies":"3 Sentries","floor":14.0,"turns":14.0},{"damage":17.0,"enemies":"Hexaghost","floor":16.0,"turns":8.0},{"damage":18.0,"enemies":"Chosen","floor":18.0,"turns":6.0},{"damage":3.0,"enemies":"Colosseum Slavers","floor":19.0,"turns":4.0},{"damage":0.0,"enemies":"Shell Parasite","floor":22.0,"turns":4.0},{"damage":81,"enemies":"Slavers","floor":24,"turns":5}],"seed_played":"-7788135374684613531","potions_obtained":[{"floor":2.0,"key":"Energy Potion"},{"floor":5.0,"key":"LiquidBronze"},{"floor":10.0,"key":"GamblersBrew"},{"floor":16.0,"key":"PowerPotion"}],"is_trial":false,"path_per_floor":["M","M","?","?","M","R","?","E","T","M","?","R","$","E","R","B",null,"M","?","$","?","M","R","E"],"character_chosen":"IRONCLAD","items_purchased":["Shrug It Off","Intimidate","Block Potion"],"campfire_rested":1,"item_purchase_floors":[13,13,20],"current_hp_per_floor":[63,62,55,68,57,57,57,61,61,39,21,41,41,54,54,47,63,56,67,67,48,54,54,0],"gold":55,"neow_bonus":"TRANSFORM_TWO_CARDS","is_prod":false,"is_daily":false,"chose_seed":false,"campfire_upgraded":3,"win_rate":0,"timestamp":1554934073,"path_taken":["M","M","?","?","?","R","?","E","T","M","?","R","$","E","R","BOSS","M","?","$","?","M","R","E"],"build_version":"2019-01-23","purchased_purges":1,"victory":false,"max_hp_per_floor":[68,68,68,68,68,68,68,68,68,68,68,68,68,68,68,68,68,68,68,68,73,73,73,73],"card_choices":[{"not_picked":["Flex","True Grit"],"picked":"Body Slam","floor":1.0},{"not_picked":["Twin Strike","Combust"],"picked":"Feel No Pain","floor":2.0},{"not_picked":["Flex","Metallicize"],"picked":"Headbutt","floor":5.0},{"not_picked":["Spot Weakness","Dropkick"],"picked":"Reaper","floor":8.0},{"not_picked":["Second Wind","Twin Strike"],"picked":"Metallicize","floor":10.0},{"not_picked":["Seeing Red","Body Slam"],"picked":"Impervious","floor":14.0},{"not_picked":["Berserk","Reaper"],"picked":"Juggernaut","floor":16.0},{"not_picked":["Twin Strike","Body Slam","Searing Blow"],"picked":"SKIP","floor":18.0},{"not_picked":["Twin Strike+1","Blood for Blood","Fire Breathing"],"picked":"SKIP","floor":22.0}],"player_experience":723723,"relics_obtained":[{"floor":8.0,"key":"Sundial"},{"floor":9.0,"key":"Mummified Hand"},{"floor":14.0,"key":"The Courier"}],"event_choices":[{"cards_removed":["Strike_R"],"damage_healed":0.0,"max_hp_gain":0.0,"max_hp_loss":0.0,"gold_gain":0.0,"event_name":"Golden Wing","player_choice":"Card Removal","floor":3.0,"gold_loss":0.0,"damage_taken":7.0},{"damage_healed":13.0,"max_hp_gain":0.0,"max_hp_loss":0.0,"gold_gain":0.0,"event_name":"Wheel of Change","player_choice":"Full Heal","floor":4.0,"gold_loss":0.0,"damage_taken":0.0},{"damage_healed":0.0,"max_hp_gain":0.0,"max_hp_loss":0.0,"gold_gain":0.0,"event_name":"Living Wall","player_choice":"Grow","floor":7.0,"gold_loss":0.0,"damage_taken":0.0,"cards_upgraded":["Barricade"]},{"damage_healed":0.0,"max_hp_gain":0.0,"max_hp_loss":0.0,"gold_gain":0.0,"event_name":"Scrap Ooze","player_choice":"Success","floor":11.0,"gold_loss":0.0,"damage_taken":18.0,"relics_obtained":["Dodecahedron"]},{"damage_healed":0.0,"max_hp_gain":0.0,"max_hp_loss":0.0,"gold_gain":0.0,"event_name":"Colosseum","player_choice":"Fight","floor":19.0,"gold_loss":0.0,"damage_taken":0.0},{"damage_healed":0.0,"max_hp_gain":0.0,"max_hp_loss":0.0,"gold_gain":0.0,"event_name":"Colosseum","player_choice":"Fled From Nobs","floor":19.0,"gold_loss":0.0,"damage_taken":0.0},{"damage_healed":0.0,"max_hp_gain":5.0,"max_hp_loss":0.0,"gold_gain":0.0,"event_name":"Forgotten Altar","player_choice":"Shed Blood","floor":21.0,"gold_loss":0.0,"damage_taken":24.0}],"is_beta":false,"boss_relics":[{"not_picked":["Philosopher\u0027s Stone","Black Star"],"picked":"Ectoplasm"}],"items_purged_floors":[20],"is_endless":false,"potions_floor_spawned":[2,5,10,16,19],"killed_by":"Slavers","ascension_level":19}