{"path_per_floor":["M","M","M","M","M","R","E","M","T","E","M","M","R","M","R","B",null,"M","M","M","?","M"],"character_chosen":"IRONCLAD","items_purchased":[],"gold_per_floor":[117,129,142,159,170,170,197,208,234,267,283,299,299,317,317,417,417,417,417,417,387,387,387],"floor_reached":23,"campfire_rested":0,"playtime":1704,"current_hp_per_floor":[80,80,76,76,80,80,63,60,60,54,54,51,51,57,57,25,66,76,65,43,43,35,0],"items_purged":[],"gold":387,"score":264,"play_id":"ecbad6ed-eb42-41ca-90c4-f2199d08937a","local_time":"20180419134105","is_prod":false,"is_daily":false,"chose_seed":false,"is_ascension_mode":true,"campfire_upgraded":3,"timestamp":1524170465,"path_taken":["M","M","M","M","?","R","E","M","T","E","M","M","R","M","R","BOSS","M","M","?","?","M","E"],"build_version":"2018-04-12","seed_source_timestamp":661967681773343,"purchased_purges":0,"victory":false,"master_deck":["Strike_R","Strike_R","Strike_R","Strike_R+1","Strike_R","Defend_R","Defend_R","Defend_R","Defend_R","Bash+1","Metallicize+1","Clothesline+1","Juggernaut+1","Flex","Iron Wave","Reaper","Infernal Blade+1","Rampage+1","Body Slam+1"],"max_hp_per_floor":[80,80,80,80,80,80,80,80,80,80,80,80,80,80,80,80,80,80,80,80,80,80,80],"relics":["Burning Blood","Whetstone","Anchor","Pen Nib","Ectoplasm"],"card_choices":[{"not_picked":["Wild Strike","Heavy Blade"],"picked":"Metallicize","floor":1},{"not_picked":["Power Through","True Grit"],"picked":"Clothesline","floor":2},{"not_picked":["Heavy Blade","True Grit"],"picked":"Juggernaut","floor":3},{"not_picked":["Body Slam","Combust"],"picked":"Flex","floor":4},{"not_picked":["Anger","Second Wind"],"picked":"Iron Wave","floor":7},{"not_picked":["Limit Break","Brutality"],"picked":"Reaper","floor":16},{"not_picked":["Searing Blow","Perfected Strike"],"picked":"Infernal Blade","floor":19},{"not_picked":["Double Tap","Sword Boomerang"],"picked":"Rampage","floor":20},{"not_picked":["Armaments","Wild Strike"],"picked":"Body Slam","floor":22}],"player_experience":310498,"potions_floor_usage":[4,10,10,16,18,22,22,22],"damage_taken":[{"damage":1,"enemies":"Cultist","floor":1,"turns":3},{"damage":0,"enemies":"2 Louse","floor":2,"turns":2},{"damage":10,"enemies":"Small Slimes","floor":3,"turns":4},{"damage":21,"enemies":"Gremlin Gang","floor":4,"turns":7},{"damage":1,"enemies":"Large Slime","floor":5,"turns":6},{"damage":23,"enemies":"3 Sentries","floor":7,"turns":8},{"damage":9,"enemies":"Looter","floor":8,"turns":4},{"damage":12,"enemies":"Lagavulin","floor":10,"turns":5},{"damage":6,"enemies":"Exordium Thugs","floor":11,"turns":4},{"damage":9,"enemies":"Large Slime","floor":12,"turns":4},{"damage":0,"enemies":"Red Slaver","floor":14,"turns":3},{"damage":38,"enemies":"Hexaghost","floor":16,"turns":10},{"damage":2,"enemies":"3 Byrds","floor":18,"turns":5},{"damage":21,"enemies":"Chosen","floor":19,"turns":4},{"damage":28,"enemies":"Snake Plant","floor":20,"turns":3},{"damage":26,"enemies":"Sentry and Sphere","floor":22,"turns":5},{"damage":48,"enemies":"Slavers","floor":23,"turns":3}],"event_choices":[{"event_name":"The Woman in Blue","player_choice":"Bought 2 Potions","floor":21,"damage_taken":0}],"boss_relics":[{"not_picked":["Lizard Tail","Pandora\u0027s Box"],"picked":"Ectoplasm"}],"potions_floor_spawned":[1,2,4,8,14,18],"seed_played":"1477245706950078450","killed_by":"Slavers","ascension_level":5,"is_trial":false}