{"gold_per_floor":[114,289,302,318,63,63,93,93,93,122,122,141,141,41,41,139,139,153,28,28,28,48,73,73,86,111,111,143,143,163,176,176,279,279,293,293,61,79,95,95,95,95,95,95,115,138,138,138,138,138],"floor_reached":50,"playtime":4419,"items_purged":["Doubt","Strike_B","Strike_B","Shame"],"score":725,"play_id":"147440a9-8cd0-48dd-82bf-742c8bd22854","local_time":"20180901122048","is_ascension_mode":true,"campfire_choices":[{"data":"Transmutation","floor":6.0,"key":"SMITH"},{"data":"Zap","floor":8.0,"key":"SMITH"},{"data":"Dualcast","floor":11.0,"key":"SMITH"},{"data":"Defragment","floor":15.0,"key":"SMITH"},{"floor":24.0,"key":"REST"},{"floor":27.0,"key":"REST"},{"floor":29.0,"key":"DIG"},{"floor":32.0,"key":"REST"},{"data":"Buffer","floor":40.0,"key":"SMITH"},{"floor":42.0,"key":"DIG"},{"floor":44.0,"key":"DIG"},{"floor":49.0,"key":"REST"}],"neow_cost":"NONE","seed_source_timestamp":79234775289162,"circlet_count":0,"master_deck":["Strike_B","Strike_B","Defend_B","Defend_B+1","Defend_B+1","Defend_B","Zap+1","Dualcast+1","AscendersBane","Leap","Conserve Battery","Compile Driver","Transmutation+1","Defragment+1","Force Field","Ball Lightning","Machine Learning","Thunder Strike","Darkness+1","Hologram+1","Leap","Buffer+1","Seek","Clumsy","Mind Blast","Decay","Redo+1"],"special_seed":0,"relics":["Cracked Core","NeowsBlessing","Pear","Symbiotic Virus","Shovel","Cursed Key","Bronze Scales","Letter Opener","War Paint","Ancient Tea Set","Mercury Hourglass","Busted Crown","Du-Vu Doll","Dream Catcher","Oddly Smooth Stone","Vajra","Juzu Bracelet"],"potions_floor_usage":[],"damage_taken":[{"damage":0.0,"enemies":"Small Slimes","floor":1.0,"turns":1.0},{"damage":0.0,"enemies":"Cultist","floor":3.0,"turns":1.0},{"damage":0.0,"enemies":"2 Louse","floor":4.0,"turns":1.0},{"damage":15.0,"enemies":"Lagavulin","floor":7.0,"turns":6.0},{"damage":23.0,"enemies":"3 Sentries","floor":10.0,"turns":4.0},{"damage":0.0,"enemies":"Red Slaver","floor":12.0,"turns":4.0},{"damage":20.0,"enemies":"The Guardian","floor":16.0,"turns":8.0},{"damage":12.0,"enemies":"Shell Parasite","floor":18.0,"turns":3.0},{"damage":0.0,"enemies":"Spheric Guardian","floor":22.0,"turns":3.0},{"damage":54.0,"enemies":"Slavers","floor":23.0,"turns":5.0},{"damage":0.0,"enemies":"Chosen and Byrds","floor":25.0,"turns":3.0},{"damage":10.0,"enemies":"Centurion and Healer","floor":28.0,"turns":3.0},{"damage":17.0,"enemies":"Snake Plant","floor":30.0,"turns":3.0},{"damage":1.0,"enemies":"Snecko","floor":31.0,"turns":4.0},{"damage":28.0,"enemies":"Collector","floor":33.0,"turns":9.0},{"damage":4.0,"enemies":"Orb Walker","floor":35.0,"turns":2.0},{"damage":0.0,"enemies":"3 Shapes","floor":38.0,"turns":3.0},{"damage":19.0,"enemies":"Spire Growth","floor":39.0,"turns":5.0},{"damage":0.0,"enemies":"Mind Bloom Boss Battle","floor":41.0,"turns":4.0},{"damage":0.0,"enemies":"Sphere and 2 Shapes","floor":45.0,"turns":3.0},{"damage":72,"enemies":"Awakened One","floor":50,"turns":9}],"seed_played":"970919811632330323","potions_obtained":[{"floor":1.0,"key":"Swift Potion"},{"floor":7.0,"key":"Fire Potion"},{"floor":12.0,"key":"SmokeBomb"},{"floor":13.0,"key":"Dexterity Potion"},{"floor":13.0,"key":"EntropicBrew"},{"floor":16.0,"key":"Dexterity Potion"},{"floor":23.0,"key":"SkillPotion"},{"floor":25.0,"key":"PowerPotion"},{"floor":31.0,"key":"EntropicBrew"},{"floor":39.0,"key":"Regen Potion"},{"floor":41.0,"key":"Energy Potion"}],"is_trial":false,"path_per_floor":["M","?","M","M","$","R","E","R","T","E","R","M","?","$","R","B",null,"M","$","?","?","M","E","R","M","T","R","M","R","M","M","R","B",null,"M","?","$","M","M","R","?","R","T","R","M","T","?","?","R"],"character_chosen":"DEFECT","items_purchased":["Transmutation","Seek"],"campfire_rested":4,"item_purchase_floors":[5,37],"current_hp_per_floor":[68,68,68,68,68,68,63,63,63,46,46,46,46,46,46,26,70,58,58,58,58,58,4,29,29,29,54,44,44,27,26,51,35,73,69,69,69,69,50,50,50,50,50,50,50,50,40,40,65,0],"gold":138,"neow_bonus":"THREE_ENEMY_KILL","is_prod":false,"is_daily":false,"chose_seed":false,"campfire_upgraded":5,"win_rate":0,"timestamp":1535822448,"path_taken":["M","?","?","?","$","R","E","R","T","E","R","M","?","$","R","BOSS","M","$","?","?","M","E","R","M","T","R","M","R","M","M","R","BOSS","M","?","$","M","M","R","?","R","T","R","M","?","?","?","R","BOSS"],"build_version":"2018-08-30","purchased_purges":4,"victory":false,"max_hp_per_floor":[75,75,75,75,75,75,85,85,85,85,85,85,85,85,85,85,85,85,85,85,85,85,85,85,85,85,85,85,85,85,85,85,85,85,85,85,85,85,85,85,85,85,85,85,85,85,85,85,85,85],"card_choices":[{"not_picked":["Skim","Go for the Eyes"],"picked":"Leap","floor":1.0},{"not_picked":["Chaos","Skim","Conserve Battery"],"picked":"SKIP","floor":3.0},{"not_picked":["Chaos","Skim"],"picked":"Conserve Battery","floor":3.0},{"not_picked":["White Noise","Coolheaded"],"picked":"Compile Driver","floor":4.0},{"not_picked":["Turbo","Heatsinks"],"picked":"Defragment","floor":7.0},{"not_picked":["Creative AI","Sweeping Beam"],"picked":"Force Field","floor":10.0},{"not_picked":["Chaos","Barrage"],"picked":"Ball Lightning","floor":12.0},{"not_picked":["All For One","Buffer"],"picked":"Machine Learning","floor":16.0},{"not_picked":["Barrage+1","Turbo","Rebound+1"],"picked":"SKIP","floor":18.0},{"not_picked":["Conserve Battery","Go for the Eyes","Streamline"],"picked":"SKIP","floor":22.0},{"not_picked":["Double Energy","Force Field"],"picked":"Thunder Strike","floor":23.0},{"not_picked":["Rebound","Stack","Gash"],"picked":"SKIP","floor":25.0},{"not_picked":["Force Field+1","Barrage"],"picked":"Darkness+1","floor":28.0},{"not_picked":["Gash+1","Static Discharge"],"picked":"Hologram+1","floor":30.0},{"not_picked":["Rebound","Barrage"],"picked":"Leap","floor":31.0},{"not_picked":["Biased Cognition","Rainbow"],"picked":"Buffer","floor":33.0},{"not_picked":["Steam Power"],"picked":"SKIP","floor":35.0},{"not_picked":["Sweeping Beam"],"picked":"SKIP","floor":38.0},{"not_picked":["Rebound+1"],"picked":"SKIP","floor":39.0},{"not_picked":["Streamline"],"picked":"SKIP","floor":45.0},{"not_picked":[],"picked":"Mind Blast","floor":47.0},{"not_picked":[],"picked":"Redo+1","floor":49.0}],"player_experience":386660,"relics_obtained":[{"floor":7.0,"key":"Pear"},{"floor":9.0,"key":"Symbiotic Virus"},{"floor":10.0,"key":"Shovel"},{"floor":23.0,"key":"War Paint"},{"floor":26.0,"key":"Ancient Tea Set"},{"floor":29.0,"key":"Mercury Hourglass"},{"floor":41.0,"key":"Du-Vu Doll"},{"floor":42.0,"key":"Dream Catcher"},{"floor":43.0,"key":"Oddly Smooth Stone"},{"floor":44.0,"key":"Vajra"},{"floor":46.0,"key":"Juzu Bracelet"}],"event_choices":[{"event_name":"Liars Game","player_choice":"agreed","floor":2.0,"damage_taken":0.0},{"event_name":"The Lab","player_choice":"Got Potions","floor":13.0,"damage_taken":0.0},{"event_name":"WeMeetAgain","player_choice":"Potion","floor":20.0,"damage_taken":0.0},{"event_name":"The Mausoleum","player_choice":"Yes","floor":21.0,"damage_taken":0.0},{"event_name":"Tomb of Lord Red Mask","player_choice":"Ignored","floor":36.0,"damage_taken":0.0},{"event_name":"MindBloom","player_choice":"Fight","floor":41.0,"damage_taken":0.0},{"event_name":"SensoryStone","player_choice":"Memory 3","floor":47.0,"damage_taken":0.0},{"event_name":"Transmorgrifier","player_choice":"Transform","floor":48.0,"damage_taken":0.0}],"is_beta":false,"boss_relics":[{"not_picked":["Lizard Tail","Runic Dome"],"picked":"Cursed Key"},{"not_picked":["Snecko Eye","Philosopher\u0027s Stone"],"picked":"Busted Crown"}],"items_purged_floors":[5,14,19,37],"is_endless":false,"potions_floor_spawned":[1,7,12,16,23,25,31,39,41],"killed_by":"Awakened One","ascension_level":11}