{"gold_per_floor":[13,13,26,46,62,62,90,90,90,14,33,3,29,49,49,122,122,108,128,140,140,153,153,185,185,185,19,19,30,30,30,30,109,109,123,123,134,145,156,156,189,89,89,101,133,133,162,179,179,179],"floor_reached":51,"playtime":3251,"items_purged":["Strike_G","Strike_G"],"score":1364,"play_id":"de93955a-85bb-44a8-95bc-b2c29c6e80ee","local_time":"20190225223602","is_ascension_mode":true,"campfire_choices":[{"data":"Neutralize","floor":6.0,"key":"SMITH"},{"data":"Riddle With Holes","floor":8.0,"key":"SMITH"},{"data":"Infinite Blades","floor":15.0,"key":"SMITH"},{"data":"Footwork","floor":23.0,"key":"SMITH"},{"data":"Footwork","floor":25.0,"key":"SMITH"},{"floor":28.0,"key":"REST"},{"floor":32.0,"key":"REST"},{"floor":40.0,"key":"REST"},{"floor":46.0,"key":"REST"},{"floor":49.0,"key":"REST"}],"neow_cost":"NO_GOLD","seed_source_timestamp":0,"circlet_count":0,"master_deck":["AscendersBane","Defend_G","Defend_G","Defend_G","Defend_G","Defend_G","Strike_G","Survivor","Neutralize+1","Dodge and Roll+1","Cloak And Dagger+1","Infinite Blades+1","Riddle With Holes+1","Footwork+1","Backflip+1","Blade Dance+1","Blade Dance+1","Cloak And Dagger+1","Dash","Crippling Poison+1","Footwork+1","Dodge and Roll+1","Die Die Die","Infinite Blades","Accuracy+1","Adrenaline+1","Sucker Punch","Finisher","Backflip+1","Sucker Punch+1","Footwork","Deflect+1"],"special_seed":0,"relics":["Ring of the Snake","Du-Vu Doll","Toxic Egg 2","Paper Crane","Matryoshka","Strawberry","Empty Cage","WingedGreaves","Pen Nib","Turnip","Philosopher\u0027s Stone","Lantern","Oddly Smooth Stone","FossilizedHelix","Orichalcum","Mummified Hand"],"potions_floor_usage":[50],"damage_taken":[{"damage":2.0,"enemies":"2 Louse","floor":1.0,"turns":3.0},{"damage":0.0,"enemies":"Cultist","floor":3.0,"turns":5.0},{"damage":0.0,"enemies":"Small Slimes","floor":4.0,"turns":4.0},{"damage":4.0,"enemies":"Red Slaver","floor":5.0,"turns":6.0},{"damage":17.0,"enemies":"3 Sentries","floor":7.0,"turns":11.0},{"damage":4.0,"enemies":"Looter","floor":11.0,"turns":4.0},{"damage":0.0,"enemies":"Lagavulin","floor":13.0,"turns":8.0},{"damage":0.0,"enemies":"Exordium Thugs","floor":14.0,"turns":3.0},{"damage":16.0,"enemies":"Slime Boss","floor":16.0,"turns":13.0},{"damage":16.0,"enemies":"2 Thieves","floor":18.0,"turns":4.0},{"damage":3.0,"enemies":"Chosen","floor":19.0,"turns":5.0},{"damage":3.0,"enemies":"Snecko","floor":20.0,"turns":5.0},{"damage":6.0,"enemies":"3 Cultists","floor":22.0,"turns":5.0},{"damage":19.0,"enemies":"Book of Stabbing","floor":24.0,"turns":6.0},{"damage":15.0,"enemies":"Shelled Parasite and Fungi","floor":29.0,"turns":6.0},{"damage":17.0,"enemies":"Colosseum Slavers","floor":31.0,"turns":4.0},{"damage":21.0,"enemies":"Automaton","floor":33.0,"turns":11.0},{"damage":20.0,"enemies":"3 Darklings","floor":35.0,"turns":6.0},{"damage":1.0,"enemies":"3 Shapes","floor":37.0,"turns":5.0},{"damage":26.0,"enemies":"3 Darklings","floor":38.0,"turns":4.0},{"damage":5.0,"enemies":"Maw","floor":39.0,"turns":7.0},{"damage":20.0,"enemies":"Reptomancer","floor":41.0,"turns":5.0},{"damage":0.0,"enemies":"Spire Growth","floor":44.0,"turns":5.0},{"damage":12.0,"enemies":"Nemesis","floor":45.0,"turns":7.0},{"damage":7.0,"enemies":"Reptomancer","floor":47.0,"turns":7.0},{"damage":0.0,"enemies":"Transient","floor":48.0,"turns":5.0},{"damage":35,"enemies":"Time Eater","floor":50,"turns":14}],"seed_played":"8856318932279121331","potions_obtained":[{"floor":4.0,"key":"Fire Potion"},{"floor":11.0,"key":"LiquidBronze"},{"floor":33.0,"key":"GamblersBrew"},{"floor":35.0,"key":"Strength Potion"},{"floor":36.0,"key":"FairyPotion"}],"is_trial":false,"path_per_floor":["M","?","M","M","M","R","E","R","T","$","M","$","E","M","R","B",null,"M","M","M","?","M","R","E","R","T","$","R","M","?","?","R","B",null,"M","?","M","M","M","R","E","$","T","M","E","R","E","M","R","B",null],"character_chosen":"THE_SILENT","items_purchased":["Footwork","Blade Dance+1","Infinite Blades","SteroidPotion"],"campfire_rested":5,"item_purchase_floors":[10,12,27,27],"current_hp_per_floor":[57,57,57,57,53,53,36,36,36,36,32,32,39,39,39,23,61,45,42,39,39,33,33,14,14,14,14,35,20,20,3,24,3,56,36,36,35,9,4,25,5,5,5,5,7,28,21,21,42,7],"gold":179,"neow_bonus":"ONE_RARE_RELIC","is_prod":false,"is_daily":false,"chose_seed":false,"campfire_upgraded":5,"win_rate":0,"timestamp":1551130562,"path_taken":["M","?","M","M","M","R","E","R","T","?","M","$","E","M","R","BOSS","M","M","?","?","M","R","E","R","T","$","R","?","?","?","R","BOSS","M","?","M","M","?","R","E","$","T","M","E","R","E","M","R","BOSS"],"build_version":"2019-01-23","purchased_purges":2,"victory":true,"max_hp_per_floor":[66,66,66,66,66,66,66,66,66,66,66,66,73,73,73,73,73,73,73,73,73,73,73,73,73,73,73,73,73,73,73,73,73,73,73,73,73,73,73,73,73,73,73,73,73,73,73,73,73,73],"card_choices":[{"not_picked":["Quick Slash","Cloak And Dagger"],"picked":"Blade Dance","floor":1.0},{"not_picked":["Bane","Deadly Poison+1"],"picked":"Dodge and Roll+1","floor":3.0},{"not_picked":["Leg Sweep+1","Accuracy"],"picked":"Cloak And Dagger+1","floor":4.0},{"not_picked":["Acrobatics+1","Eviscerate"],"picked":"Infinite Blades","floor":5.0},{"not_picked":["Poisoned Stab","Acrobatics+1"],"picked":"Riddle With Holes","floor":7.0},{"not_picked":["Choke","Prepared+1"],"picked":"Backflip+1","floor":11.0},{"not_picked":["Flying Knee","Slice"],"picked":"Blade Dance+1","floor":13.0},{"not_picked":["Poisoned Stab","Flying Knee","Dagger Spray"],"picked":"SKIP","floor":14.0},{"not_picked":["Predator","PiercingWail+1"],"picked":"Cloak And Dagger+1","floor":18.0},{"not_picked":["Acrobatics+1","Bouncing Flask+1"],"picked":"Dash","floor":19.0},{"not_picked":["Outmaneuver+1","PiercingWail+1"],"picked":"Crippling Poison+1","floor":20.0},{"not_picked":["Dagger Throw+1","Slice"],"picked":"Dodge and Roll+1","floor":22.0},{"not_picked":["Bane","Reflex+1"],"picked":"Die Die Die","floor":24.0},{"not_picked":["Predator","Endless Agony"],"picked":"Accuracy+1","floor":29.0},{"not_picked":["Phantasmal Killer+1","Unload"],"picked":"Adrenaline+1","floor":33.0},{"not_picked":["Bane+1","Prepared+1"],"picked":"Sucker Punch","floor":35.0},{"not_picked":["Backflip+1","Dagger Throw"],"picked":"Finisher","floor":37.0},{"not_picked":["Accuracy+1","Skewer","Cloak And Dagger+1"],"picked":"SKIP","floor":38.0},{"not_picked":["Skewer","Dodge and Roll+1"],"picked":"Backflip+1","floor":39.0},{"not_picked":["Backstab","Acrobatics+1"],"picked":"Sucker Punch+1","floor":41.0},{"not_picked":["Outmaneuver+1","Deadly Poison+1"],"picked":"Footwork","floor":44.0},{"not_picked":["Storm of Steel+1","Concentrate+1","Dagger Spray"],"picked":"SKIP","floor":45.0},{"not_picked":["Noxious Fumes","Backstab","Prepared+1"],"picked":"SKIP","floor":47.0},{"not_picked":["Bane","Flying Knee"],"picked":"Deflect+1","floor":48.0}],"player_experience":411120,"relics_obtained":[{"floor":7.0,"key":"Paper Crane"},{"floor":9.0,"key":"Matryoshka"},{"floor":13.0,"key":"Strawberry"},{"floor":24.0,"key":"WingedGreaves"},{"floor":26.0,"key":"Pen Nib"},{"floor":26.0,"key":"Turnip"},{"floor":41.0,"key":"Lantern"},{"floor":43.0,"key":"Oddly Smooth Stone"},{"floor":43.0,"key":"FossilizedHelix"},{"floor":45.0,"key":"Orichalcum"},{"floor":47.0,"key":"Mummified Hand"}],"event_choices":[{"cards_removed":["Blade Dance"],"damage_healed":0.0,"max_hp_gain":0.0,"max_hp_loss":0.0,"gold_gain":0.0,"event_name":"WeMeetAgain","player_choice":"Gave Card","floor":2.0,"gold_loss":0.0,"damage_taken":0.0,"relics_obtained":["Toxic Egg 2"]},{"damage_healed":0.0,"max_hp_gain":0.0,"max_hp_loss":0.0,"gold_gain":0.0,"event_name":"Duplicator","player_choice":"Copied","floor":21.0,"gold_loss":0.0,"damage_taken":0.0,"cards_obtained":["Footwork"]},{"damage_healed":0.0,"max_hp_gain":0.0,"max_hp_loss":0.0,"gold_gain":0.0,"event_name":"Vampires","player_choice":"Ignored","floor":30.0,"gold_loss":0.0,"damage_taken":0.0},{"damage_healed":0.0,"max_hp_gain":0.0,"max_hp_loss":0.0,"gold_gain":0.0,"event_name":"Colosseum","player_choice":"Fight","floor":31.0,"gold_loss":0.0,"damage_taken":0.0},{"damage_healed":0.0,"max_hp_gain":0.0,"max_hp_loss":0.0,"gold_gain":0.0,"event_name":"Colosseum","player_choice":"Fled From Nobs","floor":31.0,"gold_loss":0.0,"damage_taken":0.0},{"damage_healed":0.0,"max_hp_gain":0.0,"max_hp_loss":0.0,"gold_gain":0.0,"event_name":"Lab","player_choice":"Got Potions","floor":36.0,"gold_loss":0.0,"damage_taken":0.0}],"is_beta":false,"boss_relics":[{"not_picked":["Pandora\u0027s Box","Tiny House"],"picked":"Empty Cage"},{"not_picked":["Coffee Dripper","Busted Crown"],"picked":"Philosopher\u0027s Stone"}],"items_purged_floors":[27,42],"is_endless":false,"potions_floor_spawned":[4,11,14,18,29,31,33,35,38],"ascension_level":16}