{"gold_per_floor":[525,525,551,586,616,616,147,147,182,208,254,266,37,37,67,100,131,160],"floor_reached":19,"playtime":1322,"items_purged":["Strike_B","Regret","Strike_B"],"score":395,"play_id":"91e6e277-cc46-4410-900b-80a755f5a85c","local_time":"20190407211415","daily_mods":["Uncertain Future"],"is_ascension_mode":false,"campfire_choices":[{"data":"Zap","floor":2,"key":"SMITH"},{"data":"Loop","floor":8,"key":"SMITH"},{"data":"Machine Learning","floor":14,"key":"SMITH"}],"neow_cost":"","seed_source_timestamp":0,"circlet_count":0,"master_deck":["Strike_B","Strike_B+1","Defend_B","Defend_B","Defend_B","Defend_B","Zap+1","Dualcast","Loop+1","Rip and Tear+1","Chill","Skim","Ball Lightning","Loop","Force Field","Machine Learning+1","Storm","Cold Snap","Machine Learning","Capacitor"],"relics":["Cracked Core","Black Star","Sling","PreservedInsect","Vajra","DataDisk","Omamori","Meat on the Bone","Sundial","Strawberry","Ancient Tea Set","Calling Bell","Bag of Preparation","Dodecahedron","Gambling Chip","Mummified Hand","Pen Nib","Blood Vial","MawBank","Whetstone","Blue Candle","Kunai","Cursed Key","Happy Flower","Pear","Cables","Orichalcum","Dream Catcher","Thread and Needle","Boot","Molten Egg 2"],"potions_floor_usage":[4,11,18,18],"damage_taken":[{"damage":8,"enemies":"Gremlin Nob","floor":3,"turns":3},{"damage":2,"enemies":"3 Sentries","floor":4,"turns":4},{"damage":0,"enemies":"Lagavulin","floor":5,"turns":3},{"damage":0,"enemies":"Gremlin Leader","floor":9,"turns":4},{"damage":6,"enemies":"Slavers","floor":10,"turns":4},{"damage":0,"enemies":"Book of Stabbing","floor":11,"turns":3},{"damage":15,"enemies":"Nemesis","floor":15,"turns":3},{"damage":10,"enemies":"Giant Head","floor":16,"turns":5},{"damage":8,"enemies":"Reptomancer","floor":17,"turns":4},{"damage":11,"enemies":"Shield and Spear","floor":18,"turns":5}],"seed_played":"3831106616819108959","potions_obtained":[{"floor":3,"key":"AttackPotion"},{"floor":5,"key":"Fire Potion"},{"floor":11,"key":"Strength Potion"},{"floor":17,"key":"Energy Potion"}],"is_trial":true,"path_per_floor":["$","R","E","E","E","T","$","R","E","E","E","T","$","R","E","E","E","E",null],"character_chosen":"DEFECT","items_purchased":["Swift Potion","Dexterity Potion","SkillPotion","Loop","Rip and Tear","Vajra","Mummified Hand","Loop","PowerPotion","Storm","Cold Snap"],"campfire_rested":0,"item_purchase_floors":[1,1,1,1,1,1,7,7,7,13,13],"current_hp_per_floor":[75,75,67,65,72,72,72,72,72,68,70,70,70,70,67,59,53,56],"gold":160,"neow_bonus":"","is_prod":false,"is_daily":false,"chose_seed":false,"campfire_upgraded":3,"win_rate":0,"timestamp":1554689655,"path_taken":["$","R","E","E","E","T","$","R","E","E","E","T","$","R","E","E","E","E"],"build_version":"2019-01-23","purchased_purges":3,"victory":true,"max_hp_per_floor":[75,75,75,75,82,82,82,82,82,82,82,82,82,82,92,92,92,92],"card_choices":[{"not_picked":["Genetic Algorithm","Sweeping Beam"],"picked":"Chill","floor":3},{"not_picked":["Genetic Algorithm","Heatsinks"],"picked":"Skim","floor":4},{"not_picked":["Steam","Skim"],"picked":"Ball Lightning","floor":5},{"not_picked":["Auto Shields","Redo","Reprogram"],"picked":"SKIP","floor":9},{"not_picked":["Go for the Eyes","Blizzard"],"picked":"Force Field","floor":10},{"not_picked":["Sweeping Beam","Rebound"],"picked":"Machine Learning","floor":11},{"not_picked":["Core Surge","Genetic Algorithm"],"picked":"Machine Learning","floor":15},{"not_picked":["Scrape","All For One","Stack"],"picked":"SKIP","floor":16},{"not_picked":["Hologram","Coolheaded"],"picked":"Capacitor","floor":17}],"player_experience":708711,"relics_obtained":[{"floor":3,"key":"DataDisk"},{"floor":3,"key":"Omamori"},{"floor":4,"key":"Meat on the Bone"},{"floor":4,"key":"Sundial"},{"floor":5,"key":"Strawberry"},{"floor":5,"key":"Ancient Tea Set"},{"floor":6,"key":"Bag of Preparation"},{"floor":6,"key":"Dodecahedron"},{"floor":6,"key":"Gambling Chip"},{"floor":9,"key":"Pen Nib"},{"floor":9,"key":"Blood Vial"},{"floor":10,"key":"MawBank"},{"floor":10,"key":"Whetstone"},{"floor":11,"key":"Blue Candle"},{"floor":11,"key":"Kunai"},{"floor":15,"key":"Happy Flower"},{"floor":15,"key":"Pear"},{"floor":16,"key":"Cables"},{"floor":16,"key":"Orichalcum"},{"floor":17,"key":"Dream Catcher"},{"floor":17,"key":"Thread and Needle"},{"floor":18,"key":"Boot"},{"floor":18,"key":"Molten Egg 2"}],"event_choices":[],"is_beta":false,"boss_relics":[{"not_picked":["Orrery","Inserter"],"picked":"Calling Bell"},{"not_picked":["Pandora\u0027s Box","Eternal Feather"],"picked":"Cursed Key"}],"items_purged_floors":[1,7,13],"is_endless":false,"potions_floor_spawned":[3,5,11,17],"ascension_level":0}