{"gold_per_floor":[118,118,118,118,133,133,166,166,244,244,265,265,284,307,307,397,397,418,432,467,467,467],"floor_reached":22,"playtime":891,"items_purged":[],"score":368,"play_id":"bc7eb84c-8a3e-4a29-a3e7-bedab217b7a5","local_time":"20190428165232","is_ascension_mode":true,"campfire_choices":[{"floor":6,"key":"REST"},{"floor":8,"key":"REST"},{"data":"Hyperbeam","floor":10,"key":"SMITH"},{"data":"Chill","floor":12,"key":"SMITH"},{"floor":15,"key":"REST"}],"neow_cost":"NONE","seed_source_timestamp":1466090105731990,"circlet_count":0,"master_deck":["AscendersBane","Strike_B","Strike_B","Strike_B","Strike_B","Defend_B","Defend_B","Defend_B","Defend_B","Zap","Dualcast","Hyperbeam+1","Rebound","Injury","Chill+1","Sweeping Beam","FTL","Barrage","FTL","Fission","Self Repair","Scrape","Self Repair","Gash","Rebound+1","Beam Cell"],"relics":["Cracked Core","Golden Idol","Art of War","Potion Belt","Question Card","Orrery","Red Mask"],"potions_floor_usage":[18,18],"damage_taken":[{"damage":0,"enemies":"Small Slimes","floor":1,"turns":2},{"damage":0,"enemies":"Jaw Worm","floor":5,"turns":2},{"damage":30,"enemies":"3 Sentries","floor":7,"turns":6},{"damage":6,"enemies":"2 Louse","floor":11,"turns":2},{"damage":0,"enemies":"Exordium Wildlife","floor":13,"turns":1},{"damage":9,"enemies":"Looter","floor":14,"turns":2},{"damage":63,"enemies":"The Guardian","floor":16,"turns":12},{"damage":18,"enemies":"3 Byrds","floor":18,"turns":5},{"damage":16,"enemies":"Chosen","floor":19,"turns":4},{"damage":7,"enemies":"Masked Bandits","floor":20,"turns":2},{"damage":15,"enemies":"Colosseum Slavers","floor":21,"turns":2},{"damage":28,"enemies":"Snecko","floor":22,"turns":3}],"seed_played":"3803264670360414285","potions_obtained":[{"floor":13,"key":"Poison Potion"},{"floor":16,"key":"SpeedPotion"},{"floor":19,"key":"SpeedPotion"}],"is_trial":false,"path_per_floor":["M","?","?","?","M","R","E","R","T","R","M","R","M","M","R","B",null,"M","M","?","?","M"],"character_chosen":"DEFECT","items_purchased":[],"campfire_rested":3,"item_purchase_floors":[],"current_hp_per_floor":[64,64,64,59,59,71,41,62,62,62,56,56,56,47,68,5,55,51,49,42,27,0],"gold":467,"neow_bonus":"ONE_RANDOM_RARE_CARD","is_prod":false,"is_daily":false,"chose_seed":false,"campfire_upgraded":2,"win_rate":0,"timestamp":1556459552,"path_taken":["M","?","?","?","?","R","E","R","T","R","M","R","M","M","R","BOSS","M","M","?","?","?"],"build_version":"2019-01-23","purchased_purges":0,"victory":false,"max_hp_per_floor":[71,71,71,71,71,71,71,71,71,71,71,71,71,71,71,71,71,71,71,71,71,71],"card_choices":[{"not_picked":["Cold Snap","Recycle"],"picked":"Rebound","floor":1},{"not_picked":["Rebound","Melter"],"picked":"Chill","floor":5},{"not_picked":["Go for the Eyes","Leap"],"picked":"Sweeping Beam","floor":7},{"not_picked":["Coolheaded","Steam","Lockon"],"picked":"FTL","floor":11},{"not_picked":["Conserve Battery","Stack","Streamline"],"picked":"Barrage","floor":13},{"not_picked":["Go for the Eyes","Redo","Creative AI"],"picked":"FTL","floor":14},{"not_picked":["Creative AI","Meteor Strike","Amplify"],"picked":"Fission","floor":16},{"not_picked":["Streamline","Rip and Tear","Turbo"],"picked":"Self Repair","floor":17},{"not_picked":["Stack","Turbo","Capacitor"],"picked":"Scrape","floor":17},{"not_picked":["Hologram","Cold Snap","Force Field"],"picked":"Self Repair","floor":17},{"not_picked":["Redo","Turbo","BootSequence"],"picked":"Gash","floor":17},{"not_picked":["Stack","Self Repair","Double Energy"],"picked":"Rebound+1","floor":18},{"not_picked":["Sweeping Beam","Heatsinks","Conserve Battery","Undo"],"picked":"SKIP","floor":19},{"not_picked":["Rip and Tear","Seek","Hologram"],"picked":"Beam Cell","floor":20}],"player_experience":1256505,"relics_obtained":[{"floor":7,"key":"Potion Belt"},{"floor":9,"key":"Question Card"},{"floor":20,"key":"Red Mask"}],"event_choices":[{"damage_healed":0,"gold_gain":0,"player_choice":"Take Wound","damage_taken":0,"relics_obtained":["Golden Idol"],"max_hp_gain":0,"max_hp_loss":0,"event_name":"Golden Idol","floor":2,"gold_loss":0,"cards_obtained":["Injury"]},{"damage_healed":0,"gold_gain":0,"player_choice":"Ignored","damage_taken":0,"max_hp_gain":0,"max_hp_loss":0,"event_name":"Shining Light","floor":3,"gold_loss":0},{"damage_healed":0,"gold_gain":0,"player_choice":"Success","damage_taken":5,"relics_obtained":["Art of War"],"max_hp_gain":0,"max_hp_loss":0,"event_name":"Scrap Ooze","floor":4,"gold_loss":0},{"damage_healed":0,"gold_gain":0,"player_choice":"Fought Bandits","damage_taken":0,"max_hp_gain":0,"max_hp_loss":0,"event_name":"Masked Bandits","floor":20,"gold_loss":0},{"damage_healed":0,"gold_gain":0,"player_choice":"Fight","damage_taken":0,"max_hp_gain":0,"max_hp_loss":0,"event_name":"Colosseum","floor":21,"gold_loss":0},{"damage_healed":0,"gold_gain":0,"player_choice":"Fled From Nobs","damage_taken":0,"max_hp_gain":0,"max_hp_loss":0,"event_name":"Colosseum","floor":21,"gold_loss":0}],"is_beta":false,"boss_relics":[{"not_picked":["Ectoplasm","White Beast Statue"],"picked":"Orrery"}],"items_purged_floors":[],"is_endless":false,"potions_floor_spawned":[13,16,19],"killed_by":"Snecko","ascension_level":20}