{"gold_per_floor":[115,190,22,22,40,71,71,83,83,108,119,119,119,147,147,251,301,321,339,339,34,133,133,133],"floor_reached":24,"playtime":1039,"items_purged":[],"score":335,"play_id":"9b34fd22-7c27-4d44-be7a-98b06af0e6ca","local_time":"20190204180050","is_ascension_mode":true,"campfire_choices":[{"data":"Zap","floor":7.0,"key":"SMITH"},{"data":"Dualcast","floor":12.0,"key":"SMITH"},{"data":"Defragment","floor":15.0,"key":"SMITH"},{"data":"Loop","floor":23.0,"key":"SMITH"}],"neow_cost":"NONE","seed_source_timestamp":286937792674813,"circlet_count":0,"master_deck":["Strike_B+1","Strike_B","Strike_B","Strike_B","Defend_B","Defend_B+1","Defend_B","Defend_B","Zap+1","Dualcast+1","Core Surge","Rebound+1","Blind","All For One","Conserve Battery","Glacier+1","BootSequence+1","Fission+1","Conserve Battery+1","Defragment+1","Rainbow+1","Loop+1","Streamline","Consume+1","Defragment","Conserve Battery+1"],"special_seed":0,"relics":["Cracked Core","Toxic Egg 2","Pear","Meat on the Bone","Ancient Tea Set","Tiny House","Medical Kit"],"potions_floor_usage":[],"damage_taken":[{"damage":2.0,"enemies":"Jaw Worm","floor":1.0,"turns":3.0},{"damage":0.0,"enemies":"Small Slimes","floor":5.0,"turns":3.0},{"damage":25.0,"enemies":"Gremlin Nob","floor":6.0,"turns":4.0},{"damage":0.0,"enemies":"2 Louse","floor":8.0,"turns":2.0},{"damage":17.0,"enemies":"Lagavulin","floor":10.0,"turns":5.0},{"damage":1.0,"enemies":"Blue Slaver","floor":11.0,"turns":3.0},{"damage":9.0,"enemies":"Gremlin Nob","floor":14.0,"turns":3.0},{"damage":15.0,"enemies":"Hexaghost","floor":16.0,"turns":10.0},{"damage":17.0,"enemies":"2 Thieves","floor":18.0,"turns":4.0},{"damage":0.0,"enemies":"Spheric Guardian","floor":19.0,"turns":4.0},{"damage":0.0,"enemies":"3 Cultists","floor":20.0,"turns":2.0},{"damage":57,"enemies":"Slavers","floor":24,"turns":7}],"seed_played":"7310049809492927845","potions_obtained":[{"floor":5.0,"key":"AttackPotion"},{"floor":8.0,"key":"Swift Potion"},{"floor":10.0,"key":"Poison Potion"},{"floor":11.0,"key":"PowerPotion"},{"floor":17.0,"key":"SmokeBomb"}],"is_trial":false,"path_per_floor":["M","?","$","?","M","E","R","M","T","E","M","R","?","E","R","B",null,"M","M","M","$","?","R","E"],"character_chosen":"DEFECT","items_purchased":["Blind","All For One","Medical Kit","Defragment","Conserve Battery+1"],"campfire_rested":0,"item_purchase_floors":[3,3,21,21,21],"current_hp_per_floor":[66,55,55,40,40,15,15,15,25,8,19,19,19,22,22,19,74,57,57,57,57,57,57,0],"gold":133,"neow_bonus":"ONE_RANDOM_RARE_CARD","is_prod":false,"is_daily":false,"chose_seed":false,"campfire_upgraded":4,"win_rate":0,"timestamp":1549299650,"path_taken":["M","?","$","?","M","E","R","M","T","E","M","R","?","E","R","BOSS","M","M","M","$","?","R","E"],"build_version":"2019-01-23","purchased_purges":0,"victory":false,"max_hp_per_floor":[75,75,75,75,75,75,75,75,85,85,85,85,85,85,85,85,90,90,90,90,90,90,90,90],"card_choices":[{"not_picked":["Beam Cell","Ball Lightning"],"picked":"Rebound","floor":1.0},{"not_picked":["Static Discharge","Stack"],"picked":"Conserve Battery","floor":5.0},{"not_picked":["Coolheaded","Rebound"],"picked":"Glacier","floor":6.0},{"not_picked":["Force Field+1","Redo+1"],"picked":"BootSequence+1","floor":8.0},{"not_picked":["Double Energy+1","Streamline"],"picked":"Fission+1","floor":10.0},{"not_picked":["Stack+1","Compile Driver"],"picked":"Conserve Battery+1","floor":11.0},{"not_picked":["Static Discharge","Doom and Gloom"],"picked":"Defragment","floor":14.0},{"not_picked":["Meteor Strike","Buffer"],"picked":"Rainbow+1","floor":16.0},{"not_picked":["Streamline","Compile Driver"],"picked":"Loop","floor":17.0},{"not_picked":["Scrape","Compile Driver"],"picked":"Streamline","floor":18.0},{"not_picked":["Fusion+1","Sunder"],"picked":"Consume+1","floor":19.0}],"player_experience":295598,"relics_obtained":[{"floor":6.0,"key":"Toxic Egg 2"},{"floor":9.0,"key":"Pear"},{"floor":10.0,"key":"Meat on the Bone"},{"floor":14.0,"key":"Ancient Tea Set"}],"event_choices":[{"damage_healed":0.0,"max_hp_gain":0.0,"max_hp_loss":0.0,"gold_gain":75.0,"event_name":"World of Goop","player_choice":"Gather Gold","floor":2.0,"gold_loss":0.0,"damage_taken":11.0},{"damage_healed":0.0,"max_hp_gain":0.0,"max_hp_loss":0.0,"gold_gain":0.0,"event_name":"Shining Light","player_choice":"Entered Light","floor":4.0,"gold_loss":0.0,"damage_taken":15.0,"cards_upgraded":["Rebound","Strike_B"]},{"damage_healed":0.0,"max_hp_gain":0.0,"max_hp_loss":0.0,"gold_gain":0.0,"event_name":"Scrap Ooze","player_choice":"Fled","floor":13.0,"gold_loss":0.0,"damage_taken":0.0},{"damage_healed":0.0,"max_hp_gain":0.0,"max_hp_loss":0.0,"gold_gain":99.0,"event_name":"Nest","player_choice":"Stole From Cult","floor":22.0,"gold_loss":0.0,"damage_taken":0.0}],"is_beta":false,"boss_relics":[{"not_picked":["Pandora\u0027s Box","Snecko Eye"],"picked":"Tiny House"}],"items_purged_floors":[],"is_endless":false,"potions_floor_spawned":[5,8,10,11,20],"killed_by":"Slavers","ascension_level":9}