{"gold_per_floor":[18,93,93,16,16,16,51,66,66,66,66,66,66,10,10,109,109,123,123,33,45,55,82,97,97,97,97,131,144,144,163,163,264,264,277,288,288,3,14,14,48,102,102,102,36,36,53,79,79,79,79,79,14,47,47],"floor_reached":56,"playtime":3775,"items_purged":["Blizzard"],"score":1286,"play_id":"a4fb4d46-5513-4c42-9b21-150c95e43ad5","local_time":"20190309175204","is_ascension_mode":true,"campfire_choices":[{"data":"Rip and Tear","floor":6.0,"key":"SMITH"},{"data":"Hologram","floor":10.0,"key":"SMITH"},{"data":"Dualcast","floor":12.0,"key":"SMITH"},{"data":"Consume","floor":15.0,"key":"SMITH"},{"data":"Sunder","floor":25.0,"key":"SMITH"},{"data":"Defragment","floor":27.0,"key":"SMITH"},{"data":"Tempest","floor":30.0,"key":"SMITH"},{"data":"Biased Cognition","floor":32.0,"key":"SMITH"},{"data":"Multi-Cast","floor":40.0,"key":"SMITH"},{"data":"Hologram","floor":46.0,"key":"SMITH"},{"floor":49.0,"key":"RECALL"},{"data":"Loop","floor":52.0,"key":"SMITH"}],"neow_cost":"NO_GOLD","seed_source_timestamp":0,"circlet_count":0,"master_deck":["Zap+1","Dualcast+1","Rip and Tear+1","Glacier","Ball Lightning","Consume+1","Echo Form","Recycle+1","Defragment+1","Glacier+1","Biased Cognition+1","Sunder+1","Defragment+1","Static Discharge+1","Tempest+1","Sunder+1","Meteor Strike","Thunder Strike+1","Core Surge","Reboot","Coolheaded","Multi-Cast+1","Barrage","Turbo+1","Hologram+1","Doom and Gloom+1","Capacitor","Loop+1","Blind","Capacitor","Multi-Cast","Trip","Glacier"],"special_seed":0,"relics":["Cracked Core","Mango","Pear","Bird Faced Urn","Prayer Wheel","The Courier","Snecko Eye","Centennial Puzzle","Bottled Lightning","Torii","Pandora\u0027s Box","ClockworkSouvenir","Whetstone","Incense Burner","Mummified Hand","Strawberry"],"potions_floor_usage":[55,55,55,55,55,55],"damage_taken":[{"damage":0.0,"enemies":"2 Louse","floor":1.0,"turns":2.0},{"damage":29.0,"enemies":"Gremlin Nob","floor":7.0,"turns":4.0},{"damage":0.0,"enemies":"Jaw Worm","floor":8.0,"turns":2.0},{"damage":11.0,"enemies":"The Guardian","floor":16.0,"turns":12.0},{"damage":0.0,"enemies":"3 Byrds","floor":18.0,"turns":4.0},{"damage":2.0,"enemies":"Shell Parasite","floor":21.0,"turns":5.0},{"damage":0.0,"enemies":"Snecko","floor":22.0,"turns":5.0},{"damage":26.0,"enemies":"Book of Stabbing","floor":23.0,"turns":8.0},{"damage":17.0,"enemies":"Shelled Parasite and Fungi","floor":24.0,"turns":4.0},{"damage":15.0,"enemies":"Slavers","floor":28.0,"turns":5.0},{"damage":0.0,"enemies":"Centurion and Healer","floor":29.0,"turns":6.0},{"damage":2.0,"enemies":"Cultist and Chosen","floor":31.0,"turns":5.0},{"damage":12.0,"enemies":"Champ","floor":33.0,"turns":7.0},{"damage":1.0,"enemies":"3 Darklings","floor":35.0,"turns":3.0},{"damage":0.0,"enemies":"Orb Walker","floor":36.0,"turns":3.0},{"damage":0.0,"enemies":"Sphere and 2 Shapes","floor":39.0,"turns":2.0},{"damage":0.0,"enemies":"Nemesis","floor":41.0,"turns":6.0},{"damage":10.0,"enemies":"2 Orb Walkers","floor":42.0,"turns":2.0},{"damage":1.0,"enemies":"Spire Growth","floor":47.0,"turns":3.0},{"damage":13.0,"enemies":"Giant Head","floor":48.0,"turns":6.0},{"damage":12.0,"enemies":"Donu and Deca","floor":50.0,"turns":4.0},{"damage":2.0,"enemies":"Shield and Spear","floor":54.0,"turns":4.0},{"damage":55,"enemies":"The Heart","floor":55,"turns":6}],"seed_played":"-7513046294574838417","potions_obtained":[{"floor":8.0,"key":"SteroidPotion"},{"floor":16.0,"key":"Ancient Potion"},{"floor":18.0,"key":"Fire Potion"},{"floor":28.0,"key":"SpeedPotion"},{"floor":36.0,"key":"Poison Potion"},{"floor":41.0,"key":"FocusPotion"},{"floor":42.0,"key":"Fire Potion"},{"floor":54.0,"key":"EntropicBrew"}],"is_trial":false,"path_per_floor":["M","?","?","$","T","R","E","M","T","R","?","R","?","$","R","B",null,"M","?","?","M","M","E","M","R","T","R","E","M","R","M","R","B",null,"M","M","?","$","M","R","E","?","T","?","$","R","M","E","R","B",null,"R","$","E","B",null],"character_chosen":"DEFECT","items_purchased":["Rip and Tear","Consume","ClockworkSouvenir","Doom and Gloom","Capacitor","Trip"],"campfire_rested":0,"item_purchase_floors":[4,14,38,38,45,53],"current_hp_per_floor":[89,78,78,78,88,88,59,59,59,59,64,64,61,61,61,50,104,104,104,104,104,104,80,67,67,67,67,56,64,64,74,74,76,104,104,104,104,104,104,104,104,98,98,93,93,93,98,99,99,99,104,104,104,111,65],"gold":47,"neow_bonus":"ONE_RARE_RELIC","is_prod":false,"is_daily":false,"chose_seed":false,"campfire_upgraded":11,"win_rate":0,"timestamp":1552150324,"path_taken":["M","?","?","$","?","R","E","?","T","R","?","R","?","$","R","BOSS","M","?","?","M","M","E","M","R","T","R","E","M","R","M","R","BOSS","M","M","?","$","M","R","E","?","T","?","?","R","M","E","R","BOSS","R","$","E","BOSS"],"build_version":"2019-01-23","purchased_purges":1,"victory":true,"max_hp_per_floor":[89,89,89,89,99,99,99,99,99,99,104,104,104,104,104,104,104,104,104,104,104,104,104,104,104,104,104,104,104,104,104,104,104,104,104,104,104,104,104,104,104,104,104,104,104,104,104,104,104,104,104,104,104,111,111],"card_choices":[{"not_picked":["Cold Snap","Compile Driver"],"picked":"Hologram","floor":1.0},{"not_picked":["Steam","Barrage"],"picked":"Glacier","floor":7.0},{"not_picked":["Steam","Reinforced Body"],"picked":"Ball Lightning","floor":8.0},{"not_picked":["Reboot","Meteor Strike"],"picked":"Echo Form","floor":16.0},{"not_picked":["Streamline","Sweeping Beam+1"],"picked":"Recycle","floor":18.0},{"not_picked":["Rebound","Cold Snap+1","Barrage"],"picked":"SKIP","floor":18.0},{"not_picked":["Skim","Lockon"],"picked":"Glacier+1","floor":21.0},{"not_picked":["Cold Snap","Scrape","Go for the Eyes"],"picked":"SKIP","floor":21.0},{"not_picked":["Barrage","Reprogram"],"picked":"Biased Cognition","floor":22.0},{"not_picked":["Redo","Cold Snap","Beam Cell+1"],"picked":"SKIP","floor":22.0},{"not_picked":["Redo","Gash+1"],"picked":"Sunder","floor":23.0},{"not_picked":["Sweeping Beam+1","FTL"],"picked":"Defragment+1","floor":24.0},{"not_picked":["Blizzard","Lockon","Cold Snap"],"picked":"SKIP","floor":24.0},{"not_picked":["Undo","Streamline"],"picked":"Static Discharge+1","floor":28.0},{"not_picked":["Barrage","Go for the Eyes"],"picked":"Tempest","floor":29.0},{"not_picked":["Barrage+1","Hologram","Ball Lightning"],"picked":"SKIP","floor":29.0},{"not_picked":["Glacier+1","Beam Cell+1"],"picked":"Sunder+1","floor":31.0},{"not_picked":["Amplify","Stack","Cold Snap+1"],"picked":"SKIP","floor":31.0},{"not_picked":["Seek","Fission"],"picked":"Meteor Strike","floor":33.0},{"not_picked":["Stack+1","Skim","Lockon"],"picked":"SKIP","floor":35.0},{"not_picked":["Auto Shields","Gash","Skim"],"picked":"SKIP","floor":35.0},{"not_picked":["Stack","Leap+1"],"picked":"Turbo+1","floor":36.0},{"not_picked":["Leap","Steam"],"picked":"Hologram","floor":36.0},{"not_picked":["Coolheaded","Rebound"],"picked":"Capacitor","floor":39.0},{"not_picked":["Ball Lightning+1","Chaos","Reinforced Body"],"picked":"SKIP","floor":39.0},{"not_picked":["Blizzard","Steam Power"],"picked":"Loop","floor":41.0},{"not_picked":["Master of Strategy","PanicButton"],"picked":"Blind","floor":44.0},{"not_picked":["Auto Shields+1","Scrape","Ball Lightning+1"],"picked":"SKIP","floor":47.0},{"not_picked":["Tempest","Leap","Turbo"],"picked":"SKIP","floor":47.0},{"not_picked":["Steam+1","Blizzard+1"],"picked":"Multi-Cast","floor":48.0},{"not_picked":["Go for the Eyes","Steam"],"picked":"Glacier","floor":54.0}],"player_experience":483035,"relics_obtained":[{"floor":5.0,"key":"Pear"},{"floor":7.0,"key":"Bird Faced Urn"},{"floor":9.0,"key":"Prayer Wheel"},{"floor":23.0,"key":"Centennial Puzzle"},{"floor":26.0,"key":"Bottled Lightning"},{"floor":28.0,"key":"Torii"},{"floor":41.0,"key":"Whetstone"},{"floor":42.0,"key":"Incense Burner"},{"floor":48.0,"key":"Mummified Hand"},{"floor":54.0,"key":"Strawberry"}],"event_choices":[{"damage_healed":0.0,"max_hp_gain":0.0,"max_hp_loss":0.0,"gold_gain":75.0,"event_name":"World of Goop","player_choice":"Gather Gold","floor":2.0,"gold_loss":0.0,"damage_taken":11.0},{"damage_healed":0.0,"max_hp_gain":0.0,"max_hp_loss":0.0,"gold_gain":0.0,"event_name":"Living Wall","player_choice":"Grow","floor":3.0,"gold_loss":0.0,"damage_taken":0.0,"cards_upgraded":["Zap"]},{"damage_healed":0.0,"max_hp_gain":5.0,"max_hp_loss":0.0,"gold_gain":0.0,"event_name":"Big Fish","player_choice":"Donut","floor":11.0,"gold_loss":0.0,"damage_taken":0.0},{"damage_healed":0.0,"max_hp_gain":0.0,"max_hp_loss":0.0,"gold_gain":0.0,"event_name":"Scrap Ooze","player_choice":"Success","floor":13.0,"gold_loss":0.0,"damage_taken":3.0,"relics_obtained":["The Courier"]},{"damage_healed":0.0,"max_hp_gain":0.0,"max_hp_loss":0.0,"gold_gain":0.0,"event_name":"The Library","player_choice":"Read","floor":19.0,"gold_loss":0.0,"damage_taken":0.0,"cards_obtained":["Defragment"]},{"cards_removed":["Strike_B"],"damage_healed":0.0,"max_hp_gain":0.0,"max_hp_loss":0.0,"gold_gain":0.0,"event_name":"Designer","player_choice":"Upgrade and Remove","floor":20.0,"gold_loss":90.0,"damage_taken":0.0,"cards_upgraded":["Recycle"]},{"cards_removed":["Hologram"],"damage_healed":0.0,"max_hp_gain":0.0,"max_hp_loss":0.0,"gold_gain":0.0,"event_name":"Falling","player_choice":"Removed Skill","floor":37.0,"gold_loss":0.0,"damage_taken":0.0},{"damage_healed":0.0,"max_hp_gain":0.0,"max_hp_loss":0.0,"gold_gain":0.0,"event_name":"Mysterious Sphere","player_choice":"Fight","floor":42.0,"gold_loss":0.0,"damage_taken":0.0},{"damage_healed":0.0,"max_hp_gain":0.0,"max_hp_loss":0.0,"gold_gain":0.0,"event_name":"SensoryStone","player_choice":"Memory 2","floor":44.0,"gold_loss":0.0,"damage_taken":5.0}],"is_beta":false,"boss_relics":[{"not_picked":["Runic Pyramid","Astrolabe"],"picked":"Snecko Eye"},{"not_picked":["White Beast Statue","Coffee Dripper"],"picked":"Pandora\u0027s Box"}],"items_purged_floors":[38],"is_endless":false,"potions_floor_spawned":[8,16,18,21,23,28,36,41,42,47,54],"ascension_level":1}