{"path_per_floor":["M","M","?","?","M","E","R","E","T","M","M","R","?","$","R","B",null,"M","$","?","$","?"],"character_chosen":"IRONCLAD","items_purchased":["Paper Frog","Metallicize"],"gold_per_floor":[119,133,133,133,157,192,192,226,251,275,296,296,296,221,221,352,352,370,47,47,47,47,47],"floor_reached":23,"campfire_rested":2,"playtime":1143,"current_hp_per_floor":[80,80,73,53,55,44,71,43,43,47,61,61,43,43,70,32,90,90,90,63,63,63,0],"items_purged":["Strike_R"],"gold":47,"score":262,"play_id":"9d189e93-120d-43a9-9b52-9822db11d44d","local_time":"20180404222113","is_prod":false,"is_daily":false,"is_ascension_mode":true,"campfire_upgraded":1,"timestamp":1522905673,"path_taken":["M","M","?","?","M","E","R","E","T","M","?","R","?","$","R","BOSS","M","?","?","?","?","E"],"build_version":"2018-03-29v2","purchased_purges":1,"victory":false,"master_deck":["Defend_R+1","Defend_R","Defend_R","Defend_R","Bash+1","Combust","Rampage","Rupture+1","Twin Strike","Shrug It Off","Limit Break","Twin Strike+1","Metallicize","Bite","Bite","Bite","Bite","Bite"],"max_hp_per_floor":[80,80,80,80,80,90,90,90,90,90,90,90,90,90,90,90,90,90,90,63,63,63,63],"relics":["Burning Blood","Golden Idol","Pear","Meat on the Bone","Happy Flower","Black Star","Paper Frog","Shovel"],"card_choices":[{"not_picked":["Intimidate","Anger"],"picked":"Combust","floor":1},{"not_picked":["Sword Boomerang","Flex"],"picked":"Rampage","floor":2},{"not_picked":["Intimidate","Perfected Strike"],"picked":"Rupture","floor":5},{"not_picked":["Shrug It Off","Entrench"],"picked":"Twin Strike","floor":10},{"not_picked":["Perfected Strike","True Grit"],"picked":"Shrug It Off","floor":11},{"not_picked":["Offering","Impervious"],"picked":"Limit Break","floor":16},{"not_picked":["Perfected Strike","Warcry"],"picked":"Twin Strike","floor":18}],"player_experience":227778,"potions_floor_usage":[6,16,23],"damage_taken":[{"damage":1,"enemies":"Cultist","floor":1,"turns":3},{"damage":2,"enemies":"Small Slimes","floor":2,"turns":4},{"damage":4,"enemies":"Jaw Worm","floor":5,"turns":4},{"damage":27,"enemies":"Gremlin Nob","floor":6,"turns":4},{"damage":34,"enemies":"Lagavulin","floor":8,"turns":7},{"damage":14,"enemies":"Looter","floor":10,"turns":4},{"damage":4,"enemies":"Large Slime","floor":11,"turns":6},{"damage":56,"enemies":"Slime Boss","floor":16,"turns":11},{"damage":4,"enemies":"Chosen","floor":18,"turns":5},{"damage":82,"enemies":"Book of Stabbing","floor":23,"turns":5}],"event_choices":[{"event_name":"Golden Wing","player_choice":"Card Removal","floor":3,"damage_taken":0},{"event_name":"Golden Idol","player_choice":"Take Damage","floor":4,"damage_taken":0},{"event_name":"Shining Light","player_choice":"Entered Light","floor":13,"damage_taken":0},{"event_name":"Vampires","player_choice":"Became a vampire","floor":20,"damage_taken":0},{"event_name":"The Mausoleum","player_choice":"Yes","floor":22,"damage_taken":0}],"boss_relics":[{"not_picked":["Philosopher\u0027s Stone","Runic Dome"],"picked":"Black Star"}],"potions_floor_spawned":[1,5,11,16],"seed_played":"4350766785995088807","killed_by":"Book of Stabbing","ascension_level":4,"is_trial":false}