{"gold_per_floor":[117,117,117,129,14,39,39,59,59,59,119,119,149,160,160,235,235,255,281,196,216,7,7,24,24,24,58,75,94,121,121],"floor_reached":31,"playtime":1631,"items_purged":["Defend_G"],"score":604,"play_id":"f24b471d-9de6-4137-9880-e6f4317901aa","local_time":"20190209044628","is_ascension_mode":true,"campfire_choices":[{"data":"Distraction","floor":7.0,"key":"SMITH"},{"data":"Cloak And Dagger","floor":10.0,"key":"SMITH"},{"data":"Well Laid Plans","floor":12.0,"key":"SMITH"},{"data":"Malaise","floor":15.0,"key":"SMITH"},{"data":"Glass Knife","floor":23.0,"key":"SMITH"},{"data":"Wraith Form v2","floor":25.0,"key":"SMITH"}],"neow_cost":"NONE","seed_source_timestamp":39307629421019,"circlet_count":0,"master_deck":["AscendersBane","Defend_G","Defend_G","Defend_G","Strike_G","Strike_G","Strike_G","Strike_G","Strike_G","Survivor","Neutralize","Backflip","Leg Sweep","Well Laid Plans+1","Distraction+1","Cloak And Dagger+1","Deflect","Malaise+1","Predator","Wraith Form v2+1","Cloak And Dagger","Backstab","Glass Knife+1","Accuracy","Cloak And Dagger","Noxious Fumes+1","Backstab","Blade Dance","Die Die Die","PiercingWail"],"special_seed":0,"relics":["Ring of the Snake","NeowsBlessing","Darkstone Periapt","Happy Flower","Gremlin Horn","Tiny Chest","Boot","WristBlade","Snake Skull","Bag of Marbles","Peace Pipe","Anchor","Ancient Tea Set"],"potions_floor_usage":[31],"damage_taken":[{"damage":0.0,"enemies":"Small Slimes","floor":1.0,"turns":1.0},{"damage":0.0,"enemies":"2 Louse","floor":4.0,"turns":1.0},{"damage":0.0,"enemies":"Gremlin Nob","floor":6.0,"turns":1.0},{"damage":0.0,"enemies":"Cultist","floor":8.0,"turns":4.0},{"damage":16.0,"enemies":"Lagavulin","floor":11.0,"turns":10.0},{"damage":7.0,"enemies":"3 Sentries","floor":13.0,"turns":10.0},{"damage":0.0,"enemies":"Looter","floor":14.0,"turns":4.0},{"damage":24.0,"enemies":"Hexaghost","floor":16.0,"turns":18.0},{"damage":6.0,"enemies":"Chosen","floor":18.0,"turns":9.0},{"damage":3.0,"enemies":"Spheric Guardian","floor":21.0,"turns":5.0},{"damage":2.0,"enemies":"Snecko","floor":24.0,"turns":4.0},{"damage":6.0,"enemies":"Slavers","floor":27.0,"turns":5.0},{"damage":0.0,"enemies":"Snake Plant","floor":28.0,"turns":3.0},{"damage":17.0,"enemies":"Cultist and Chosen","floor":29.0,"turns":7.0},{"damage":10.0,"enemies":"Book of Stabbing","floor":30.0,"turns":5.0},{"damage":7,"enemies":"Sentry and Sphere","floor":31,"turns":3}],"seed_played":"9004816821724507664","potions_obtained":[{"floor":1.0,"key":"GhostInAJar"},{"floor":11.0,"key":"EntropicBrew"},{"floor":29.0,"key":"SkillPotion"}],"is_trial":false,"path_per_floor":["M","?","?","M","$","E","R","M","T","R","E","R","E","M","R","B",null,"M","T","?","M","$","R","M","R","T","E","M","M","E","M"],"character_chosen":"THE_SILENT","items_purchased":["Well Laid Plans","Glass Knife","Accuracy","Cloak And Dagger"],"campfire_rested":0,"item_purchase_floors":[5,22,22,22],"current_hp_per_floor":[59,54,54,54,54,54,54,54,54,54,38,38,31,31,31,7,51,45,45,45,42,42,42,40,40,40,34,34,17,7,0],"gold":121,"neow_bonus":"THREE_ENEMY_KILL","is_prod":false,"is_daily":false,"chose_seed":false,"campfire_upgraded":6,"win_rate":0,"timestamp":1549716388,"path_taken":["M","?","?","M","$","E","R","M","T","R","E","R","E","M","R","BOSS","M","?","?","M","?","R","?","R","T","E","M","M","E","M"],"build_version":"2019-01-23","purchased_purges":1,"victory":false,"max_hp_per_floor":[66,66,66,66,66,66,66,66,66,66,66,66,66,66,66,66,66,66,66,66,66,66,66,66,66,66,66,66,66,66,66],"card_choices":[{"not_picked":["Escape Plan","Poisoned Stab"],"picked":"Backflip","floor":1.0},{"not_picked":["Skewer","Acrobatics"],"picked":"Leg Sweep","floor":4.0},{"not_picked":["Acrobatics","Deadly Poison"],"picked":"Distraction","floor":6.0},{"not_picked":["Blade Dance","Backflip"],"picked":"Cloak And Dagger","floor":8.0},{"not_picked":["Dagger Throw","Blade Dance"],"picked":"Deflect","floor":11.0},{"not_picked":["Dagger Spray","Skewer"],"picked":"Malaise","floor":13.0},{"not_picked":["Riddle With Holes","Calculated Gamble"],"picked":"Predator","floor":14.0},{"not_picked":["Phantasmal Killer","Doppelganger"],"picked":"Wraith Form v2","floor":16.0},{"not_picked":["Dodge and Roll","Dagger Spray"],"picked":"Cloak And Dagger","floor":18.0},{"not_picked":["Cloak And Dagger+1","Flying Knee"],"picked":"Backstab","floor":21.0},{"not_picked":["Riddle With Holes","Acrobatics"],"picked":"Noxious Fumes+1","floor":24.0},{"not_picked":["Quick Slash","Acrobatics"],"picked":"Backstab","floor":27.0},{"not_picked":["Dagger Throw","Poisoned Stab"],"picked":"Blade Dance","floor":28.0},{"not_picked":["Accuracy","Caltrops"],"picked":"Die Die Die","floor":29.0},{"not_picked":["Deadly Poison","Catalyst"],"picked":"PiercingWail","floor":30.0}],"player_experience":1206413,"relics_obtained":[{"floor":6.0,"key":"Happy Flower"},{"floor":9.0,"key":"Gremlin Horn"},{"floor":11.0,"key":"Tiny Chest"},{"floor":13.0,"key":"Boot"},{"floor":19.0,"key":"Snake Skull"},{"floor":26.0,"key":"Peace Pipe"},{"floor":27.0,"key":"Anchor"},{"floor":30.0,"key":"Ancient Tea Set"}],"event_choices":[{"damage_healed":0.0,"max_hp_gain":0.0,"max_hp_loss":0.0,"gold_gain":0.0,"event_name":"Scrap Ooze","player_choice":"Success","floor":2.0,"gold_loss":0.0,"damage_taken":5.0,"relics_obtained":["Darkstone Periapt"]},{"cards_removed":["Defend_G"],"damage_healed":0.0,"max_hp_gain":0.0,"max_hp_loss":0.0,"gold_gain":0.0,"event_name":"Purifier","player_choice":"Purged","floor":3.0,"gold_loss":0.0,"damage_taken":0.0},{"damage_healed":0.0,"max_hp_gain":0.0,"max_hp_loss":0.0,"gold_gain":0.0,"event_name":"Addict","player_choice":"Obtained Relic","floor":20.0,"gold_loss":85.0,"damage_taken":0.0,"relics_obtained":["Bag of Marbles"]}],"is_beta":false,"boss_relics":[{"not_picked":["Philosopher\u0027s Stone","Black Star"],"picked":"WristBlade"}],"items_purged_floors":[5],"is_endless":false,"potions_floor_spawned":[1,11,14,27,29],"killed_by":"Sentry and Sphere","ascension_level":18}