{"gold_per_floor":[113,129,144,164,37,37,64,22,72,128,153,169,169,200,200,272,272,232,232,232,232,232,232,232,232,232,5,5,5,5,5,5,5,5,5,5,5,5,5,5,5,5,5,5,5,5,5,5,5,5],"floor_reached":51,"playtime":3579,"items_purged":["Strike_B"],"score":1334,"play_id":"05e3ad08-4bd7-4f05-98f4-d8cd723c42d7","local_time":"20190225191513","is_ascension_mode":true,"campfire_choices":[{"data":"Zap","floor":6.0,"key":"SMITH"},{"floor":13.0,"key":"REST"},{"data":"White Noise","floor":15.0,"key":"SMITH"},{"data":"Chill","floor":23.0,"key":"SMITH"},{"data":"Turbo","floor":25.0,"key":"SMITH"},{"data":"Barrage","floor":30,"key":"SMITH"},{"floor":32,"key":"REST"},{"data":"Echo Form","floor":40,"key":"SMITH"},{"data":"Echo Form","floor":42,"key":"SMITH"},{"data":"Thunder Strike","floor":47,"key":"SMITH"},{"data":"Dualcast","floor":49,"key":"SMITH"}],"neow_cost":"PERCENT_DAMAGE","seed_source_timestamp":0,"circlet_count":0,"master_deck":["AscendersBane","Strike_B+1","Strike_B","Strike_B","Defend_B","Defend_B","Defend_B","Defend_B","Zap+1","Dualcast+1","White Noise+1","Glacier","Compile Driver","Turbo+1","Barrage+1","Self Repair","Ball Lightning+1","Tempest","Chill+1","FTL","Electrodynamics","Storm+1","Conserve Battery","Biased Cognition","Force Field","Echo Form+1","Tempest","Loop+1","Echo Form+1","Thunder Strike+1"],"special_seed":0,"relics":["Cracked Core","Ice Cream","Question Card","Bronze Scales","Centennial Puzzle","Odd Mushroom","Juzu Bracelet","Ectoplasm","Red Mask","DataDisk","Whetstone","Runic Capacitor","Omamori","Cursed Key","Du-Vu Doll","Prayer Wheel","Orichalcum"],"potions_floor_usage":[29,33,50,50],"damage_taken":[{"damage":1.0,"enemies":"Cultist","floor":1.0,"turns":4.0},{"damage":2.0,"enemies":"Jaw Worm","floor":2.0,"turns":3.0},{"damage":3.0,"enemies":"Small Slimes","floor":3.0,"turns":3.0},{"damage":0.0,"enemies":"Exordium Wildlife","floor":4.0,"turns":3.0},{"damage":5.0,"enemies":"3 Sentries","floor":7.0,"turns":8.0},{"damage":27.0,"enemies":"Lagavulin Event","floor":10.0,"turns":5.0},{"damage":0.0,"enemies":"The Mushroom Lair","floor":11.0,"turns":3.0},{"damage":6.0,"enemies":"Exordium Thugs","floor":12.0,"turns":2.0},{"damage":3.0,"enemies":"Lagavulin","floor":14.0,"turns":6.0},{"damage":0.0,"enemies":"Slime Boss","floor":16.0,"turns":6.0},{"damage":1.0,"enemies":"2 Thieves","floor":18.0,"turns":2.0},{"damage":16.0,"enemies":"Shell Parasite","floor":19.0,"turns":2.0},{"damage":6.0,"enemies":"Masked Bandits","floor":20.0,"turns":3.0},{"damage":0.0,"enemies":"Snecko","floor":21.0,"turns":3.0},{"damage":10.0,"enemies":"Book of Stabbing","floor":24.0,"turns":4.0},{"damage":13.0,"enemies":"Cultist and Chosen","floor":28.0,"turns":4.0},{"damage":3,"enemies":"Gremlin Leader","floor":29,"turns":4},{"damage":11,"enemies":"Champ","floor":33,"turns":8},{"damage":0,"enemies":"Orb Walker","floor":35,"turns":3},{"damage":11,"enemies":"Mind Bloom Boss Battle","floor":36,"turns":5},{"damage":18,"enemies":"2 Orb Walkers","floor":38,"turns":3},{"damage":0,"enemies":"3 Shapes","floor":39,"turns":3},{"damage":18,"enemies":"3 Darklings","floor":44,"turns":3},{"damage":29,"enemies":"Donu and Deca","floor":50,"turns":4}],"seed_played":"267816321636073408","potions_obtained":[{"floor":1.0,"key":"Explosive Potion"},{"floor":4.0,"key":"Strength Potion"},{"floor":10.0,"key":"PowerPotion"},{"floor":19.0,"key":"Ancient Potion"},{"floor":28,"key":"Ancient Potion"},{"floor":29,"key":"FocusPotion"},{"floor":38,"key":"Dexterity Potion"},{"floor":44,"key":"Swift Potion"}],"is_trial":false,"path_per_floor":["M","M","M","M","$","R","E","$","T","?","?","M","R","E","R","B",null,"M","M","?","M","?","R","E","R","T","$","M","E","R","$","R","B",null,"M","?","?","?","M","R","$","R","T","M","?","?","R","$","R","B",null],"character_chosen":"DEFECT","items_purchased":["Turbo","Self Repair","Runic Capacitor"],"campfire_rested":2,"item_purchase_floors":[5,8,27],"current_hp_per_floor":[45,43,40,40,40,40,35,35,35,15,22,16,37,41,41,48,65,64,55,56,63,43,43,40,40,40,40,34,38,38,38,60,56,71,76,72,76,65,72,72,72,72,72,68,68,68,68,68,68,39],"gold":5,"neow_bonus":"ONE_RARE_RELIC","is_prod":false,"is_daily":false,"chose_seed":false,"campfire_upgraded":9,"win_rate":0,"timestamp":1551143713,"path_taken":["M","?","M","M","$","R","E","?","T","?","?","?","R","E","R","BOSS","M","M","?","M","?","R","E","R","T","$","M","E","R","$","R","BOSS","M","?","?","?","M","R","?","R","T","M","?","?","R","$","R","BOSS"],"build_version":"2019-01-23","purchased_purges":1,"victory":true,"max_hp_per_floor":[71,71,71,71,71,71,71,71,71,71,71,71,71,71,71,71,71,71,71,71,71,76,76,76,76,76,76,76,76,76,76,76,76,76,76,76,76,76,76,76,76,76,76,76,76,76,76,76,76,76],"card_choices":[{"not_picked":["Steam Power","Barrage"],"picked":"Sunder","floor":1.0},{"not_picked":["Chaos","Gash"],"picked":"White Noise","floor":2.0},{"not_picked":["Heatsinks","Leap"],"picked":"Glacier","floor":3.0},{"not_picked":["Redo","Streamline"],"picked":"Compile Driver","floor":4.0},{"not_picked":["Turbo","Lockon"],"picked":"Barrage","floor":7.0},{"not_picked":["Steam","Buffer","Sweeping Beam"],"picked":"Ball Lightning","floor":10.0},{"not_picked":["Consume","Reprogram","BootSequence"],"picked":"Tempest","floor":11.0},{"not_picked":["Steam","Rip and Tear","Sweeping Beam"],"picked":"Chill","floor":12.0},{"not_picked":["Ball Lightning","Turbo","Hello World"],"picked":"FTL","floor":14.0},{"not_picked":["Seek","Rainbow","Core Surge"],"picked":"Electrodynamics","floor":16.0},{"not_picked":["Rebound+1","Stack","Sweeping Beam","Gash"],"picked":"SKIP","floor":18.0},{"not_picked":["Ball Lightning","Sweeping Beam","Beam Cell"],"picked":"Storm+1","floor":19.0},{"not_picked":["Consume","Cold Snap","Hello World"],"picked":"Conserve Battery","floor":20.0},{"not_picked":["Skim+1","Hologram","Heatsinks"],"picked":"Biased Cognition","floor":21.0},{"not_picked":["Gash","Compile Driver+1","Barrage","Streamline"],"picked":"SKIP","floor":24.0},{"not_picked":["Steam","Static Discharge","BootSequence"],"picked":"Force Field","floor":28},{"not_picked":["Sweeping Beam","Lockon+1","Leap","Darkness"],"picked":"SKIP","floor":29},{"not_picked":["Electrodynamics","Hyperbeam","Fission"],"picked":"Echo Form","floor":33},{"not_picked":["Beam Cell+1","Cold Snap","Ball Lightning"],"picked":"Tempest","floor":35},{"not_picked":["Leap","Go for the Eyes+1","Chaos"],"picked":"Loop+1","floor":38},{"not_picked":["Redo","Hologram+1","Fusion"],"picked":"Echo Form","floor":39},{"not_picked":["Barrage","Compile Driver","Cold Snap","Recycle"],"picked":"SKIP","floor":39},{"not_picked":["Streamline","Ball Lightning","Gash"],"picked":"Thunder Strike","floor":44},{"not_picked":["Compile Driver","Redo","Ball Lightning","Go for the Eyes+1"],"picked":"SKIP","floor":44},{"not_picked":["Compile Driver","Redo","Ball Lightning","Go for the Eyes+1"],"picked":"SKIP","floor":44}],"player_experience":585890,"relics_obtained":[{"floor":7.0,"key":"Question Card"},{"floor":9.0,"key":"Bronze Scales"},{"floor":10.0,"key":"Centennial Puzzle"},{"floor":11.0,"key":"Odd Mushroom"},{"floor":14.0,"key":"Juzu Bracelet"},{"floor":20.0,"key":"Red Mask"},{"floor":24.0,"key":"DataDisk"},{"floor":26.0,"key":"Whetstone"},{"floor":29,"key":"Omamori"},{"floor":36,"key":"Du-Vu Doll"},{"floor":38,"key":"Prayer Wheel"},{"floor":43,"key":"Orichalcum"}],"event_choices":[{"damage_healed":0.0,"max_hp_gain":0.0,"max_hp_loss":0.0,"gold_gain":0.0,"event_name":"Dead Adventurer","player_choice":"Searched \u00272\u0027 times","floor":10.0,"gold_loss":0.0,"damage_taken":0.0},{"damage_healed":0.0,"max_hp_gain":0.0,"max_hp_loss":0.0,"gold_gain":0.0,"event_name":"Mushrooms","player_choice":"Fought Mushrooms","floor":11.0,"gold_loss":0.0,"damage_taken":0.0},{"damage_healed":0.0,"max_hp_gain":0.0,"max_hp_loss":0.0,"gold_gain":0.0,"event_name":"Masked Bandits","player_choice":"Fought Bandits","floor":20.0,"gold_loss":0.0,"damage_taken":0.0},{"damage_healed":0.0,"max_hp_gain":5.0,"max_hp_loss":0.0,"gold_gain":0.0,"event_name":"Forgotten Altar","player_choice":"Shed Blood","floor":22.0,"gold_loss":0.0,"damage_taken":25.0},{"damage_healed":0,"gold_gain":0,"player_choice":"Fight","damage_taken":0,"max_hp_gain":0,"max_hp_loss":0,"event_name":"MindBloom","floor":36,"gold_loss":0},{"damage_healed":15,"gold_gain":0,"player_choice":"Writhe","damage_taken":0,"max_hp_gain":0,"max_hp_loss":0,"event_name":"Winding Halls","floor":37,"gold_loss":0,"cards_obtained":["Writhe"]},{"damage_healed":0,"gold_gain":0,"player_choice":"Fight","damage_taken":0,"max_hp_gain":0,"max_hp_loss":0,"event_name":"Mysterious Sphere","floor":38,"gold_loss":0},{"damage_healed":0,"gold_gain":0,"player_choice":"Memory 1","damage_taken":0,"max_hp_gain":0,"max_hp_loss":0,"event_name":"SensoryStone","floor":45,"gold_loss":0},{"cards_removed":["Sunder"],"damage_healed":0,"gold_gain":0,"player_choice":"Removed Attack","damage_taken":0,"max_hp_gain":0,"max_hp_loss":0,"event_name":"Falling","floor":46,"gold_loss":0}],"is_beta":false,"boss_relics":[{"not_picked":["Runic Pyramid","Runic Dome"],"picked":"Ectoplasm"},{"not_picked":["Coffee Dripper","Orrery"],"picked":"Cursed Key"}],"items_purged_floors":[5],"is_endless":false,"potions_floor_spawned":[1,4,10,19,28,29,38,44],"ascension_level":18}