{"gold_per_floor":[118,118,43,43,43,83,83,119,119,294,314,354,143,20,20,151,151,176,176,199,21,21,52,52,52,52,87,107,134,134,46,46,46],"floor_reached":33,"playtime":2417,"items_purged":["Defend_B","Strike_B"],"score":377,"play_id":"7400ac3c-e3a3-454b-bc9f-8406d588f02d","local_time":"20180712213803","is_ascension_mode":true,"campfire_choices":[{"data":"Zap","floor":7,"key":"SMITH"},{"data":"Beam Cell","floor":15,"key":"SMITH"},{"data":"Coolheaded","floor":25,"key":"SMITH"},{"floor":30,"key":"REST"},{"floor":32,"key":"REST"}],"neow_cost":"TEN_PERCENT_HP_LOSS","seed_source_timestamp":37141403257447,"circlet_count":0,"master_deck":["Strike_B","Strike_B+1","Defend_B","Defend_B+1","Zap+1","Dualcast+1","Glacier","Barrage","Sweeping Beam","Coolheaded+1","Self Repair","Gash","FTL","Flash of Steel","Beam Cell+1","Steam Power","Auto Shields","Beam Cell","Leap","Gash","RitualDagger","Master of Strategy","Gash+1","Blind"],"relics":["Cracked Core","Bloody Idol","Letter Opener","Symbiotic Virus","Anchor","Blue Candle","Orrery","Ancient Tea Set","Spirit Poop","Boot","Lantern","Bag of Preparation"],"potions_floor_usage":[6,12,16,23,28],"damage_taken":[{"damage":1,"enemies":"2 Louse","floor":1,"turns":3},{"damage":5,"enemies":"3 Sentries","floor":6,"turns":8},{"damage":3,"enemies":"Lagavulin","floor":8,"turns":6},{"damage":0,"enemies":"Jaw Worm","floor":11,"turns":2},{"damage":1,"enemies":"3 Sentries","floor":12,"turns":6},{"damage":17,"enemies":"Hexaghost","floor":16,"turns":8},{"damage":1,"enemies":"3 Byrds","floor":18,"turns":4},{"damage":1,"enemies":"2 Thieves","floor":20,"turns":3},{"damage":36,"enemies":"Book of Stabbing","floor":23,"turns":5},{"damage":29,"enemies":"Slavers","floor":27,"turns":4},{"damage":6,"enemies":"Centurion and Healer","floor":28,"turns":6},{"damage":9,"enemies":"Book of Stabbing","floor":29,"turns":5},{"damage":46,"enemies":"Collector","floor":33,"turns":6}],"seed_played":"-1544816305120901206","potions_obtained":[{"floor":1,"key":"Strength Potion"},{"floor":8,"key":"AttackPotion"},{"floor":11,"key":"Weak Potion"},{"floor":16,"key":"Ancient Potion"},{"floor":18,"key":"FearPotion"},{"floor":27,"key":"GamblersBrew"}],"is_trial":false,"path_per_floor":["M","?","$","?","?","E","R","E","T","?","M","E","$","$","R","B",null,"M","?","M","$","?","E","?","R","T","E","M","E","R","$","R"],"character_chosen":"DEFECT","items_purchased":["Gash","FTL","Flash of Steel","Beam Cell","Master of Strategy","Blind"],"campfire_rested":2,"item_purchase_floors":[13,13,13,14,21,31],"current_hp_per_floor":[67,63,63,50,50,45,45,42,42,42,42,41,41,41,41,24,63,63,57,56,56,56,32,32,32,32,8,14,10,28,28,46,0],"gold":46,"neow_bonus":"REMOVE_TWO","is_prod":false,"is_daily":false,"chose_seed":false,"campfire_upgraded":3,"win_rate":0,"timestamp":1531449483,"path_taken":["M","?","$","?","?","E","R","E","T","?","M","E","?","$","R","BOSS","M","?","?","$","?","E","?","R","T","E","?","E","R","$","R","BOSS"],"build_version":"2018-07-12","purchased_purges":2,"victory":false,"max_hp_per_floor":[68,63,63,63,63,63,63,63,63,63,63,63,63,63,63,63,63,63,63,63,63,63,63,63,63,63,63,63,63,63,63,63,63],"card_choices":[{"not_picked":["Skim","Steam"],"picked":"Glacier","floor":1},{"not_picked":["Hologram","Ball Lightning"],"picked":"Barrage","floor":6},{"not_picked":["Turbo","Consume"],"picked":"Sweeping Beam","floor":8},{"not_picked":["Recycle","Fusion"],"picked":"Coolheaded","floor":11},{"not_picked":["Lockon","Leap"],"picked":"Self Repair","floor":12},{"not_picked":["Compile Driver","Redo"],"picked":"Steam Power","floor":17},{"not_picked":["Heatsinks","Leap"],"picked":"Auto Shields","floor":17},{"not_picked":["Heatsinks","Hyperbeam"],"picked":"Beam Cell","floor":17},{"not_picked":["Coolheaded","Barrage"],"picked":"Leap","floor":17},{"not_picked":["Rebound+1","Chill"],"picked":"Gash","floor":18},{"not_picked":["Consume","Biased Cognition","Ball Lightning"],"picked":"SKIP","floor":20},{"not_picked":["Cold Snap+1","Coolheaded+1","BootSequence"],"picked":"SKIP","floor":23},{"not_picked":["Coolheaded+1","Stack+1"],"picked":"Gash+1","floor":27},{"not_picked":["Streamline","Compile Driver","Reinforced Body"],"picked":"SKIP","floor":28},{"not_picked":["Turbo+1","Rebound","Coolheaded"],"picked":"SKIP","floor":29}],"player_experience":275362,"relics_obtained":[{"floor":6,"key":"Letter Opener"},{"floor":8,"key":"Symbiotic Virus"},{"floor":9,"key":"Anchor"},{"floor":12,"key":"Blue Candle"},{"floor":23,"key":"Ancient Tea Set"},{"floor":26,"key":"Boot"},{"floor":27,"key":"Lantern"},{"floor":29,"key":"Bag of Preparation"}],"event_choices":[{"event_name":"Golden Idol","player_choice":"Lose Max HP","floor":2,"damage_taken":0},{"event_name":"Shining Light","player_choice":"Entered Light","floor":4,"damage_taken":0},{"event_name":"Upgrade Shrine","player_choice":"Upgraded","floor":5,"damage_taken":0},{"event_name":"Liars Game","player_choice":"agreed","floor":10,"damage_taken":0},{"event_name":"Nest","player_choice":"Joined the Cult","floor":19,"damage_taken":0},{"event_name":"Forgotten Altar","player_choice":"Gave Idol","floor":22,"damage_taken":0},{"event_name":"Bonfire Elementals","player_choice":"CURSE","floor":24,"damage_taken":0}],"boss_relics":[{"not_picked":["Tiny House","Sozu"],"picked":"Orrery"}],"items_purged_floors":[3,14],"is_endless":false,"potions_floor_spawned":[1,8,11,16,18,27],"killed_by":"Collector","ascension_level":4}