{"gold_per_floor":[110,127,145,164,164,164,197,197,224,224,236,277,289,318,330,416,428,450,495,507,362,376,376,376],"floor_reached":24,"playtime":845,"items_purged":["Decay"],"score":357,"play_id":"a013a4dc-23b9-4b68-86ba-a287a974016c","local_time":"20180822104937","is_ascension_mode":true,"campfire_choices":[{"data":"Fusion","floor":6,"key":"SMITH"},{"data":"Zap","floor":8,"key":"SMITH"},{"data":"Dualcast","floor":11,"key":"SMITH"},{"floor":15,"key":"REST"},{"floor":23,"key":"REST"}],"neow_cost":"NONE","seed_source_timestamp":258126073127,"circlet_count":0,"master_deck":["Strike_B","Strike_B","Strike_B","Defend_B","Defend_B","Defend_B","Defend_B","Zap+1","Dualcast+1","AscendersBane","Hologram","Auto Shields","Electrodynamics","Fusion+1","Hologram","Cold Snap","Ball Lightning","Creative AI","Chaos+1","Capacitor","Go for the Eyes","Static Discharge","Glacier+1"],"relics":["Cracked Core","Art of War","Pen Nib","MawBank","Vajra","Velvet Choker","Red Mask"],"potions_floor_usage":[7,16,18,24],"damage_taken":[{"damage":1,"enemies":"Cultist","floor":1,"turns":3},{"damage":4,"enemies":"Small Slimes","floor":2,"turns":3},{"damage":0,"enemies":"2 Louse","floor":3,"turns":2},{"damage":7,"enemies":"2 Fungi Beasts","floor":4,"turns":4},{"damage":22,"enemies":"Gremlin Nob","floor":7,"turns":4},{"damage":29,"enemies":"Lagavulin","floor":12,"turns":7},{"damage":4,"enemies":"Looter","floor":14,"turns":3},{"damage":12,"enemies":"The Guardian","floor":16,"turns":11},{"damage":20,"enemies":"2 Thieves","floor":18,"turns":3},{"damage":22,"floor":19,"turns":4},{"damage":6,"enemies":"Shell Parasite","floor":22,"turns":5},{"damage":38,"enemies":"Book of Stabbing","floor":24,"turns":6}],"seed_played":"2244597744494346445","potions_obtained":[{"floor":3,"key":"Strength Potion"},{"floor":4,"key":"Swift Potion"},{"floor":7,"key":"PowerPotion"},{"floor":18,"key":"EssenceOfSteel"}],"is_trial":false,"path_per_floor":["M","M","M","M","?","R","E","R","T","?","R","E","?","M","R","B",null,"M","?","?","$","M","R"],"character_chosen":"DEFECT","items_purchased":["Go for the Eyes","Static Discharge"],"campfire_rested":2,"item_purchase_floors":[21,21],"current_hp_per_floor":[70,66,66,59,59,59,37,37,37,37,37,8,8,4,27,15,62,42,20,20,20,14,37,0],"gold":376,"neow_bonus":"TEN_PERCENT_HP_BONUS","is_prod":false,"is_daily":false,"chose_seed":false,"campfire_upgraded":3,"win_rate":0,"timestamp":1534960177,"path_taken":["M","?","M","M","?","R","E","R","T","?","R","E","?","M","R","BOSS","M","?","?","$","?","R","E"],"build_version":"2018-08-16","purchased_purges":1,"victory":false,"max_hp_per_floor":[78,78,78,78,78,78,78,78,78,78,78,78,78,78,78,78,78,78,78,78,78,78,78,78],"card_choices":[{"not_picked":["Streamline","Stack","Gash"],"picked":"SKIP","floor":1},{"not_picked":["Storm","Redo"],"picked":"Hologram","floor":2},{"not_picked":["Stack","Static Discharge"],"picked":"Auto Shields","floor":3},{"not_picked":["Gash","Beam Cell"],"picked":"Electrodynamics","floor":4},{"not_picked":["Barrage","Streamline"],"picked":"Hologram","floor":7},{"not_picked":["Blizzard","Leap"],"picked":"Cold Snap","floor":12},{"not_picked":["Conserve Battery","Sweeping Beam"],"picked":"Ball Lightning","floor":14},{"not_picked":["Hyperbeam","Seek"],"picked":"Creative AI","floor":16},{"not_picked":["Loop","Stack"],"picked":"Chaos+1","floor":18},{"not_picked":["Streamline","Lockon"],"picked":"Capacitor","floor":19},{"not_picked":["Hello World","Fusion"],"picked":"Glacier+1","floor":22}],"player_experience":783215,"relics_obtained":[{"floor":7,"key":"Art of War"},{"floor":9,"key":"Pen Nib"},{"floor":12,"key":"Vajra"},{"floor":19,"key":"Red Mask"}],"event_choices":[{"event_name":"Living Wall","player_choice":"Change","floor":5,"damage_taken":0},{"event_name":"Big Fish","player_choice":"Box","floor":10,"damage_taken":0},{"event_name":"Purifier","player_choice":"One Purge","floor":13,"damage_taken":0},{"event_name":"Masked Bandits","player_choice":"Fought Bandits","floor":19,"damage_taken":0},{"event_name":"Forgotten Altar","player_choice":"Smashed Altar","floor":20,"damage_taken":0}],"is_beta":false,"boss_relics":[{"not_picked":["Tiny House","Runic Pyramid"],"picked":"Velvet Choker"}],"items_purged_floors":[21],"is_endless":false,"potions_floor_spawned":[3,4,7,18],"killed_by":"Book of Stabbing","ascension_level":15}