{"path_per_floor":["M","?","T","M","$","E","M","R","T","?","?","R","T","M","R","B",null,"M","?","$","M","M","E","M","R","T","M","R","?","M","E","R","B",null,"M","M","?","M","M","E","R","$","T","$","?","R","?","M","R","B"],"character_chosen":"IRONCLAD","items_purchased":["Bandage Up","Anger","Warcry","War Paint","Paper Frog","Pen Nib","Madness"],"gold_per_floor":[109,109,109,124,49,90,115,115,115,115,115,115,186,202,202,322,322,335,335,108,127,150,188,204,204,254,273,273,198,214,250,250,370,370,394,413,746,766,786,813,813,674,726,72,120,120,120,133,133,133],"floor_reached":51,"campfire_rested":1,"playtime":3639,"current_hp_per_floor":[54,54,54,53,53,30,38,38,38,43,43,43,43,50,50,50,96,96,80,80,96,91,27,46,46,46,57,57,57,67,47,47,45,96,96,89,89,94,90,50,50,50,50,50,45,45,45,65,93,46],"items_purged":["Injury","Strike_R","Strike_R","Strike_R"],"gold":133,"score":865,"play_id":"3a0f2a36-4fdb-4f1c-a927-d699d3b38d62","local_time":"20180322004608","is_prod":false,"is_daily":false,"is_ascension_mode":false,"campfire_upgraded":8,"timestamp":1521704768,"path_taken":["M","?","?","?","?","E","M","R","T","?","?","R","?","M","R","BOSS","M","?","$","M","M","E","?","R","T","?","R","?","M","E","R","BOSS","M","M","?","?","M","E","R","$","T","$","?","R","?","M","R","BOSS"],"build_version":"2018-03-15v3","purchased_purges":5,"victory":true,"master_deck":["Strike_R+1","Defend_R","Defend_R+1","Defend_R","Bash","Searing Blow+8","Iron Wave","Reaper+1","Necronomicurse","Bandage Up","Armaments+1","Metallicize+1","Double Tap+1","Berserk","Dual Wield+1","Shrug It Off","Warcry","Madness"],"max_hp_per_floor":[96,96,96,96,96,96,96,96,96,96,96,96,96,96,96,96,96,96,96,96,96,96,96,96,96,96,96,96,96,96,96,96,96,96,96,96,96,96,96,96,96,96,96,96,96,96,96,96,96,96],"relics":["Burning Blood","Red Skull","Blood Vial","Girya","Mercury Hourglass","Velvet Choker","Necronomicon","Blue Candle","Lantern","Bronze Scales","Sozu","The Courier","Whetstone","War Paint","Paper Frog","Pen Nib","Calipers"],"card_choices":[{"not_picked":["Flame Barrier","Wild Strike"],"picked":"Clash"},{"not_picked":["Flex","Bloodletting"],"picked":"Searing Blow"},{"not_picked":["Whirlwind","Rampage"],"picked":"Iron Wave"},{"not_picked":["Impervious","Demon Form"],"picked":"Reaper"},{"not_picked":["Flex","Spot Weakness"],"picked":"Armaments"},{"not_picked":["Anger","Infernal Blade"],"picked":"Metallicize"},{"not_picked":["Shockwave","Searing Blow"],"picked":"Double Tap"},{"not_picked":["Bludgeon","Exhume"],"picked":"Berserk"},{"not_picked":["Clash","Perfected Strike"],"picked":"Dual Wield"},{"not_picked":["Anger","Clothesline"],"picked":"Shrug It Off"}],"player_experience":139738,"potions_floor_usage":[16,23,33,33,50,50],"damage_taken":[{"damage":0,"enemies":"Small Slimes","floor":1,"turns":4},{"damage":7,"enemies":"2 Louse","floor":4,"turns":3},{"damage":29,"enemies":"3 Sentries","floor":6,"turns":10},{"damage":0,"enemies":"Cultist","floor":7,"turns":2},{"damage":1,"enemies":"Exordium Wildlife","floor":14,"turns":3},{"damage":8,"enemies":"Slime Boss","floor":16,"turns":6},{"damage":6,"enemies":"3 Byrds","floor":18,"turns":5},{"damage":5,"enemies":"2 Thieves","floor":21,"turns":3},{"damage":11,"enemies":"Snake Plant","floor":22,"turns":2},{"damage":85,"enemies":"Gremlin Leader","floor":23,"turns":6},{"damage":3,"enemies":"Cultist and Chosen","floor":24,"turns":4},{"damage":17,"enemies":"Centurion and Healer","floor":27,"turns":5},{"damage":6,"enemies":"Snecko","floor":30,"turns":5},{"damage":56,"enemies":"Slavers","floor":31,"turns":7},{"damage":14,"enemies":"Automaton","floor":33,"turns":4},{"damage":0,"enemies":"3 Shapes","floor":35,"turns":4},{"damage":17,"enemies":"3 Darklings","floor":36,"turns":6},{"damage":12,"enemies":"Maw","floor":38,"turns":6},{"damage":16,"enemies":"Sphere and 2 Shapes","floor":39,"turns":4},{"damage":55,"enemies":"Giant Head","floor":40,"turns":7},{"damage":17,"enemies":"Mysterious Sphere","floor":45,"turns":3},{"damage":25,"enemies":"4 Shapes","floor":48,"turns":5},{"damage":90,"enemies":"Donu and Deca","floor":50,"turns":8}],"event_choices":[{"event_name":"Golden Idol","player_choice":"Take Wound","floor":2,"damage_taken":0},{"event_name":"Bonfire Elementals","player_choice":"COMMON","floor":10,"damage_taken":0},{"event_name":"Purifier","player_choice":"One Purge","floor":11,"damage_taken":0},{"event_name":"Cursed Tome","player_choice":"Obtained Book","floor":19,"damage_taken":0},{"event_name":"Beggar","player_choice":"Gave Gold","floor":29,"damage_taken":0},{"event_name":"The Moai Head","player_choice":"Gave Idol","floor":37,"damage_taken":0},{"event_name":"Mysterious Sphere","player_choice":"Fight","floor":45,"damage_taken":0}],"boss_relics":[{"not_picked":["Astrolabe","Eternal Feather"],"picked":"Velvet Choker"},{"not_picked":["Tiny House","Runic Cube"],"picked":"Sozu"}],"potions_floor_spawned":[1,7,14,21,24,30,31,33,35,36,40,45],"seed_played":"1483388928750015122","ascension_level":0,"is_trial":false}