{"gold_per_floor":[111,125,145,164,164,164,175,32,32,56,56,56,69,69,69,69],"floor_reached":16,"playtime":1069,"items_purged":["Strike_G"],"score":92,"play_id":"be061e87-18a7-4d39-91c8-c0f997c334f7","local_time":"20180826225152","is_ascension_mode":false,"campfire_choices":[{"data":"Underhanded Strike","floor":6,"key":"SMITH"},{"data":"Acrobatics","floor":12,"key":"SMITH"},{"data":"Underhanded Strike","floor":15,"key":"SMITH"}],"neow_cost":"NONE","seed_source_timestamp":48604305889716,"circlet_count":0,"master_deck":["Defend_G","Defend_G","Defend_G","Defend_G","Defend_G","Strike_G","Strike_G","Strike_G","Strike_G","Survivor","Neutralize","Acrobatics+1","Underhanded Strike+1","Quick Slash","Backflip+1","Underhanded Strike+1","Parasite"],"relics":["HoveringKite"],"potions_floor_usage":[3,13,13],"damage_taken":[{"damage":5,"enemies":"2 Louse","floor":1,"turns":3},{"damage":11,"enemies":"Cultist","floor":2,"turns":5},{"damage":3,"enemies":"Jaw Worm","floor":3,"turns":6},{"damage":4,"enemies":"Large Slime","floor":4,"turns":10},{"damage":8,"enemies":"Blue Slaver","floor":7,"turns":4},{"damage":0,"enemies":"Gremlin Gang","floor":13,"turns":4},{"damage":56,"enemies":"The Guardian","floor":16,"turns":13}],"seed_played":"5755804900843647894","potions_obtained":[{"floor":2,"key":"PowerPotion"},{"floor":4,"key":"GamblersBrew"},{"floor":5,"key":"Block Potion"},{"floor":5,"key":"Fire Potion"},{"floor":5,"key":"Ancient Potion"}],"is_trial":false,"path_per_floor":["M","M","M","M","?","R","M","$","T","T","?","R","M","?","R"],"character_chosen":"THE_SILENT","items_purchased":["Quick Slash","Backflip"],"campfire_rested":0,"item_purchase_floors":[8,8],"current_hp_per_floor":[65,54,51,47,47,47,39,39,39,39,39,39,39,56,56,0],"gold":69,"neow_bonus":"BOSS_RELIC","is_prod":false,"is_daily":false,"chose_seed":false,"campfire_upgraded":3,"win_rate":0,"timestamp":1535341912,"path_taken":["M","M","M","M","?","R","M","$","T","?","?","R","M","?","R","BOSS"],"build_version":"2018-08-23v2","purchased_purges":1,"victory":false,"max_hp_per_floor":[70,70,70,70,70,70,70,70,70,70,70,70,70,70,70,70],"card_choices":[{"not_picked":["Outmaneuver","Slice","Dodge and Roll"],"picked":"SKIP","floor":1},{"not_picked":["Cloak And Dagger","Dagger Spray"],"picked":"Acrobatics","floor":2},{"not_picked":["Outmaneuver","Leg Sweep"],"picked":"Underhanded Strike","floor":3},{"not_picked":["Flechettes","Poisoned Stab","Flying Knee"],"picked":"SKIP","floor":4},{"not_picked":["Slice","Poisoned Stab","Dodge and Roll"],"picked":"SKIP","floor":7},{"not_picked":["Prepared","After Image"],"picked":"Underhanded Strike","floor":13}],"player_experience":374140,"relics_obtained":[],"event_choices":[{"event_name":"The Lab","player_choice":"Got Potions","floor":5,"damage_taken":0},{"event_name":"Living Wall","player_choice":"Grow","floor":11,"damage_taken":0},{"event_name":"Mushrooms","player_choice":"Healed and dodged fight","floor":14,"damage_taken":0}],"is_beta":false,"boss_relics":[],"items_purged_floors":[8],"is_endless":false,"potions_floor_spawned":[2,4],"killed_by":"The Guardian","ascension_level":0}