{"gold_per_floor":[118,118,118,118,133,133,133,148,148,148,229,244,323,35,35,134,197,213,233,233,251,266,266,282,282,355,355,399,399,399],"floor_reached":30,"playtime":1269,"items_purged":["Regret"],"score":477,"play_id":"9c6cdc1c-1a11-4c52-82f3-b4bc2d69a63d","local_time":"20190122095836","is_ascension_mode":true,"campfire_choices":[{"floor":6.0,"key":"REST"},{"data":"Adrenaline","floor":10.0,"key":"SMITH"},{"floor":15.0,"key":"REST"},{"floor":23,"key":"REST"},{"floor":25,"key":"REST"},{"data":"Footwork","floor":27,"key":"SMITH"}],"neow_cost":"NONE","seed_source_timestamp":0,"circlet_count":0,"master_deck":["AscendersBane","Defend_G","Defend_G","Defend_G","Defend_G","Defend_G","Strike_G","Strike_G","Strike_G","Strike_G","Survivor+1","Neutralize+1","Adrenaline+1","Bouncing Flask","Noxious Fumes","Deadly Poison","Deadly Poison","Dash","Footwork+1","Adrenaline","Burst+1","Dodge and Roll","PiercingWail","Poisoned Stab","Prepared+1"],"special_seed":0,"relics":["Ring of the Snake","Matryoshka","Golden Idol","FaceOfCleric","Strawberry","The Courier","Centennial Puzzle","Bronze Scales","Ornamental Fan","Tiny House","MutagenicStrength","Bottled Tornado","Shovel"],"potions_floor_usage":[28,28],"damage_taken":[{"damage":0.0,"enemies":"2 Louse","floor":1.0,"turns":3.0},{"damage":0.0,"enemies":"Small Slimes","floor":5.0,"turns":3.0},{"damage":0.0,"enemies":"Cultist","floor":8.0,"turns":4.0},{"damage":19.0,"enemies":"3 Sentries","floor":11.0,"turns":7.0},{"damage":22.0,"enemies":"Large Slime","floor":12.0,"turns":6.0},{"damage":6.0,"enemies":"Hexaghost","floor":16.0,"turns":7.0},{"damage":5.0,"enemies":"Shell Parasite","floor":18.0,"turns":4.0},{"damage":0.0,"enemies":"Chosen","floor":19.0,"turns":6.0},{"damage":20,"enemies":"3 Cultists","floor":21,"turns":6},{"damage":18,"enemies":"Sentry and Sphere","floor":22,"turns":7},{"damage":28,"enemies":"Chosen and Byrds","floor":24,"turns":7},{"damage":39,"enemies":"Gremlin Leader","floor":28,"turns":7},{"damage":16,"enemies":"3 Cultists","floor":30,"turns":4}],"seed_played":"-7982877683417582723","potions_obtained":[{"floor":1.0,"key":"Fire Potion"},{"floor":12.0,"key":"LiquidBronze"},{"floor":17.0,"key":"LiquidBronze"},{"floor":28,"key":"Ancient Potion"}],"is_trial":false,"path_per_floor":["M","?","?","?","M","R","?","M","T","R","?","M","T","$","R","B",null,"M","M","?","M","M","R","M","R","T","R","E","?","M"],"character_chosen":"THE_SILENT","items_purchased":["Dash","Footwork","Adrenaline"],"campfire_rested":4,"item_purchase_floors":[14,14,14],"current_hp_per_floor":[59,59,36,16,16,35,35,36,43,43,25,4,4,4,26,21,68,64,65,65,46,29,54,27,53,53,53,15,15,0],"gold":399,"neow_bonus":"TRANSFORM_CARD","is_prod":false,"is_daily":false,"chose_seed":false,"campfire_upgraded":2,"win_rate":0,"timestamp":1548179916,"path_taken":["M","?","?","?","M","R","?","?","T","R","?","M","?","$","R","BOSS","M","?","?","M","M","R","M","R","T","R","E","?","M"],"build_version":"2019-01-17v2","purchased_purges":1,"victory":false,"max_hp_per_floor":[66,66,66,66,66,66,66,67,74,74,75,76,76,76,76,77,82,83,84,84,85,86,86,87,87,87,87,88,88,88],"card_choices":[{"not_picked":["Dagger Spray","Slice"],"picked":"Bouncing Flask","floor":1.0},{"not_picked":["Flying Knee","Dagger Spray"],"picked":"Noxious Fumes","floor":5.0},{"not_picked":["Tactician","Prepared"],"picked":"Deadly Poison","floor":8.0},{"not_picked":["Setup","Accuracy"],"picked":"Deadly Poison","floor":11.0},{"not_picked":["Dagger Throw","Outmaneuver","Prepared"],"picked":"SKIP","floor":12.0},{"not_picked":["Unload","Storm of Steel"],"picked":"Burst","floor":16.0},{"not_picked":["Eviscerate","Underhanded Strike"],"picked":"Dodge and Roll","floor":17.0},{"not_picked":["Concentrate","Prepared"],"picked":"PiercingWail","floor":18.0},{"not_picked":["Heel Hook","Bouncing Flask","Slice"],"picked":"SKIP","floor":19.0},{"not_picked":["Sucker Punch","Reflex","Skewer"],"picked":"SKIP","floor":21},{"not_picked":["Expertise","Slice"],"picked":"Poisoned Stab","floor":22},{"not_picked":["Riddle With Holes","Sucker Punch"],"picked":"Prepared+1","floor":24},{"not_picked":["Cloak And Dagger","Bouncing Flask","Flechettes+1"],"picked":"SKIP","floor":28}],"player_experience":1155800,"relics_obtained":[{"floor":9.0,"key":"Strawberry"},{"floor":9.0,"key":"The Courier"},{"floor":11.0,"key":"Centennial Puzzle"},{"floor":13.0,"key":"Bronze Scales"},{"floor":13.0,"key":"Ornamental Fan"},{"floor":26,"key":"Bottled Tornado"},{"floor":28,"key":"Shovel"}],"event_choices":[{"damage_healed":0.0,"max_hp_gain":0.0,"max_hp_loss":0.0,"gold_gain":0.0,"event_name":"Big Fish","player_choice":"Box","floor":2.0,"gold_loss":0.0,"damage_taken":0.0,"relics_obtained":["Matryoshka"],"cards_obtained":["Regret"]},{"damage_healed":0.0,"max_hp_gain":0.0,"max_hp_loss":0.0,"gold_gain":0.0,"event_name":"Golden Idol","player_choice":"Take Damage","floor":3.0,"gold_loss":0.0,"damage_taken":23.0,"relics_obtained":["Golden Idol"]},{"damage_healed":0.0,"max_hp_gain":0.0,"max_hp_loss":0.0,"gold_gain":0.0,"event_name":"Shining Light","player_choice":"Entered Light","floor":4.0,"gold_loss":0.0,"damage_taken":20.0,"cards_upgraded":["Neutralize","Survivor"]},{"damage_healed":0.0,"max_hp_gain":0.0,"max_hp_loss":0.0,"gold_gain":0.0,"event_name":"FaceTrader","player_choice":"Trade","floor":7.0,"gold_loss":0.0,"damage_taken":0.0,"relics_obtained":["FaceOfCleric"]},{"damage_healed":0.0,"max_hp_gain":0.0,"max_hp_loss":0.0,"gold_gain":0.0,"event_name":"Dead Adventurer","player_choice":"Searched \u00271\u0027 times","floor":11.0,"gold_loss":0.0,"damage_taken":0.0},{"damage_healed":0,"gold_gain":0,"player_choice":"Inject Mutagens","damage_taken":0,"relics_obtained":["MutagenicStrength"],"max_hp_gain":0,"max_hp_loss":0,"event_name":"Drug Dealer","floor":20,"gold_loss":0},{"damage_healed":0,"gold_gain":0,"player_choice":"Ignored","damage_taken":0,"max_hp_gain":0,"max_hp_loss":0,"event_name":"Ghosts","floor":29,"gold_loss":0}],"is_beta":false,"boss_relics":[{"not_picked":["Calling Bell","Pandora\u0027s Box"],"picked":"Tiny House"}],"items_purged_floors":[14],"is_endless":false,"potions_floor_spawned":[1,12,22,28],"killed_by":"3 Cultists","ascension_level":18}