{"gold_per_floor":[113,113,1,1,18,18,48,65,65,65,82,82,107,126,126,200,200,220,220,7,7,18,18,18],"floor_reached":24,"playtime":1036,"items_purged":["Strike_R"],"score":388,"play_id":"f5fca3e4-0a45-48f5-99e6-e2d36ff36baa","local_time":"20190215222650","is_ascension_mode":true,"campfire_choices":[{"data":"True Grit","floor":6.0,"key":"SMITH"},{"data":"Whirlwind","floor":12.0,"key":"SMITH"},{"data":"Limit Break","floor":15.0,"key":"SMITH"},{"data":"Heavy Blade","floor":23.0,"key":"SMITH"}],"neow_cost":"NONE","seed_source_timestamp":386108212766116,"circlet_count":0,"master_deck":["AscendersBane","Strike_R","Strike_R","Strike_R","Strike_R","Defend_R","Defend_R","Defend_R","Defend_R","Bash+1","Pummel","True Grit+1","Shrug It Off","Whirlwind+1","Pummel","Shrug It Off","Flex","Limit Break+1","Feed","Disarm","Clothesline","Heavy Blade+1","True Grit","Double Tap","Flex","Decay","Bloodletting"],"special_seed":0,"relics":["Burning Blood","Question Card","Paper Frog","The Courier","Orrery"],"potions_floor_usage":[24],"damage_taken":[{"damage":9.0,"enemies":"Jaw Worm","floor":1.0,"turns":3.0},{"damage":19.0,"enemies":"Small Slimes","floor":5.0,"turns":3.0},{"damage":17.0,"enemies":"3 Sentries","floor":7.0,"turns":10.0},{"damage":2.0,"enemies":"2 Louse","floor":8.0,"turns":3.0},{"damage":2.0,"enemies":"Looter","floor":11.0,"turns":4.0},{"damage":25.0,"enemies":"Gremlin Nob","floor":13.0,"turns":4.0},{"damage":14.0,"enemies":"Exordium Thugs","floor":14.0,"turns":5.0},{"damage":9.0,"enemies":"Hexaghost","floor":16.0,"turns":7.0},{"damage":12.0,"enemies":"Chosen","floor":18.0,"turns":3.0},{"damage":32.0,"enemies":"Spheric Guardian","floor":22.0,"turns":5.0},{"damage":46,"enemies":"Gremlin Leader","floor":24,"turns":4}],"seed_played":"6512345064078873106","potions_obtained":[{"floor":1.0,"key":"AttackPotion"},{"floor":11.0,"key":"EssenceOfSteel"},{"floor":13.0,"key":"Dexterity Potion"},{"floor":14.0,"key":"PowerPotion"},{"floor":19.0,"key":"Weak Potion"}],"is_trial":false,"path_per_floor":["M","?","$","?","M","R","E","M","T","?","M","R","E","M","R","B",null,"M","?","$","?","M","R","E"],"character_chosen":"IRONCLAD","items_purchased":["Explosive Potion","True Grit","Double Tap","Flex","Strength Potion"],"campfire_rested":0,"item_purchase_floors":[3,3,20,20,20],"current_hp_per_floor":[65,70,70,70,57,57,46,50,50,50,54,54,35,27,27,24,66,63,63,63,63,37,37,0],"gold":18,"neow_bonus":"UPGRADE_CARD","is_prod":false,"is_daily":false,"chose_seed":false,"campfire_upgraded":4,"win_rate":0,"timestamp":1550266010,"path_taken":["M","?","$","?","M","R","E","M","T","?","M","R","E","M","R","BOSS","M","?","?","?","M","R","E"],"build_version":"2019-01-23","purchased_purges":1,"victory":false,"max_hp_per_floor":[75,80,80,80,80,80,80,80,80,80,80,80,80,80,80,80,80,83,83,83,83,83,83,83],"card_choices":[{"not_picked":["Anger","Infernal Blade"],"picked":"Pummel","floor":1.0},{"not_picked":["Armaments","Anger"],"picked":"Shrug It Off","floor":5.0},{"not_picked":["Impervious","Iron Wave"],"picked":"Whirlwind","floor":7.0},{"not_picked":["Clash","Armaments","Hemokinesis"],"picked":"Pummel","floor":8.0},{"not_picked":["Infernal Blade","Body Slam","Power Through"],"picked":"Shrug It Off","floor":11.0},{"not_picked":["Thunderclap","Pommel Strike","Armaments"],"picked":"Flex","floor":13.0},{"not_picked":["Pommel Strike","Thunderclap","Anger"],"picked":"Limit Break","floor":14.0},{"not_picked":["Berserk","Juggernaut","Offering"],"picked":"Feed","floor":16.0},{"not_picked":["Warcry","Pommel Strike","Bloodletting"],"picked":"Disarm","floor":17.0},{"not_picked":["Heavy Blade","Body Slam","Intimidate"],"picked":"Clothesline","floor":17.0},{"not_picked":["Barricade","Shrug It Off","Clash"],"picked":"Heavy Blade","floor":17.0},{"not_picked":["Cleave","Pommel Strike","Iron Wave"],"picked":"True Grit","floor":18.0},{"not_picked":["True Grit","Cleave","Wild Strike"],"picked":"Bloodletting","floor":22.0}],"player_experience":372971,"relics_obtained":[{"floor":7.0,"key":"Question Card"},{"floor":9.0,"key":"Paper Frog"},{"floor":13.0,"key":"The Courier"}],"event_choices":[{"damage_healed":0.0,"max_hp_gain":5.0,"max_hp_loss":0.0,"gold_gain":0.0,"event_name":"Big Fish","player_choice":"Donut","floor":2.0,"gold_loss":0.0,"damage_taken":0.0},{"damage_healed":0.0,"max_hp_gain":0.0,"max_hp_loss":0.0,"gold_gain":0.0,"event_name":"The Cleric","player_choice":"Leave","floor":4.0,"gold_loss":0.0,"damage_taken":0.0},{"damage_healed":0.0,"max_hp_gain":0.0,"max_hp_loss":0.0,"gold_gain":0.0,"event_name":"Liars Game","player_choice":"Ignored","floor":10.0,"gold_loss":0.0,"damage_taken":0.0},{"damage_healed":0.0,"max_hp_gain":0.0,"max_hp_loss":0.0,"gold_gain":0.0,"event_name":"Lab","player_choice":"Got Potions","floor":19.0,"gold_loss":0.0,"damage_taken":0.0},{"damage_healed":0.0,"max_hp_gain":0.0,"max_hp_loss":0.0,"gold_gain":0.0,"event_name":"Forgotten Altar","player_choice":"Smashed Altar","floor":21.0,"gold_loss":0.0,"damage_taken":0.0,"cards_obtained":["Decay"]}],"is_beta":false,"boss_relics":[{"not_picked":["Black Star","Eternal Feather"],"picked":"Orrery"}],"items_purged_floors":[20],"is_endless":false,"potions_floor_spawned":[1,11,13,14],"killed_by":"Gremlin Leader","ascension_level":18}