{"path_per_floor":["M","?","M","M","$","R","E","R","T","M","E","R","?","M","R","B",null,"M","M","$","?","?","R","T","M","T","E","R","?","E","M","R"],"character_chosen":"IRONCLAD","items_purchased":["Demon Form","Battle Trance","Dropkick","Reckless Charge"],"gold_per_floor":[213,213,225,242,2,2,36,36,36,54,85,85,143,161,161,264,294,305,325,163,163,163,163,163,183,183,209,209,209,237,257,257,257],"floor_reached":33,"campfire_rested":3,"playtime":1995,"current_hp_per_floor":[75,59,65,66,66,66,53,53,53,57,59,59,49,55,79,56,79,55,63,63,63,63,63,63,43,43,38,63,39,30,25,50,0],"items_purged":["Strike_R"],"gold":257,"score":366,"play_id":"6c5a46f7-2c92-4c11-9752-c59f1ab7f8ed","local_time":"20180415195744","is_prod":false,"is_daily":false,"chose_seed":false,"is_ascension_mode":true,"campfire_upgraded":4,"timestamp":1523847464,"path_taken":["M","?","M","M","$","R","E","R","T","M","E","R","?","M","R","BOSS","M","M","$","?","?","R","?","M","T","E","R","?","E","M","R","BOSS"],"build_version":"2018-04-12","seed_source_timestamp":338671111693246,"purchased_purges":2,"victory":false,"master_deck":["Strike_R+1","Strike_R","Strike_R","Strike_R","Defend_R","Defend_R","Defend_R","Defend_R+1","Bash+1","Shrug It Off","Pommel Strike","Metallicize+1","Demon Form+1","Battle Trance","Iron Wave+1","Flex","Dropkick","Heavy Blade","Reckless Charge","Offering+1","Clash","Clothesline","Spot Weakness+1","Dropkick","Reckless Charge","Blood for Blood+1","Pommel Strike","Jack Of All Trades","Shrug It Off+1"],"max_hp_per_floor":[80,80,80,80,80,80,80,80,80,80,80,80,80,80,80,80,85,85,85,85,85,85,85,85,85,85,85,85,85,85,85,85,85],"relics":["Burning Blood","Mercury Hourglass","Juzu Bracelet","Bottled Tornado","Bird Faced Urn","Tiny House","Mummified Hand","Toolbox","Matryoshka","Happy Flower"],"card_choices":[{"not_picked":["Thunderclap","Perfected Strike"],"picked":"Shrug It Off","floor":1},{"not_picked":["Body Slam","Sword Boomerang"],"picked":"Pommel Strike","floor":3},{"not_picked":["Shrug It Off","Anger"],"picked":"Metallicize","floor":4},{"not_picked":["Barricade","Twin Strike"],"picked":"Iron Wave","floor":7},{"not_picked":["Seeing Red","Corruption"],"picked":"Flex","floor":10},{"not_picked":["Corruption","Entrench"],"picked":"Dropkick","floor":11},{"not_picked":["Havoc","Perfected Strike"],"picked":"Heavy Blade","floor":13},{"not_picked":["Evolve","Sword Boomerang"],"picked":"Reckless Charge","floor":14},{"not_picked":["Impervious","Barricade"],"picked":"Offering","floor":16},{"not_picked":["Carnage","Warcry"],"picked":"Clash","floor":17},{"not_picked":["Perfected Strike","Shockwave"],"picked":"Clothesline","floor":18},{"not_picked":["Thunderclap","Cleave"],"picked":"Spot Weakness","floor":19},{"not_picked":["Searing Blow","Seeing Red"],"picked":"Blood for Blood","floor":25},{"not_picked":["Spot Weakness","Brutality"],"picked":"Pommel Strike","floor":27},{"not_picked":["Rampage","Warcry"],"picked":"Shrug It Off","floor":30}],"player_experience":289436,"potions_floor_usage":[11,16,27,27,30],"damage_taken":[{"damage":11,"enemies":"Jaw Worm","floor":1,"turns":6},{"damage":0,"enemies":"2 Louse","floor":3,"turns":2},{"damage":5,"enemies":"Small Slimes","floor":4,"turns":3},{"damage":19,"enemies":"Lagavulin","floor":7,"turns":6},{"damage":2,"enemies":"2 Fungi Beasts","floor":10,"turns":3},{"damage":4,"enemies":"3 Sentries","floor":11,"turns":5},{"damage":20,"enemies":"Lagavulin Event","floor":13,"turns":5},{"damage":0,"enemies":"3 Louse","floor":14,"turns":2},{"damage":30,"enemies":"Hexaghost","floor":16,"turns":6},{"damage":32,"enemies":"2 Thieves","floor":18,"turns":4},{"damage":0,"enemies":"Chosen","floor":19,"turns":4},{"damage":28,"enemies":"Snake Plant","floor":25,"turns":3},{"damage":21,"enemies":"Gremlin Leader","floor":27,"turns":3},{"damage":19,"enemies":"Book of Stabbing","floor":30,"turns":4},{"damage":15,"enemies":"Sentry and Sphere","floor":31,"turns":3},{"damage":65,"enemies":"Automaton","floor":33,"turns":6}],"event_choices":[{"event_name":"Shining Light","player_choice":"Entered Light","floor":2,"damage_taken":0},{"event_name":"Dead Adventurer","player_choice":"Searched \u00273\u0027 times","floor":13,"damage_taken":0},{"event_name":"The Woman in Blue","player_choice":"Bought 0 Potions","floor":21,"damage_taken":0},{"event_name":"Ghosts","player_choice":"Ignored","floor":22,"damage_taken":0},{"event_name":"Knowing Skull","player_choice":"CARD POTION ","floor":29,"damage_taken":0}],"boss_relics":[{"not_picked":["Astrolabe","White Beast Statue"],"picked":"Tiny House"}],"potions_floor_spawned":[4,11,14,16,19,25,30],"seed_played":"-2664081780688135428","killed_by":"Automaton","ascension_level":5,"is_trial":false}