{"gold_per_floor":[110,130,146,157,171,171,181,212,290,290,304,318,318,318,318,395,395,408,408,289,304,315,315,315,330,330,330,9,27,52,327,327,327],"floor_reached":33,"playtime":3528,"items_purged":["Defend_B+1"],"score":501,"play_id":"23f7444a-acc7-4f64-839c-34644fc0c282","local_time":"20190111010104","is_ascension_mode":true,"campfire_choices":[{"floor":6.0,"key":"REST"},{"floor":10.0,"key":"REST"},{"floor":15.0,"key":"REST"},{"data":"Zap","floor":23,"key":"SMITH"},{"floor":27,"key":"REST"},{"data":"Dualcast","floor":32,"key":"SMITH"}],"neow_cost":"PERCENT_DAMAGE","seed_source_timestamp":0,"circlet_count":0,"master_deck":["AscendersBane","Strike_B+1","Strike_B+1","Strike_B+1","Strike_B+1","Defend_B+1","Defend_B+1","Zap+1","Dualcast+1","Echo Form","Defragment","Cold Snap+1","Auto Shields","Go for the Eyes+1","Chill","Conserve Battery","Genetic Algorithm","Go for the Eyes","Chill","Biased Cognition","Glacier","Coolheaded","Capacitor","Conserve Battery","Glacier","Regret"],"special_seed":0,"relics":["Cracked Core","Matryoshka","Oddly Smooth Stone","Pantograph","Sozu","Ancient Tea Set","Cables","Mercury Hourglass","Whetstone"],"potions_floor_usage":[16,25],"damage_taken":[{"damage":2.0,"enemies":"Cultist","floor":1.0,"turns":4.0},{"damage":13.0,"enemies":"Small Slimes","floor":2.0,"turns":4.0},{"damage":7.0,"enemies":"2 Louse","floor":3.0,"turns":3.0},{"damage":6.0,"enemies":"Blue Slaver","floor":4.0,"turns":4.0},{"damage":5.0,"enemies":"Red Slaver","floor":5.0,"turns":4.0},{"damage":0.0,"enemies":"Lots of Slimes","floor":7.0,"turns":5.0},{"damage":23.0,"enemies":"3 Sentries","floor":8.0,"turns":9.0},{"damage":11.0,"enemies":"Large Slime","floor":11.0,"turns":6.0},{"damage":9.0,"enemies":"Looter","floor":12.0,"turns":3.0},{"damage":22,"enemies":"Hexaghost","floor":16,"turns":13},{"damage":18,"enemies":"Spheric Guardian","floor":18,"turns":6},{"damage":19,"enemies":"Shell Parasite","floor":21,"turns":7},{"damage":2,"enemies":"Sentry and Sphere","floor":22,"turns":8},{"damage":13,"enemies":"Centurion and Healer","floor":25,"turns":7},{"damage":14,"enemies":"Snake Plant","floor":29,"turns":6},{"damage":8,"enemies":"Slavers","floor":30,"turns":6},{"damage":61,"enemies":"Collector","floor":33,"turns":15}],"seed_played":"1574689212055499317","potions_obtained":[{"floor":1.0,"key":"Swift Potion"},{"floor":5.0,"key":"Regen Potion"},{"floor":11.0,"key":"Dexterity Potion"}],"is_trial":false,"path_per_floor":["M","M","M","M","M","R","M","E","T","R","M","M","?","?","R","B",null,"M","?","$","M","M","R","?","M","T","R","$","M","E","?","R","B"],"character_chosen":"DEFECT","items_purchased":["Chill","Mercury Hourglass","Capacitor"],"campfire_rested":4,"item_purchase_floors":[20,28,28],"current_hp_per_floor":[44,31,24,18,13,34,34,11,11,32,21,12,5,5,26,29,61,43,43,43,24,22,22,22,24,24,45,45,31,23,23,23,0],"gold":327,"neow_bonus":"THREE_RARE_CARDS","is_prod":false,"is_daily":false,"chose_seed":false,"campfire_upgraded":2,"win_rate":0,"timestamp":1547197264,"path_taken":["M","?","M","M","M","R","M","E","T","R","?","M","?","?","R","BOSS","M","?","$","M","M","R","?","M","T","R","$","?","E","?","R","BOSS"],"build_version":"2019-01-10","purchased_purges":1,"victory":false,"max_hp_per_floor":[71,71,71,71,71,71,71,71,71,71,71,71,71,71,71,71,71,71,71,71,71,71,71,71,71,71,71,71,71,71,71,71,71],"card_choices":[{"not_picked":["Machine Learning","Amplify"],"picked":"Echo Form","floor":0.0},{"not_picked":["Turbo","Compile Driver"],"picked":"Defragment","floor":1.0},{"not_picked":["Storm","Beam Cell"],"picked":"Cold Snap","floor":2.0},{"not_picked":["Darkness","Scrape"],"picked":"Auto Shields","floor":3.0},{"not_picked":["Gash","Streamline"],"picked":"Go for the Eyes","floor":4.0},{"not_picked":["Melter","Reinforced Body"],"picked":"Chill","floor":5.0},{"not_picked":["Tempest","Force Field"],"picked":"Conserve Battery","floor":7.0},{"not_picked":["Stack","Creative AI","Redo"],"picked":"SKIP","floor":8.0},{"not_picked":["Conserve Battery","Barrage"],"picked":"Genetic Algorithm","floor":11.0},{"not_picked":["Rebound","Rip and Tear","Barrage"],"picked":"SKIP","floor":12.0},{"not_picked":["Auto Shields","Steam+1"],"picked":"Go for the Eyes","floor":18},{"not_picked":["Barrage","Stack"],"picked":"Biased Cognition","floor":21},{"not_picked":["Recycle","Streamline"],"picked":"Glacier","floor":22},{"not_picked":["Gash","Steam"],"picked":"Coolheaded","floor":25},{"not_picked":["Compile Driver","Streamline"],"picked":"Conserve Battery","floor":29},{"not_picked":["Double Energy","Beam Cell"],"picked":"Glacier","floor":30}],"player_experience":1102976,"relics_obtained":[{"floor":8.0,"key":"Matryoshka"},{"floor":9.0,"key":"Oddly Smooth Stone"},{"floor":9.0,"key":"Pantograph"},{"floor":26,"key":"Ancient Tea Set"},{"floor":26,"key":"Cables"},{"floor":30,"key":"Whetstone"}],"event_choices":[{"cards_removed":["Defend_B"],"damage_healed":0.0,"max_hp_gain":0.0,"max_hp_loss":0.0,"gold_gain":0.0,"event_name":"Golden Wing","player_choice":"Card Removal","floor":13.0,"gold_loss":0.0,"damage_taken":7.0},{"damage_healed":0.0,"max_hp_gain":0.0,"max_hp_loss":0.0,"gold_gain":0.0,"event_name":"Scrap Ooze","player_choice":"Fled","floor":14.0,"gold_loss":0.0,"damage_taken":0.0},{"damage_healed":0,"gold_gain":0,"player_choice":"Simplicity","damage_taken":0,"max_hp_gain":0,"max_hp_loss":0,"event_name":"Back to Basics","floor":19,"gold_loss":0,"cards_upgraded":["Strike_B","Strike_B","Strike_B","Strike_B","Defend_B","Defend_B","Defend_B"]},{"damage_healed":0,"gold_gain":0,"player_choice":"Got Potions","damage_taken":0,"max_hp_gain":0,"max_hp_loss":0,"event_name":"Lab","floor":24,"gold_loss":0},{"damage_healed":0,"gold_gain":275,"player_choice":"Desecrate","damage_taken":0,"max_hp_gain":0,"max_hp_loss":0,"event_name":"Golden Shrine","floor":31,"gold_loss":0,"cards_obtained":["Regret"]}],"is_beta":false,"boss_relics":[{"not_picked":["Calling Bell","Runic Pyramid"],"picked":"Sozu"}],"items_purged_floors":[20],"is_endless":false,"potions_floor_spawned":[1,5,11,25,29,30],"killed_by":"Collector","ascension_level":17}