{"gold_per_floor":[111,127,143,143,160,160,173,187,187,26,40,40,40,50,50,122,122,42,58,0,13,13,13,13,13],"floor_reached":25,"playtime":1987,"items_purged":["Defend_G"],"score":371,"play_id":"3d903fde-a9aa-4b62-b19b-be5a948806bd","local_time":"20190131224146","is_ascension_mode":true,"campfire_choices":[{"data":"Footwork","floor":6,"key":"SMITH"},{"floor":12,"key":"REST"},{"floor":15,"key":"REST"},{"floor":23,"key":"REST"}],"neow_cost":"NONE","seed_source_timestamp":28917628890380,"circlet_count":0,"master_deck":["AscendersBane","Survivor","Neutralize","Malaise","Deadly Poison","Cloak And Dagger","Malaise","Footwork+1","PiercingWail","Leg Sweep","Blur","Deadly Poison","Deflect","Wraith Form v2","Adrenaline","Venomology","Heel Hook","Prepared","Quick Slash","Bane","Blur+1","Burst","Flechettes"],"relics":["Ring of the Snake","The Specimen","Pandora\u0027s Box"],"potions_floor_usage":[7,16,19,21,25,25,25],"damage_taken":[{"damage":5,"enemies":"Cultist","floor":1,"turns":5},{"damage":2,"enemies":"2 Louse","floor":2,"turns":5},{"damage":13,"enemies":"Jaw Worm","floor":3,"turns":8},{"damage":1,"enemies":"2 Fungi Beasts","floor":5,"turns":6},{"damage":0,"enemies":"Looter","floor":7,"turns":4},{"damage":35,"enemies":"Exordium Thugs","floor":8,"turns":11},{"damage":0,"enemies":"Exordium Wildlife","floor":11,"turns":7},{"damage":7,"enemies":"Looter","floor":14,"turns":4},{"damage":11,"enemies":"Hexaghost","floor":16,"turns":13},{"damage":3,"enemies":"2 Thieves","floor":18,"turns":4},{"damage":26,"enemies":"3 Byrds","floor":19,"turns":10},{"damage":21,"enemies":"Snecko","floor":21,"turns":12},{"damage":34,"enemies":"Gremlin Leader","floor":25,"turns":4}],"seed_played":"-7592235711635718045","potions_obtained":[{"floor":5,"key":"Fire Potion"},{"floor":11,"key":"Dexterity Potion"},{"floor":21,"key":"Poison Potion"}],"is_trial":false,"path_per_floor":["M","M","M","?","M","R","M","M","T","$","M","R","?","M","R","B",null,"M","M","?","M","?","R","?","E"],"character_chosen":"THE_SILENT","items_purchased":["Blur"],"campfire_rested":3,"item_purchase_floors":[10],"current_hp_per_floor":[54,52,39,39,38,38,38,3,3,3,3,22,22,15,34,23,55,52,26,26,5,5,24,24,0],"gold":13,"neow_bonus":"ONE_RANDOM_RARE_CARD","is_prod":false,"is_daily":false,"chose_seed":false,"campfire_upgraded":1,"win_rate":0,"timestamp":1549003306,"path_taken":["M","M","M","?","M","R","M","?","T","$","M","R","?","M","R","BOSS","M","?","?","M","?","R","?","E"],"build_version":"2019-01-23","purchased_purges":1,"victory":false,"max_hp_per_floor":[66,66,66,66,66,66,66,66,66,66,66,66,66,66,66,66,66,66,66,66,66,66,66,66,66],"card_choices":[{"not_picked":["Dagger Spray","Sucker Punch"],"picked":"Deadly Poison","floor":1},{"not_picked":["Flying Knee","Prepared"],"picked":"Cloak And Dagger","floor":2},{"not_picked":["Acrobatics","Outmaneuver"],"picked":"Malaise","floor":3},{"not_picked":["Flechettes","Calculated Gamble"],"picked":"Footwork","floor":5},{"not_picked":["Blade Dance","Accuracy"],"picked":"PiercingWail","floor":7},{"not_picked":["Dagger Throw","Caltrops"],"picked":"Leg Sweep","floor":8},{"not_picked":["Prepared","Sucker Punch"],"picked":"Deadly Poison","floor":11},{"not_picked":["Bane","Prepared"],"picked":"Deflect","floor":14},{"not_picked":["A Thousand Cuts","Bullet Time"],"picked":"Wraith Form v2","floor":16},{"not_picked":["Bane","Outmaneuver","Acrobatics"],"picked":"SKIP","floor":18},{"not_picked":["Underhanded Strike","Dodge and Roll"],"picked":"Bane","floor":19},{"not_picked":["Backflip","Sucker Punch"],"picked":"Blur+1","floor":21}],"player_experience":1193848,"relics_obtained":[{"floor":9,"key":"The Specimen"}],"event_choices":[{"cards_removed":["Defend_G"],"damage_healed":0,"gold_gain":0,"player_choice":"Card Removal","damage_taken":0,"max_hp_gain":0,"max_hp_loss":0,"event_name":"Wheel of Change","floor":4,"gold_loss":0},{"cards_removed":["Defend_G"],"damage_healed":0,"gold_gain":0,"player_choice":"Offered Basic","damage_taken":0,"max_hp_gain":0,"max_hp_loss":0,"event_name":"Bonfire Elementals","floor":13,"gold_loss":0},{"damage_healed":0,"gold_gain":0,"player_choice":"Paid Fearfully","damage_taken":0,"max_hp_gain":0,"max_hp_loss":0,"event_name":"Masked Bandits","floor":20,"gold_loss":58},{"damage_healed":0,"gold_gain":0,"player_choice":"Ignored","damage_taken":0,"max_hp_gain":0,"max_hp_loss":0,"event_name":"Beggar","floor":22,"gold_loss":0},{"damage_healed":0,"gold_gain":0,"cards_transformed":["Setup","Concentrate"],"player_choice":"Became Test Subject","damage_taken":0,"max_hp_gain":0,"max_hp_loss":0,"event_name":"Drug Dealer","floor":24,"gold_loss":0,"cards_obtained":["Burst","Flechettes"]}],"is_beta":false,"boss_relics":[{"not_picked":["Philosopher\u0027s Stone","Busted Crown"],"picked":"Pandora\u0027s Box"}],"items_purged_floors":[10],"is_endless":false,"potions_floor_spawned":[5,11,21],"killed_by":"Gremlin Leader","ascension_level":18}