{"path_per_floor":["M","?","M","M","M","E","M","R","T","E","M","?","R","M","R","B",null,"M","?","?","M","M","R","E"],"character_chosen":"THE_SILENT","items_purchased":[],"gold_per_floor":[14,14,24,43,53,82,99,99,99,124,141,141,141,153,153,248,248,268,183,183,196,208,208,240,240],"floor_reached":25,"campfire_rested":1,"playtime":1900,"current_hp_per_floor":[61,61,56,56,55,31,23,44,44,47,40,40,40,40,40,50,65,65,65,65,51,51,51,14,0],"items_purged":[],"gold":240,"score":353,"play_id":"b3a9d8c0-d769-4e34-930c-6e95bafb85b1","local_time":"20180516204150","is_prod":false,"is_daily":false,"chose_seed":false,"is_ascension_mode":true,"campfire_upgraded":3,"timestamp":1526528510,"path_taken":["M","?","M","M","M","E","M","R","T","E","M","?","R","M","R","BOSS","M","?","?","M","?","R","E","M"],"build_version":"2018-05-10","seed_source_timestamp":71770710090409,"purchased_purges":0,"victory":false,"master_deck":["Defend_G","Defend_G","Defend_G","Defend_G","Defend_G","Survivor","Neutralize+1","AscendersBane","Deflect","Noxious Fumes+1","Adrenaline","Poisoned Stab","Deadly Poison","Bane","Venomology+1","Noxious Fumes+1","Corpse Explosion+1","Finisher+1","Prepared+1","Deadly Poison","Deadly Poison"],"max_hp_per_floor":[70,70,70,70,70,70,70,70,70,70,70,70,70,70,70,70,70,70,70,70,70,70,70,70,70],"relics":["Ring of the Snake","Matryoshka","Regal Pillow","Meat on the Bone","Smiling Mask","Astrolabe","Nloth\u0027s Gift","Blood Vial"],"card_choices":[{"not_picked":["Catalyst","Dodge and Roll"],"picked":"Deflect","floor":1},{"not_picked":["Bane","Infinite Blades"],"picked":"Flying Knee","floor":3},{"not_picked":["Acrobatics","Dodge and Roll"],"picked":"Noxious Fumes","floor":4},{"not_picked":["Dagger Spray","Cloak And Dagger"],"picked":"Adrenaline","floor":5},{"not_picked":["PiercingWail","Slice"],"picked":"Heel Hook","floor":6},{"not_picked":["Setup","Skewer"],"picked":"Poisoned Stab","floor":7},{"not_picked":["All Out Attack","Deflect"],"picked":"Deadly Poison","floor":10},{"not_picked":["Dash","Distraction"],"picked":"Bane","floor":14},{"not_picked":["Storm of Steel","Doppelganger"],"picked":"Venomology","floor":16},{"not_picked":["Backflip","After Image"],"picked":"Prepared","floor":21},{"not_picked":["Sucker Punch","PiercingWail"],"picked":"Deadly Poison","floor":22},{"not_picked":["Backflip","Outmaneuver"],"picked":"Deadly Poison","floor":24}],"player_experience":441337,"potions_floor_usage":[14,16,18,21,22,22,24,24,25],"damage_taken":[{"damage":2,"enemies":"2 Louse","floor":1,"turns":6},{"damage":5,"enemies":"Cultist","floor":3,"turns":6},{"damage":0,"enemies":"Small Slimes","floor":4,"turns":5},{"damage":1,"enemies":"Looter","floor":5,"turns":5},{"damage":24,"enemies":"Lagavulin","floor":6,"turns":10},{"damage":8,"enemies":"Exordium Thugs","floor":7,"turns":7},{"damage":9,"enemies":"3 Sentries","floor":10,"turns":8},{"damage":7,"enemies":"Exordium Wildlife","floor":11,"turns":5},{"damage":0,"enemies":"3 Louse","floor":14,"turns":1},{"damage":5,"enemies":"The Guardian","floor":16,"turns":10},{"damage":0,"enemies":"3 Byrds","floor":18,"turns":4},{"damage":14,"enemies":"Chosen","floor":21,"turns":4},{"damage":0,"enemies":"3 Cultists","floor":22,"turns":4},{"damage":49,"enemies":"Book of Stabbing","floor":24,"turns":6},{"damage":16,"enemies":"Snake Plant","floor":25,"turns":1}],"event_choices":[{"event_name":"Purifier","player_choice":"One Purge","floor":2,"damage_taken":0},{"event_name":"Living Wall","player_choice":"Forget","floor":12,"damage_taken":0},{"event_name":"Addict","player_choice":"Obtained Relic","floor":19,"damage_taken":0},{"event_name":"N\u0027loth","player_choice":"Traded a Question Card","floor":20,"damage_taken":0}],"boss_relics":[{"not_picked":["Runic Pyramid","Philosopher\u0027s Stone"],"picked":"Astrolabe"}],"potions_floor_spawned":[1,6,7,11,14,18,24],"seed_played":"8552765485895000512","killed_by":"Snake Plant","ascension_level":10,"is_trial":false}