{"gold_per_floor":[118,98,113,131,7,32,32,32,32,32,57,57,57,83,83,182,182,199,216,216,315,328,362,362,380,380,4,4,30,44,44,44,148,148,168,168,168,181,0,0,29,41,120,120,168,168,168,197,197,197,197,197,103,129,129],"floor_reached":55,"playtime":2835,"items_purged":["Pain","Parasite"],"score":857,"play_id":"55ae83a1-c8d7-4b73-97d0-a9e2fd1f0238","local_time":"20181121170337","is_ascension_mode":false,"campfire_choices":[{"data":"Rage","floor":8,"key":"SMITH"},{"data":"Bash","floor":10,"key":"SMITH"},{"data":"Armaments","floor":12,"key":"SMITH"},{"data":"Shrug It Off","floor":15,"key":"SMITH"},{"data":"Double Tap","floor":24,"key":"SMITH"},{"data":"1","floor":28,"key":"LIFT"},{"data":"2","floor":32,"key":"LIFT"},{"data":"3","floor":40,"key":"LIFT"},{"floor":44,"key":"RECALL"},{"data":"Shrug It Off","floor":49,"key":"SMITH"},{"data":"Discovery","floor":52,"key":"SMITH"}],"neow_cost":"CURSE","seed_source_timestamp":19711971825337,"circlet_count":0,"master_deck":["Strike_R+1","Strike_R+1","Strike_R+1","Strike_R+1","Defend_R+1","Defend_R+1","Defend_R+1","Defend_R+1","Bash+1","Flash of Steel","Violence","Shrug It Off+1","Hemokinesis","Rage+1","Shrug It Off+1","Armaments+1","Disarm","Double Tap+1","Sword Boomerang","Cleave+1","Anger","Heavy Blade+1","Inflame","Master of Strategy","Disarm","Sword Boomerang","Disarm+1","Reaper","Spot Weakness+1","Shrug It Off+1","Normality","Pain","Discovery+1","Finesse","Shrug It Off+1"],"relics":["Burning Blood","Shuriken","War Paint","Juzu Bracelet","Happy Flower","Blood Vial","Cursed Key","Girya","Meat on the Bone","Sozu","Red Mask","Pen Nib","Tiny Chest","Gambling Chip","Turnip","Blue Candle","Bottled Flame"],"potions_floor_usage":[11,16,23,33,33,35,45],"damage_taken":[{"damage":3,"enemies":"Small Slimes","floor":1,"turns":3},{"damage":0,"enemies":"Cultist","floor":3,"turns":3},{"damage":16,"enemies":"Jaw Worm","floor":4,"turns":2},{"damage":29,"enemies":"Gremlin Nob","floor":6,"turns":5},{"damage":15,"enemies":"Lagavulin","floor":11,"turns":5},{"damage":22,"enemies":"3 Sentries","floor":14,"turns":7},{"damage":8,"enemies":"The Guardian","floor":16,"turns":9},{"damage":3,"enemies":"Chosen","floor":18,"turns":4},{"damage":20,"enemies":"Shell Parasite","floor":19,"turns":3},{"damage":7,"enemies":"Centurion and Healer","floor":22,"turns":4},{"damage":21,"enemies":"Slavers","floor":23,"turns":4},{"damage":9,"enemies":"Snake Plant","floor":25,"turns":2},{"damage":12,"enemies":"Book of Stabbing","floor":29,"turns":5},{"damage":14,"enemies":"Snecko","floor":30,"turns":3},{"damage":27,"enemies":"Collector","floor":33,"turns":6},{"damage":0,"enemies":"3 Darklings","floor":35,"turns":4},{"damage":10,"enemies":"Orb Walker","floor":38,"turns":2},{"damage":6,"enemies":"Giant Head","floor":41,"turns":6},{"damage":10,"enemies":"Jaw Worm Horde","floor":42,"turns":3},{"damage":40,"enemies":"2 Orb Walkers","floor":45,"turns":4},{"damage":0,"enemies":"Reptomancer","floor":48,"turns":3},{"damage":55,"enemies":"Donu and Deca","floor":50,"turns":7},{"damage":52,"enemies":"Shield and Spear","floor":54,"turns":5},{"damage":43,"enemies":"The Heart","floor":55,"turns":5}],"seed_played":"1546262764573606372","potions_obtained":[{"floor":2,"key":"FearPotion"},{"floor":3,"key":"Swift Potion"},{"floor":11,"key":"Ancient Potion"},{"floor":14,"key":"FearPotion"},{"floor":18,"key":"Explosive Potion"},{"floor":25,"key":"Energy Potion"},{"floor":33,"key":"Explosive Potion"}],"is_trial":false,"path_per_floor":["M","?","M","M","$","E","T","R","T","R","E","R","?","E","R","B",null,"M","M","?","?","M","E","R","M","T","$","R","E","M","$","R","B",null,"M","?","?","M","?","R","E","M","T","R","?","T","?","E","R","B",null,"R","$","E","B"],"character_chosen":"IRONCLAD","items_purchased":["Shrug It Off","Master of Strategy","Disarm","Sword Boomerang","Finesse"],"campfire_rested":0,"item_purchase_floors":[5,27,27,27,53],"current_hp_per_floor":[80,80,80,70,70,47,47,47,47,47,38,38,38,22,22,22,80,80,66,66,66,67,54,54,53,53,53,53,49,55,55,55,48,77,77,77,73,69,69,69,73,72,72,72,51,51,51,73,73,36,73,73,73,40,0],"gold":129,"neow_bonus":"RANDOM_COLORLESS_2","is_prod":false,"is_daily":false,"chose_seed":false,"campfire_upgraded":7,"win_rate":0,"timestamp":1542841417,"path_taken":["M","?","M","?","$","E","?","R","T","R","E","R","?","E","R","BOSS","M","M","?","?","M","E","R","M","T","$","R","E","M","?","R","BOSS","M","?","?","M","?","R","E","M","T","R","?","?","?","E","R","BOSS","R","$","E","BOSS"],"build_version":"2018-11-15","purchased_purges":2,"victory":false,"max_hp_per_floor":[80,80,80,80,80,80,80,80,80,80,80,80,80,80,80,80,80,80,80,80,80,80,80,80,80,80,77,77,77,77,77,77,77,77,77,77,73,73,73,73,73,73,73,73,73,73,73,73,73,73,73,73,73,73,73],"card_choices":[{"not_picked":["Combust","Sword Boomerang"],"picked":"Shrug It Off","floor":1},{"not_picked":["Clash","Sever Soul"],"picked":"Hemokinesis","floor":3},{"not_picked":["Havoc","Thunderclap"],"picked":"Rage","floor":4},{"not_picked":["Fire Breathing","Searing Blow","Havoc"],"picked":"SKIP","floor":6},{"not_picked":["True Grit","Cleave"],"picked":"Armaments","floor":11},{"not_picked":["True Grit","Thunderclap"],"picked":"Disarm","floor":14},{"not_picked":["Dark Embrace","Fiend Fire"],"picked":"Double Tap","floor":16},{"not_picked":["Hemokinesis+1","Battle Trance"],"picked":"Sword Boomerang","floor":18},{"not_picked":["Clash","Body Slam+1","Cleave+1"],"picked":"SKIP","floor":19},{"not_picked":["Clash","Body Slam+1"],"picked":"Cleave+1","floor":19},{"not_picked":["Warcry","Clash+1"],"picked":"Anger","floor":22},{"not_picked":["Fire Breathing","Armaments"],"picked":"Heavy Blade+1","floor":23},{"not_picked":["Perfected Strike","Twin Strike+1"],"picked":"Inflame","floor":25},{"not_picked":["Fiend Fire","Havoc"],"picked":"Disarm+1","floor":29},{"not_picked":["Twin Strike","Headbutt","Second Wind"],"picked":"SKIP","floor":30},{"not_picked":["Berserk","Double Tap"],"picked":"Reaper","floor":33},{"not_picked":["Power Through+1","Flex","Reckless Charge+1"],"picked":"SKIP","floor":35},{"not_picked":["Flame Barrier","Havoc+1"],"picked":"Spot Weakness+1","floor":38},{"not_picked":["Burning Pact","Battle Trance"],"picked":"Shrug It Off","floor":41},{"not_picked":["True Grit+1","Rupture","Iron Wave"],"picked":"SKIP","floor":42},{"not_picked":["Dark Shackles","HandOfGreed"],"picked":"Discovery","floor":47},{"not_picked":["Rupture+1","Warcry","Reaper"],"picked":"SKIP","floor":48},{"not_picked":["Bloodletting+1","Dual Wield"],"picked":"Shrug It Off+1","floor":54}],"player_experience":444444,"relics_obtained":[{"floor":6,"key":"Shuriken"},{"floor":7,"key":"War Paint"},{"floor":9,"key":"Juzu Bracelet"},{"floor":11,"key":"Happy Flower"},{"floor":14,"key":"Blood Vial"},{"floor":23,"key":"Girya"},{"floor":29,"key":"Meat on the Bone"},{"floor":41,"key":"Pen Nib"},{"floor":43,"key":"Tiny Chest"},{"floor":45,"key":"Gambling Chip"},{"floor":46,"key":"Turnip"},{"floor":48,"key":"Blue Candle"},{"floor":54,"key":"Bottled Flame"}],"event_choices":[{"damage_healed":0,"gold_gain":0,"player_choice":"Bought 1 Potion","damage_taken":0,"max_hp_gain":0,"max_hp_loss":0,"event_name":"The Woman in Blue","floor":2,"gold_loss":0},{"damage_healed":0,"gold_gain":0,"player_choice":"Ignored","damage_taken":0,"max_hp_gain":0,"max_hp_loss":0,"event_name":"Liars Game","floor":13,"gold_loss":0},{"damage_healed":0,"gold_gain":0,"player_choice":"Simplicity","damage_taken":0,"max_hp_gain":0,"max_hp_loss":0,"event_name":"Back to Basics","floor":20,"gold_loss":0,"cards_upgraded":["Strike_R","Strike_R","Strike_R","Strike_R","Strike_R","Defend_R","Defend_R","Defend_R"]},{"damage_healed":0,"gold_gain":99,"player_choice":"Stole From Cult","damage_taken":0,"max_hp_gain":0,"max_hp_loss":0,"event_name":"Nest","floor":21,"gold_loss":0},{"cards_removed":["Strike_R"],"damage_healed":0,"gold_gain":0,"player_choice":"Removed Attack","damage_taken":0,"max_hp_gain":0,"max_hp_loss":0,"event_name":"Falling","floor":36,"gold_loss":0},{"damage_healed":0,"gold_gain":0,"player_choice":"Max HP","damage_taken":0,"max_hp_gain":0,"max_hp_loss":4,"event_name":"Winding Halls","floor":37,"gold_loss":0},{"damage_healed":0,"gold_gain":0,"player_choice":"Paid","damage_taken":0,"relics_obtained":["Red Mask"],"max_hp_gain":0,"max_hp_loss":0,"event_name":"Tomb of Lord Red Mask","floor":39,"gold_loss":181},{"damage_healed":0,"gold_gain":0,"player_choice":"Fight","damage_taken":0,"max_hp_gain":0,"max_hp_loss":0,"event_name":"Mysterious Sphere","floor":45,"gold_loss":0},{"damage_healed":0,"gold_gain":0,"player_choice":"Memory 1","damage_taken":0,"max_hp_gain":0,"max_hp_loss":0,"event_name":"SensoryStone","floor":47,"gold_loss":0}],"is_beta":false,"boss_relics":[{"not_picked":["Orrery","Empty Cage"],"picked":"Cursed Key"},{"not_picked":["Astrolabe","Runic Cube"],"picked":"Sozu"}],"items_purged_floors":[5,27],"is_endless":false,"potions_floor_spawned":[3,11,14,18,22,25,33,41,42,45,48,54],"killed_by":"The Heart","ascension_level":0}