{"gold_per_floor":[110,80,80,93,105,105,135,135,161,190,190,200,200,28,28,130,130,143,143,159,159,175,205,205,220,268,268,17,46,46,63,63,63],"floor_reached":33,"playtime":3575,"items_purged":["Defend_B","Defend_B"],"score":470,"play_id":"0f2de22b-2364-41ce-9e17-39e62a0e6c64","local_time":"20180805171951","is_ascension_mode":true,"campfire_choices":[{"data":"Zap","floor":6,"key":"SMITH"},{"data":"Dualcast","floor":8,"key":"SMITH"},{"data":"Conserve Battery","floor":15,"key":"SMITH"},{"data":"Cold Snap","floor":24,"key":"SMITH"},{"floor":27,"key":"REST"},{"floor":32,"key":"REST"}],"neow_cost":"NONE","seed_source_timestamp":105354369414692,"circlet_count":0,"master_deck":["Strike_B","Strike_B","Strike_B","Strike_B","Defend_B","Defend_B","Zap+1","Dualcast+1","Core Surge","Chill+1","Cold Snap+1","Conserve Battery+1","Undo+1","Genetic Algorithm","Meteor Strike","Cold Snap+1","Ghostly","Ghostly","Ghostly","Ghostly","Ghostly","White Noise+1","White Noise","Sweeping Beam+1"],"relics":["Cracked Core","Omamori","Art of War","War Paint","Vajra","Mummified Hand","Runic Dome","Ginger","Bronze Scales","Anchor","Turnip","Pear"],"potions_floor_usage":[7,7,16,16,22,22,33,33],"damage_taken":[{"damage":12,"enemies":"Jaw Worm","floor":1,"turns":2},{"damage":0,"enemies":"Cultist","floor":4,"turns":2},{"damage":3,"enemies":"Small Slimes","floor":5,"turns":3},{"damage":20,"enemies":"Gremlin Nob","floor":7,"turns":4},{"damage":5,"enemies":"Lagavulin","floor":10,"turns":6},{"damage":0,"enemies":"Blue Slaver","floor":12,"turns":2},{"damage":19,"enemies":"Hexaghost","floor":16,"turns":14},{"damage":6,"enemies":"3 Byrds","floor":18,"turns":7},{"damage":10,"enemies":"Shell Parasite","floor":20,"turns":7},{"damage":8,"enemies":"Centurion and Healer","floor":22,"turns":5},{"damage":12,"enemies":"Slavers","floor":23,"turns":12},{"damage":11,"enemies":"Slaver and Parasite","floor":25,"turns":7},{"damage":0,"enemies":"Gremlin Leader","floor":29,"turns":6},{"damage":0,"enemies":"Chosen and Byrds","floor":31,"turns":5},{"damage":44,"enemies":"Collector","floor":33,"turns":13}],"seed_played":"-5684510070578716627","potions_obtained":[{"floor":1,"key":"SpeedPotion"},{"floor":2,"key":"Ancient Potion"},{"floor":2,"key":"SteroidPotion"},{"floor":18,"key":"Fire Potion"},{"floor":25,"key":"Block Potion"},{"floor":31,"key":"SkillPotion"}],"is_trial":false,"path_per_floor":["M","?","?","M","M","R","E","R","T","E","?","M","T","$","R","B",null,"M","?","M","?","M","E","R","M","T","R","$","E","?","M","R"],"character_chosen":"DEFECT","items_purchased":["Block Potion","FearPotion","Anchor"],"campfire_rested":2,"item_purchase_floors":[14,14,28],"current_hp_per_floor":[56,56,56,56,53,53,33,33,33,28,28,28,28,28,28,9,59,53,53,43,37,29,17,17,6,6,17,17,17,27,27,41,0],"gold":63,"neow_bonus":"ONE_RANDOM_RARE_CARD","is_prod":false,"is_daily":false,"chose_seed":false,"campfire_upgraded":4,"win_rate":0,"timestamp":1533507591,"path_taken":["M","?","?","M","M","R","E","R","T","E","?","M","?","$","R","BOSS","M","?","M","?","?","E","R","M","T","R","$","E","?","M","R","BOSS"],"build_version":"2018-08-02","purchased_purges":2,"victory":false,"max_hp_per_floor":[75,75,75,75,75,75,75,75,75,75,75,75,75,75,75,75,75,75,75,75,37,37,37,37,37,37,37,37,37,47,47,47,47],"card_choices":[{"not_picked":["Force Field","BootSequence"],"picked":"Chill","floor":1},{"not_picked":["Redo","Turbo"],"picked":"Cold Snap","floor":4},{"not_picked":["Self Repair","Stack"],"picked":"Conserve Battery","floor":5},{"not_picked":["Rip and Tear","Steam","Streamline"],"picked":"SKIP","floor":7},{"not_picked":["Rebound","FTL"],"picked":"Undo","floor":10},{"not_picked":["Beam Cell","Hologram"],"picked":"Genetic Algorithm","floor":12},{"not_picked":["Biased Cognition","Reboot"],"picked":"Meteor Strike","floor":16},{"not_picked":["Turbo","Tempest"],"picked":"Cold Snap+1","floor":18},{"not_picked":["Heatsinks","Steam+1","FTL"],"picked":"SKIP","floor":20},{"not_picked":["Heatsinks","Fusion+1","Consume+1"],"picked":"SKIP","floor":22},{"not_picked":["Defragment+1","Reprogram"],"picked":"White Noise+1","floor":23},{"not_picked":["Go for the Eyes","Redo","Aggregate"],"picked":"SKIP","floor":25},{"not_picked":["Double Energy","Gash"],"picked":"White Noise","floor":29},{"not_picked":["Chill+1","Barrage"],"picked":"Sweeping Beam+1","floor":31}],"player_experience":319725,"relics_obtained":[{"floor":7,"key":"Omamori"},{"floor":9,"key":"Art of War"},{"floor":10,"key":"War Paint"},{"floor":13,"key":"Mummified Hand"},{"floor":23,"key":"Ginger"},{"floor":26,"key":"Bronze Scales"},{"floor":29,"key":"Turnip"}],"event_choices":[{"event_name":"The Woman in Blue","player_choice":"Bought 2 Potions","floor":2,"damage_taken":0},{"event_name":"Liars Game","player_choice":"disagreed","floor":3,"damage_taken":0},{"event_name":"Big Fish","player_choice":"Box","floor":11,"damage_taken":0},{"event_name":"Drug Dealer","player_choice":"Ignored","floor":19,"damage_taken":0},{"event_name":"Ghosts","player_choice":"Became a Ghost","floor":21,"damage_taken":0},{"event_name":"The Mausoleum","player_choice":"Yes","floor":30,"damage_taken":0}],"is_beta":false,"boss_relics":[{"not_picked":["FrozenCore","Velvet Choker"],"picked":"Runic Dome"}],"items_purged_floors":[14,28],"is_endless":false,"potions_floor_spawned":[1,5,18,25,31],"killed_by":"Collector","ascension_level":8}