{"gold_per_floor":[110,110,185,5,21,21,55,71,95,95,122,138,138,149,149,254,254,254,254,2,2,2,2,2,2,2,2,2,2,2,2,2,2,2,2,2,2,2,2,2,2,2,2,2,2,2,2,2,2,2],"floor_reached":51,"playtime":5300,"items_purged":["Strike_R","Strike_R"],"score":757,"play_id":"61f40ccd-c8a3-4756-befe-bce00b66b29d","local_time":"20180731005517","is_ascension_mode":false,"campfire_choices":[{"data":"Armaments","floor":6,"key":"SMITH"},{"data":"Shockwave","floor":10,"key":"SMITH"},{"data":"Flame Barrier","floor":13,"key":"SMITH"},{"data":"Body Slam","floor":15,"key":"SMITH"},{"data":"True Grit","floor":27,"key":"SMITH"},{"floor":32,"key":"REST"},{"data":"Entrench","floor":41,"key":"SMITH"},{"floor":47,"key":"REST"},{"data":"Feel No Pain","floor":49,"key":"SMITH"}],"neow_cost":"","seed_source_timestamp":1657952434574085,"circlet_count":0,"master_deck":["Strike_R","Strike_R","Defend_R+1","Defend_R","Defend_R","Defend_R","Bash","Anger","Armaments+1","Body Slam+1","True Grit+1","Shockwave+1","Shrug It Off","Flame Barrier+1","Cleave","Limit Break","Anger","True Grit+1","Entrench+1","Double Tap","Clothesline","Juggernaut","Fire Breathing","Panache","Magnetism","Rupture+1","True Grit+1","Feel No Pain+1","Disarm","Entrench"],"relics":["Burning Blood","Orichalcum","War Paint","Strawberry","Ectoplasm","Red Mask","Anchor","Bag of Preparation","Self Forming Clay","Red Skull","Letter Opener","Mark of Pain","Ginger","Lantern","Meat on the Bone","Pantograph","Happy Flower"],"potions_floor_usage":[7,19,22,25,33,33,39,50,50],"damage_taken":[{"damage":3,"enemies":"Small Slimes","floor":1,"turns":3},{"damage":2,"enemies":"2 Louse","floor":5,"turns":3},{"damage":17,"enemies":"Gremlin Nob","floor":7,"turns":5},{"damage":1,"enemies":"Jaw Worm","floor":8,"turns":4},{"damage":14,"enemies":"Lagavulin","floor":11,"turns":6},{"damage":0,"enemies":"3 Louse","floor":12,"turns":5},{"damage":0,"enemies":"Looter","floor":14,"turns":4},{"damage":10,"enemies":"The Guardian","floor":16,"turns":12},{"damage":0,"enemies":"3 Byrds","floor":18,"turns":4},{"damage":21,"floor":19,"turns":6},{"damage":3,"enemies":"Shell Parasite","floor":21,"turns":7},{"damage":18,"enemies":"Sentry and Sphere","floor":22,"turns":9},{"damage":16,"enemies":"Book of Stabbing","floor":23,"turns":6},{"damage":8,"enemies":"Slavers","floor":25,"turns":9},{"damage":11,"enemies":"Snecko","floor":28,"turns":5},{"damage":17,"enemies":"Cultist and Chosen","floor":29,"turns":8},{"damage":6,"enemies":"Book of Stabbing","floor":30,"turns":6},{"damage":0,"enemies":"Centurion and Healer","floor":31,"turns":5},{"damage":50,"enemies":"Automaton","floor":33,"turns":11},{"damage":4,"enemies":"Flame Bruiser 1 Orb","floor":35,"turns":6},{"damage":7,"floor":36,"turns":7},{"damage":12,"enemies":"Orb Walker","floor":38,"turns":4},{"damage":2,"enemies":"Transient","floor":39,"turns":4},{"damage":23,"enemies":"Nemesis","floor":40,"turns":9},{"damage":7,"enemies":"Sphere and 2 Shapes","floor":42,"turns":5},{"damage":25,"enemies":"4 Shapes","floor":44,"turns":4},{"damage":35,"enemies":"Giant Head","floor":45,"turns":10},{"damage":5,"enemies":"2 Orb Walkers","floor":48,"turns":5},{"damage":29,"enemies":"Time Eater","floor":50,"turns":16}],"seed_played":"8129557127711449936","potions_obtained":[{"floor":1,"key":"EssenceOfSteel"},{"floor":7,"key":"Block Potion"},{"floor":14,"key":"SteroidPotion"},{"floor":18,"key":"Fire Potion"},{"floor":21,"key":"Weak Potion"},{"floor":30,"key":"PowerPotion"},{"floor":33,"key":"Explosive Potion"},{"floor":35,"key":"SmokeBomb"},{"floor":42,"key":"FearPotion"},{"floor":45,"key":"Dexterity Potion"},{"floor":48,"key":"AttackPotion"}],"is_trial":false,"path_per_floor":["M","?","?","$","M","R","E","M","T","R","E","M","R","M","R","B",null,"M","?","$","M","M","E","?","E","T","R","M","M","E","M","R","B",null,"M","?","?","M","M","E","R","M","T","M","E","$","R","E","R","B"],"character_chosen":"IRONCLAD","items_purchased":["Anger","Armaments","Anchor"],"campfire_rested":2,"item_purchase_floors":[4,4,20],"current_hp_per_floor":[80,80,69,69,73,73,62,67,67,67,66,72,72,78,78,74,87,87,72,72,75,63,53,53,51,51,51,46,35,35,41,67,23,87,87,86,81,75,79,62,62,61,61,54,37,37,63,64,64,64],"gold":2,"neow_bonus":"","is_prod":false,"is_daily":false,"chose_seed":false,"campfire_upgraded":7,"win_rate":0.0,"timestamp":1532991317,"path_taken":["M","?","?","$","M","R","E","M","T","R","E","M","R","?","R","BOSS","M","?","$","M","?","E","?","E","T","R","M","M","E","M","R","BOSS","M","?","?","?","M","E","R","M","T","M","E","?","R","E","R","BOSS"],"build_version":"2018-07-26","purchased_purges":2,"victory":true,"max_hp_per_floor":[80,80,80,80,80,80,80,80,80,80,87,87,87,87,87,87,87,87,87,87,87,87,87,87,87,87,87,87,87,87,87,87,87,87,87,87,87,87,87,87,87,87,87,87,87,87,87,87,87,87],"card_choices":[{"not_picked":["Sever Soul","Intimidate","Rupture"],"picked":"SKIP","floor":1},{"not_picked":["Clash","Heavy Blade"],"picked":"Body Slam","floor":5},{"not_picked":["Fire Breathing","Rage"],"picked":"True Grit","floor":7},{"not_picked":["Warcry","Anger"],"picked":"Shockwave","floor":8},{"not_picked":["Dual Wield","Infernal Blade"],"picked":"Shrug It Off","floor":11},{"not_picked":["Fire Breathing","True Grit"],"picked":"Flame Barrier","floor":12},{"not_picked":["Combust","Flex"],"picked":"Cleave","floor":14},{"not_picked":["Brutality","Double Tap"],"picked":"Limit Break","floor":16},{"not_picked":["Combust","Carnage"],"picked":"Anger","floor":18},{"not_picked":["Anger","Heavy Blade"],"picked":"True Grit","floor":19},{"not_picked":["Heavy Blade","Pummel+1"],"picked":"Entrench","floor":21},{"not_picked":["Rage","Armaments","Carnage"],"picked":"SKIP","floor":22},{"not_picked":["Rampage","Reckless Charge"],"picked":"Double Tap","floor":23},{"not_picked":["Rage","Cleave"],"picked":"Clothesline","floor":25},{"not_picked":["Carnage","Dual Wield","Sever Soul"],"picked":"SKIP","floor":28},{"not_picked":["Wild Strike","True Grit","Cleave"],"picked":"SKIP","floor":29},{"not_picked":["Cleave","Armaments","Searing Blow+1"],"picked":"SKIP","floor":30},{"not_picked":["Headbutt","Rage","Hemokinesis+1"],"picked":"SKIP","floor":31},{"not_picked":["Double Tap","Limit Break"],"picked":"Juggernaut","floor":33},{"not_picked":["Searing Blow","Cleave","Wild Strike+1"],"picked":"SKIP","floor":35},{"not_picked":["Heavy Blade+1","Perfected Strike"],"picked":"Fire Breathing","floor":36},{"not_picked":["Secret Technique","Madness"],"picked":"Panache","floor":37},{"not_picked":["Panacea","Purity"],"picked":"Magnetism","floor":37},{"not_picked":["Wild Strike+1","Searing Blow+1"],"picked":"Rupture+1","floor":38},{"not_picked":["Searing Blow","Armaments+1"],"picked":"True Grit+1","floor":40},{"not_picked":["Corruption","Flex+1"],"picked":"Feel No Pain","floor":42},{"not_picked":["Armaments","Carnage","Flex"],"picked":"SKIP","floor":44},{"not_picked":["Thunderclap","Twin Strike"],"picked":"Disarm","floor":45},{"not_picked":["Pummel","Flex"],"picked":"Entrench","floor":48}],"player_experience":48145,"relics_obtained":[{"floor":7,"key":"Orichalcum"},{"floor":9,"key":"War Paint"},{"floor":11,"key":"Strawberry"},{"floor":19,"key":"Red Mask"},{"floor":23,"key":"Bag of Preparation"},{"floor":25,"key":"Self Forming Clay"},{"floor":26,"key":"Red Skull"},{"floor":30,"key":"Letter Opener"},{"floor":36,"key":"Ginger"},{"floor":40,"key":"Lantern"},{"floor":43,"key":"Meat on the Bone"},{"floor":45,"key":"Pantograph"},{"floor":48,"key":"Happy Flower"}],"event_choices":[{"event_name":"Living Wall","player_choice":"Forget","floor":2,"damage_taken":0},{"event_name":"World of Goop","player_choice":"Gather Gold","floor":3,"damage_taken":0},{"event_name":"Masked Bandits","player_choice":"Fought over 254 gold","floor":19,"damage_taken":0},{"event_name":"Vampires","player_choice":"Ignored","floor":24,"damage_taken":0},{"event_name":"MindBloom","player_choice":"Fight","floor":36,"damage_taken":0},{"event_name":"SensoryStone","player_choice":"Memory 2","floor":37,"damage_taken":0}],"is_beta":false,"boss_relics":[{"not_picked":["White Beast Statue","Lizard Tail"],"picked":"Ectoplasm"},{"not_picked":["Black Blood","Runic Dome"],"picked":"Mark of Pain"}],"items_purged_floors":[4,20],"is_endless":false,"potions_floor_spawned":[1,7,14,18,21,30,33,35,42,45,48],"ascension_level":0}