{"gold_per_floor":[217,234,254,269,269,269,286,316,316,316,391,391,391,404,404,404],"floor_reached":16,"playtime":576,"items_purged":[],"score":102,"play_id":"f98e27fb-6fc2-400e-a91a-2a5f8eabb101","local_time":"20190217180515","is_ascension_mode":false,"campfire_choices":[{"floor":6,"key":"RECALL"},{"data":"Bash","floor":10,"key":"SMITH"},{"data":"Metallicize","floor":13,"key":"SMITH"},{"data":"Metallicize","floor":15,"key":"SMITH"}],"neow_cost":"NONE","seed_source_timestamp":9258820170505,"circlet_count":0,"master_deck":["Strike_R","Strike_R","Strike_R","Strike_R","Strike_R","Defend_R","Defend_R","Bash+1","Metallicize+1","True Grit","True Grit","Metallicize+1","Flame Barrier","Feed"],"special_seed":0,"relics":["Burning Blood","Bottled Lightning"],"potions_floor_usage":[16,16,16],"damage_taken":[{"damage":6.0,"enemies":"Jaw Worm","floor":1.0,"turns":4.0},{"damage":2.0,"enemies":"2 Louse","floor":2.0,"turns":3.0},{"damage":1.0,"enemies":"Cultist","floor":3.0,"turns":4.0},{"damage":22,"enemies":"Exordium Thugs","floor":4,"turns":8},{"damage":15,"enemies":"Blue Slaver","floor":7,"turns":5},{"damage":22,"enemies":"Gremlin Nob","floor":8,"turns":6},{"damage":3,"enemies":"3 Louse","floor":14,"turns":5},{"damage":33,"enemies":"The Guardian","floor":16,"turns":14}],"seed_played":"-261855077693901155","potions_obtained":[{"floor":1.0,"key":"SkillPotion"},{"floor":2.0,"key":"Swift Potion"},{"floor":14,"key":"Fruit Juice"}],"is_trial":false,"path_per_floor":["M","M","M","M","?","R","M","E","T","R","?","?","R","M","R","B"],"character_chosen":"IRONCLAD","items_purchased":[],"campfire_rested":0,"item_purchase_floors":[],"current_hp_per_floor":[80,80,80,64,57,57,48,32,32,32,21,21,21,27,27,0],"gold":404,"neow_bonus":"HUNDRED_GOLD","is_prod":false,"is_daily":false,"chose_seed":false,"campfire_upgraded":3,"win_rate":0,"timestamp":1550455515,"path_taken":["M","M","M","M","?","R","M","E","T","R","?","?","R","?","R","BOSS"],"build_version":"2019-01-23","purchased_purges":0,"victory":false,"max_hp_per_floor":[80,80,80,80,80,80,80,80,80,80,80,80,80,83,83,88],"card_choices":[{"not_picked":["Havoc","Armaments"],"picked":"Metallicize","floor":1.0},{"not_picked":["Anger","Thunderclap"],"picked":"True Grit","floor":2.0},{"not_picked":["Barricade","Anger","Cleave"],"picked":"SKIP","floor":3.0},{"not_picked":["Infernal Blade","Dual Wield"],"picked":"True Grit","floor":4},{"not_picked":["Anger","Thunderclap"],"picked":"Metallicize","floor":7},{"not_picked":["Headbutt","Wild Strike"],"picked":"Flame Barrier","floor":8},{"not_picked":["Heavy Blade","Seeing Red","Power Through"],"picked":"SKIP","floor":14}],"player_experience":1222190,"relics_obtained":[{"floor":8,"key":"Bottled Lightning"}],"event_choices":[{"cards_removed":["Defend_R"],"damage_healed":0,"gold_gain":0,"player_choice":"Card Removal","damage_taken":7,"max_hp_gain":0,"max_hp_loss":0,"event_name":"Golden Wing","floor":5,"gold_loss":0},{"damage_healed":0,"gold_gain":75,"player_choice":"Gather Gold","damage_taken":11,"max_hp_gain":0,"max_hp_loss":0,"event_name":"World of Goop","floor":11,"gold_loss":0},{"damage_healed":0,"gold_gain":0,"cards_transformed":["Defend_R"],"player_choice":"Transformed","damage_taken":0,"max_hp_gain":0,"max_hp_loss":0,"event_name":"Transmorgrifier","floor":12,"gold_loss":0,"cards_obtained":["Feed"]}],"is_beta":false,"boss_relics":[],"items_purged_floors":[],"is_endless":false,"potions_floor_spawned":[1,2,14],"killed_by":"The Guardian","ascension_level":0}