{"gold_per_floor":[116,127,127,127,127,127,127,127,175,175,219,34,55,73,73,197,197,212,212,212,230,31,62,62,62,62,87,87,87,122,145,145,145],"floor_reached":33,"playtime":1503,"items_purged":["Defend_G"],"score":281,"play_id":"0f266008-d056-4488-ba76-b7319476dfa1","local_time":"20190415212419","is_ascension_mode":false,"campfire_choices":[{"data":"Infinite Blades","floor":6,"key":"SMITH"},{"data":"Mind Blast","floor":8,"key":"SMITH"},{"data":"Choke","floor":10,"key":"SMITH"},{"floor":15,"key":"REST"},{"floor":24,"key":"REST"},{"floor":28,"key":"REST"},{"data":"J.A.X.","floor":32,"key":"SMITH"}],"neow_cost":"TEN_PERCENT_HP_LOSS","seed_source_timestamp":440974772428884,"circlet_count":0,"master_deck":["Defend_G","Defend_G","Defend_G","Defend_G","Strike_G","Strike_G","Strike_G","Strike_G","Strike_G","Survivor","Neutralize","Mind Blast+1","Dramatic Entrance","Infinite Blades+1","Choke+1","Dagger Spray","Flash of Steel","Blade Dance","Well Laid Plans","Slice","Escape Plan","A Thousand Cuts","Finisher","J.A.X.+1","Poisoned Stab","Flash of Steel","Well Laid Plans","Distraction+1","Blur+1","RitualDagger","Endless Agony+1","Masterful Stab+1"],"relics":["Ring of the Snake","Bag of Preparation","Golden Idol","Vajra","Anchor","Mercury Hourglass","Sozu","Snake Skull","Toxic Egg 2","Regal Pillow","Mummified Hand","Molten Egg 2"],"potions_floor_usage":[33],"damage_taken":[{"damage":3,"enemies":"Jaw Worm","floor":1,"turns":5},{"damage":4,"enemies":"2 Louse","floor":2,"turns":2},{"damage":17,"enemies":"3 Sentries","floor":11,"turns":6},{"damage":0,"enemies":"Small Slimes","floor":13,"turns":1},{"damage":0,"enemies":"3 Louse","floor":14,"turns":2},{"damage":11,"enemies":"Slime Boss","floor":16,"turns":6},{"damage":10,"enemies":"2 Thieves","floor":18,"turns":2},{"damage":0,"enemies":"Chosen","floor":21,"turns":2},{"damage":39,"enemies":"Book of Stabbing","floor":23,"turns":4},{"damage":0,"enemies":"Snake Plant","floor":27,"turns":1},{"damage":10,"enemies":"Slavers","floor":30,"turns":2},{"damage":8,"enemies":"Snecko","floor":31,"turns":3},{"damage":48,"enemies":"Champ","floor":33,"turns":5}],"seed_played":"3647362375488273887","potions_obtained":[{"floor":1,"key":"SpeedPotion"},{"floor":11,"key":"AttackPotion"}],"is_trial":false,"path_per_floor":["M","M","?","?","?","R","?","R","T","R","E","$","M","M","R","B",null,"M","?","?","M","$","E","R","?","T","M","R","?","E","M","R","B"],"character_chosen":"THE_SILENT","items_purchased":["Flash of Steel","Blade Dance","Well Laid Plans","Flash of Steel","Well Laid Plans"],"campfire_rested":3,"item_purchase_floors":[12,12,12,22,22],"current_hp_per_floor":[60,56,56,41,38,38,38,38,38,38,21,21,21,21,39,28,63,53,53,53,53,53,14,32,32,32,32,63,57,47,39,39,0],"gold":145,"neow_bonus":"RANDOM_COLORLESS_2","is_prod":false,"is_daily":false,"chose_seed":false,"campfire_upgraded":4,"win_rate":0.0,"timestamp":1555377859,"path_taken":["M","M","?","?","?","R","?","R","T","R","E","$","?","M","R","BOSS","M","?","?","M","$","E","R","?","T","?","R","?","E","M","R","BOSS"],"build_version":"2019-01-23","purchased_purges":1,"victory":false,"max_hp_per_floor":[63,63,63,63,63,63,63,63,63,63,63,63,63,63,63,63,63,63,63,63,63,63,63,63,63,63,63,63,63,63,63,63,63],"card_choices":[{"not_picked":["Sucker Punch","Blur"],"picked":"Infinite Blades","floor":1},{"not_picked":["Outmaneuver","Prepared"],"picked":"Choke","floor":2},{"not_picked":["Poisoned Stab","Distraction"],"picked":"Dagger Spray","floor":11},{"not_picked":["Backflip","Heel Hook"],"picked":"Slice","floor":13},{"not_picked":["Backflip","Predator"],"picked":"Escape Plan","floor":14},{"not_picked":["Adrenaline","Wraith Form v2"],"picked":"A Thousand Cuts","floor":16},{"not_picked":["Acrobatics","Dagger Spray"],"picked":"Finisher","floor":18},{"not_picked":["Flechettes","Acrobatics"],"picked":"Poisoned Stab","floor":21},{"not_picked":["All Out Attack","Heel Hook+1"],"picked":"Distraction","floor":23},{"not_picked":["Sucker Punch","Dodge and Roll+1"],"picked":"Blur+1","floor":27},{"not_picked":["Underhanded Strike","Terror+1"],"picked":"Endless Agony+1","floor":30},{"not_picked":["Distraction+1","Heel Hook+1"],"picked":"Masterful Stab+1","floor":31}],"player_experience":22258,"relics_obtained":[{"floor":9,"key":"Anchor"},{"floor":11,"key":"Mercury Hourglass"},{"floor":23,"key":"Toxic Egg 2"},{"floor":25,"key":"Regal Pillow"},{"floor":26,"key":"Mummified Hand"},{"floor":30,"key":"Molten Egg 2"}],"event_choices":[{"damage_healed":0,"gold_gain":0,"player_choice":"Box","damage_taken":0,"relics_obtained":["Bag of Preparation"],"max_hp_gain":0,"max_hp_loss":0,"event_name":"Big Fish","floor":3,"gold_loss":0,"cards_obtained":["Regret"]},{"damage_healed":0,"gold_gain":0,"player_choice":"Take Damage","damage_taken":15,"relics_obtained":["Golden Idol"],"max_hp_gain":0,"max_hp_loss":0,"event_name":"Golden Idol","floor":4,"gold_loss":0},{"damage_healed":0,"gold_gain":0,"player_choice":"Success","damage_taken":3,"relics_obtained":["Vajra"],"max_hp_gain":0,"max_hp_loss":0,"event_name":"Scrap Ooze","floor":5,"gold_loss":0},{"cards_removed":["Regret"],"damage_healed":0,"gold_gain":0,"player_choice":"Forget","damage_taken":0,"max_hp_gain":0,"max_hp_loss":0,"event_name":"Living Wall","floor":7,"gold_loss":0},{"damage_healed":0,"gold_gain":0,"player_choice":"Obtain J.A.X.","damage_taken":0,"max_hp_gain":0,"max_hp_loss":0,"event_name":"Drug Dealer","floor":19,"gold_loss":0,"cards_obtained":["J.A.X."]},{"damage_healed":0,"gold_gain":0,"player_choice":"Opened","damage_taken":0,"relics_obtained":["Snake Skull"],"max_hp_gain":0,"max_hp_loss":0,"event_name":"The Mausoleum","floor":20,"gold_loss":0},{"damage_healed":0,"gold_gain":0,"player_choice":"Relic","damage_taken":0,"max_hp_gain":0,"max_hp_loss":0,"event_name":"Wheel of Change","floor":25,"gold_loss":0},{"damage_healed":0,"gold_gain":0,"player_choice":"Joined the Cult","damage_taken":6,"max_hp_gain":0,"max_hp_loss":0,"event_name":"Nest","floor":29,"gold_loss":0,"cards_obtained":["RitualDagger"]}],"is_beta":false,"boss_relics":[{"not_picked":["Coffee Dripper","Snecko Eye"],"picked":"Sozu"}],"items_purged_floors":[22],"is_endless":false,"potions_floor_spawned":[1,11,27,30,31],"killed_by":"Champ","ascension_level":0}