{"gold_per_floor":[360,26,26,45,45,77,88,88,88,88,115,126,126,139,139,244,244,264,464,480,31,48,83,83,83],"floor_reached":25,"playtime":1668,"items_purged":["Doubt"],"score":300,"play_id":"fb757707-9e1b-4c1d-8881-e51750a9120a","local_time":"20190123221812","is_ascension_mode":true,"campfire_choices":[{"data":"Shrug It Off","floor":8.0,"key":"SMITH"},{"data":"Whirlwind","floor":10.0,"key":"SMITH"},{"data":"Body Slam","floor":15.0,"key":"SMITH"},{"data":"Armaments","floor":24.0,"key":"SMITH"}],"neow_cost":"CURSE","seed_source_timestamp":256646482280685,"circlet_count":0,"master_deck":["Strike_R","Strike_R","Defend_R","Defend_R","Defend_R","Bash+1","Shrug It Off+1","Shrug It Off","Pommel Strike","Battle Trance","Whirlwind+1","Pummel","Intimidate","Body Slam+1","Fiend Fire","Blood for Blood+1","Seeing Red+1","Clash+1","Clothesline+1","Dual Wield+1","True Grit","Flash of Steel","Flex+1","Armaments+1"],"special_seed":0,"relics":["Burning Blood","Oddly Smooth Stone","Darkstone Periapt","Regal Pillow","Boot","Astrolabe","FossilizedHelix","Peace Pipe"],"potions_floor_usage":[25,25],"damage_taken":[{"damage":0.0,"enemies":"2 Louse","floor":1.0,"turns":3.0},{"damage":2.0,"enemies":"Small Slimes","floor":4.0,"turns":4.0},{"damage":47.0,"enemies":"Lagavulin","floor":6.0,"turns":9.0},{"damage":0.0,"enemies":"Cultist","floor":7.0,"turns":3.0},{"damage":16.0,"enemies":"Gremlin Nob","floor":11.0,"turns":4.0},{"damage":0.0,"enemies":"Large Slime","floor":12.0,"turns":6.0},{"damage":0.0,"enemies":"Looter","floor":14.0,"turns":2.0},{"damage":24.0,"enemies":"The Guardian","floor":16.0,"turns":14.0},{"damage":19.0,"enemies":"Spheric Guardian","floor":18.0,"turns":4.0},{"damage":22.0,"enemies":"2 Thieves","floor":20.0,"turns":3.0},{"damage":0.0,"enemies":"Centurion and Healer","floor":22.0,"turns":5.0},{"damage":38.0,"enemies":"Slavers","floor":23.0,"turns":5.0},{"damage":26,"enemies":"Book of Stabbing","floor":25,"turns":5}],"seed_played":"1876719985431900764","potions_obtained":[{"floor":4.0,"key":"Dexterity Potion"},{"floor":6.0,"key":"Regen Potion"},{"floor":11.0,"key":"Dexterity Potion"},{"floor":20.0,"key":"Weak Potion"}],"is_trial":false,"path_per_floor":["M","$","?","M","?","E","M","R","T","R","E","M","?","M","R","B",null,"M","?","M","$","M","E","R","E"],"character_chosen":"IRONCLAD","items_purchased":["Oddly Smooth Stone","Shrug It Off","Pommel Strike","True Grit","FossilizedHelix","Flash of Steel"],"campfire_rested":0,"item_purchase_floors":[2,2,2,21,21,21],"current_hp_per_floor":[78,78,78,80,73,32,38,38,38,38,28,34,34,40,40,22,66,53,53,37,37,43,11,11,0],"gold":83,"neow_bonus":"TWO_FIFTY_GOLD","is_prod":false,"is_daily":false,"chose_seed":false,"campfire_upgraded":4,"win_rate":0,"timestamp":1548278292,"path_taken":["M","$","?","M","?","E","M","R","T","R","E","M","?","M","R","BOSS","M","?","M","$","M","E","R","E"],"build_version":"2018-12-20","purchased_purges":1,"victory":false,"max_hp_per_floor":[80,80,80,80,80,80,80,80,80,80,80,80,80,80,80,80,80,80,80,80,80,80,80,80,80],"card_choices":[{"not_picked":["Hemokinesis","Thunderclap"],"picked":"Shrug It Off","floor":1.0},{"not_picked":["Havoc","Heavy Blade"],"picked":"Battle Trance","floor":4.0},{"not_picked":["Pommel Strike","Sever Soul"],"picked":"Whirlwind","floor":6.0},{"not_picked":["Twin Strike","Pommel Strike","Flex"],"picked":"SKIP","floor":7.0},{"not_picked":["Fire Breathing","Shrug It Off"],"picked":"Pummel","floor":11.0},{"not_picked":["Flex","Heavy Blade"],"picked":"Intimidate","floor":12.0},{"not_picked":["Pommel Strike","Flex"],"picked":"Body Slam","floor":14.0},{"not_picked":["Immolate","Dark Embrace"],"picked":"Fiend Fire","floor":16.0},{"not_picked":["Wild Strike","Sword Boomerang+1"],"picked":"Clothesline+1","floor":18.0},{"not_picked":["Clash","Twin Strike"],"picked":"Dual Wield+1","floor":20.0},{"not_picked":["Thunderclap+1","Burning Pact"],"picked":"Flex+1","floor":22.0},{"not_picked":["Dropkick","Searing Blow"],"picked":"Armaments","floor":23.0}],"player_experience":135743,"relics_obtained":[{"floor":6.0,"key":"Darkstone Periapt"},{"floor":9.0,"key":"Regal Pillow"},{"floor":11.0,"key":"Boot"},{"floor":23.0,"key":"Peace Pipe"}],"event_choices":[{"damage_healed":0.0,"max_hp_gain":0.0,"max_hp_loss":0.0,"gold_gain":0.0,"event_name":"Living Wall","player_choice":"Grow","floor":3.0,"gold_loss":0.0,"damage_taken":0.0,"cards_upgraded":["Bash"]},{"cards_removed":["Strike_R"],"damage_healed":0.0,"max_hp_gain":0.0,"max_hp_loss":0.0,"gold_gain":0.0,"event_name":"Golden Wing","player_choice":"Card Removal","floor":5.0,"gold_loss":0.0,"damage_taken":7.0},{"damage_healed":0.0,"max_hp_gain":0.0,"max_hp_loss":0.0,"gold_gain":0.0,"event_name":"Scrap Ooze","player_choice":"Fled","floor":13.0,"gold_loss":0.0,"damage_taken":0.0},{"damage_healed":0.0,"max_hp_gain":0.0,"max_hp_loss":0.0,"gold_gain":200.0,"event_name":"Wheel of Change","player_choice":"Gold","floor":19.0,"gold_loss":0.0,"damage_taken":0.0}],"is_beta":false,"boss_relics":[{"not_picked":["Calling Bell","Fusion Hammer"],"picked":"Astrolabe"}],"items_purged_floors":[2],"is_endless":false,"potions_floor_spawned":[4,6,11,20,23],"killed_by":"Book of Stabbing","ascension_level":6}