{"gold_per_floor":[144,189,234,279,331,421,421,466,466,466,556,556,106,151,151,451,451,451],"floor_reached":18,"playtime":967,"items_purged":[],"score":222,"play_id":"339eec4a-a389-4ab7-b88b-ec675bded96a","local_time":"20180809173309","daily_mods":["Insanity","Midas","Lethality"],"is_ascension_mode":false,"campfire_choices":[{"floor":7,"key":"REST"},{"floor":15,"key":"REST"}],"neow_cost":"","seed_source_timestamp":0,"circlet_count":0,"master_deck":["Compile Driver","White Noise","Dualcast","Recycle","Loop","Cold Snap","Chill","Turbo","Cold Snap","Glacier","Rainbow","Chill+1","Steam Power","Self Repair","Barrage","Static Discharge","Force Field","Consume","Undo","Steam","Redo","Blizzard","Amplify","Sunder","Recycle","Defend_B","Strike_B","Reinforced Body","Fission","Steam","Go for the Eyes","Stack","Skim","Heatsinks","Melter","Hyperbeam","Undo","White Noise","Aggregate","Creative AI","Barrage","Lockon","Doom and Gloom","Turbo","Coolheaded","Leap","Scrape","Ball Lightning","Doom and Gloom","Steam Power","Hologram","Hologram","Stack","Coolheaded","Compile Driver","Compile Driver","BootSequence","Double Energy","Multi-Cast"],"special_seed":17752,"relics":["Cracked Core","Regal Pillow","Pantograph","DataDisk","Mummified Hand","OrangePellets","Fusion Hammer"],"potions_floor_usage":[4,6,11,11,16,16],"damage_taken":[{"damage":10,"enemies":"Jaw Worm","floor":1,"turns":2},{"damage":0,"enemies":"Small Slimes","floor":2,"turns":2},{"damage":0,"enemies":"Cultist","floor":3,"turns":2},{"damage":16,"enemies":"Lots of Slimes","floor":4,"turns":2},{"damage":12,"enemies":"Gremlin Nob","floor":6,"turns":3},{"damage":9,"enemies":"2 Fungi Beasts","floor":8,"turns":3},{"damage":11,"enemies":"3 Sentries","floor":11,"turns":3},{"damage":4,"enemies":"Exordium Thugs","floor":14,"turns":4},{"damage":56,"enemies":"Hexaghost","floor":16,"turns":8},{"damage":55,"enemies":"3 Byrds","floor":18,"turns":6}],"seed_played":"-5890948259059833138","potions_obtained":[{"floor":2,"key":"Fire Potion"},{"floor":4,"key":"Swift Potion"},{"floor":8,"key":"Regen Potion"},{"floor":10,"key":"SteroidPotion"},{"floor":10,"key":"Poison Potion"},{"floor":10,"key":"Fruit Juice"},{"floor":14,"key":"FocusPotion"}],"is_trial":false,"path_per_floor":["M","M","M","M","?","E","R","M","T","?","E","?","$","M","R","B",null],"character_chosen":"DEFECT","items_purchased":["Mummified Hand","OrangePellets"],"campfire_rested":2,"item_purchase_floors":[13,13],"current_hp_per_floor":[65,65,65,49,49,44,75,73,73,73,74,74,74,77,80,45,80,25],"gold":451,"neow_bonus":"","is_prod":false,"is_daily":true,"chose_seed":false,"campfire_upgraded":0,"win_rate":0,"timestamp":1533828789,"path_taken":["M","M","M","M","?","E","R","M","T","?","E","?","$","M","R","BOSS","M"],"build_version":"2018-08-02","purchased_purges":0,"victory":false,"max_hp_per_floor":[75,75,75,75,75,75,75,75,75,75,80,80,80,80,80,80,80,80],"card_choices":[{"not_picked":["Gash","FTL"],"picked":"Hologram","floor":1},{"not_picked":["Loop","Tempest"],"picked":"Hologram","floor":2},{"not_picked":["Gash","Ball Lightning"],"picked":"Stack","floor":3},{"not_picked":["Beam Cell","Hyperbeam"],"picked":"Coolheaded","floor":4},{"not_picked":["Steam Power","Stack"],"picked":"Compile Driver","floor":6},{"not_picked":["Force Field","FTL"],"picked":"Compile Driver","floor":8},{"not_picked":["Blizzard","Ball Lightning"],"picked":"BootSequence","floor":11},{"not_picked":["Rebound","Melter"],"picked":"Double Energy","floor":14},{"not_picked":["Reboot","Creative AI"],"picked":"Multi-Cast","floor":16}],"player_experience":102048,"relics_obtained":[{"floor":6,"key":"Regal Pillow"},{"floor":9,"key":"Pantograph"},{"floor":11,"key":"DataDisk"}],"event_choices":[{"event_name":"Golden Wing","player_choice":"Gained Gold","floor":5,"damage_taken":0},{"event_name":"The Lab","player_choice":"Got Potions","floor":10,"damage_taken":0},{"event_name":"Accursed Blacksmith","player_choice":"Forge","floor":12,"damage_taken":0}],"is_beta":false,"boss_relics":[{"not_picked":["Runic Dome","Cursed Key"],"picked":"Fusion Hammer"}],"items_purged_floors":[],"is_endless":false,"potions_floor_spawned":[2,4,8,14],"killed_by":"3 Byrds","ascension_level":0}