{"gold_per_floor":[113,128,146,160,176,176,188,188,188,205,219,219,252,232,232,305,305,316,273,55,55,55,55],"floor_reached":23,"playtime":977,"items_purged":[],"score":371,"play_id":"a1a8a779-2a5a-4ca7-8b75-4d3e81fbc70b","local_time":"20190209190554","is_ascension_mode":true,"campfire_choices":[{"data":"Zap","floor":6.0,"key":"SMITH"},{"data":"Defragment","floor":8.0,"key":"SMITH"},{"data":"Dualcast","floor":12.0,"key":"SMITH"},{"data":"Loop","floor":15.0,"key":"SMITH"}],"neow_cost":"NONE","seed_source_timestamp":11655888889647,"circlet_count":0,"master_deck":["AscendersBane","Strike_B","Strike_B","Strike_B","Strike_B","Defend_B","Defend_B","Defend_B","Defend_B","Zap+1","Dualcast+1","BootSequence","Steam","Loop+1","Self Repair","Defragment+1","Biased Cognition+1","Cold Snap","Buffer+1","Go for the Eyes"],"special_seed":0,"relics":["Cracked Core","Blood Vial","Frozen Egg 2","Juzu Bracelet","Cursed Key","Runic Capacitor"],"potions_floor_usage":[23],"damage_taken":[{"damage":7.0,"enemies":"Cultist","floor":1.0,"turns":4.0},{"damage":2.0,"enemies":"Jaw Worm","floor":2.0,"turns":4.0},{"damage":0.0,"enemies":"Small Slimes","floor":3.0,"turns":4.0},{"damage":3.0,"enemies":"Blue Slaver","floor":4.0,"turns":4.0},{"damage":10.0,"enemies":"3 Louse","floor":5.0,"turns":5.0},{"damage":0.0,"enemies":"Red Slaver","floor":7.0,"turns":3.0},{"damage":1.0,"enemies":"Looter","floor":10.0,"turns":4.0},{"damage":8.0,"enemies":"Blue Slaver","floor":11.0,"turns":3.0},{"damage":9.0,"enemies":"Lagavulin","floor":13.0,"turns":6.0},{"damage":12.0,"enemies":"The Guardian","floor":16.0,"turns":8.0},{"damage":19.0,"enemies":"3 Byrds","floor":18.0,"turns":6.0},{"damage":9.0,"enemies":"2 Thieves","floor":19.0,"turns":5.0},{"damage":29.0,"enemies":"Colosseum Slavers","floor":21.0,"turns":5.0},{"damage":46,"enemies":"Gremlin Leader","floor":23,"turns":11}],"seed_played":"-7800767105756586799","potions_obtained":[{"floor":2.0,"key":"SpeedPotion"},{"floor":3.0,"key":"LiquidBronze"},{"floor":11.0,"key":"Explosive Potion"},{"floor":14.0,"key":"Fire Potion"},{"floor":16.0,"key":"Weak Potion"}],"is_trial":false,"path_per_floor":["M","M","M","M","M","R","M","R","T","M","M","R","E","?","R","B",null,"M","M","$","?","?","E"],"character_chosen":"DEFECT","items_purchased":["Runic Capacitor"],"campfire_rested":0,"item_purchase_floors":[20],"current_hp_per_floor":[59,59,61,60,52,52,61,61,61,69,70,70,69,69,69,66,70,59,59,59,39,39,0],"gold":55,"neow_bonus":"RANDOM_COMMON_RELIC","is_prod":false,"is_daily":false,"chose_seed":false,"campfire_upgraded":4,"win_rate":0,"timestamp":1549767954,"path_taken":["M","M","M","M","M","R","M","R","T","M","?","R","E","?","R","BOSS","M","M","$","?","?","E"],"build_version":"2019-01-23","purchased_purges":0,"victory":false,"max_hp_per_floor":[71,71,71,71,71,71,71,71,71,71,71,71,71,71,71,71,71,71,71,71,71,71,71],"card_choices":[{"not_picked":["Go for the Eyes","Barrage"],"picked":"BootSequence","floor":1.0},{"not_picked":["Gash","Beam Cell"],"picked":"Steam","floor":2.0},{"not_picked":["Rebound","Barrage","Sweeping Beam"],"picked":"SKIP","floor":3.0},{"not_picked":["Beam Cell","Barrage"],"picked":"Loop","floor":4.0},{"not_picked":["Beam Cell","Conserve Battery"],"picked":"Self Repair","floor":5.0},{"not_picked":["Go for the Eyes","Steam"],"picked":"Defragment","floor":7.0},{"not_picked":["Redo","Hologram"],"picked":"Biased Cognition+1","floor":10.0},{"not_picked":["Rebound","Beam Cell"],"picked":"Cold Snap","floor":11.0},{"not_picked":["Blizzard","Compile Driver","Steam Power"],"picked":"SKIP","floor":13.0},{"not_picked":["Amplify","Machine Learning+1"],"picked":"Buffer+1","floor":16.0},{"not_picked":["Recycle+1","Melter"],"picked":"Go for the Eyes","floor":18.0},{"not_picked":["Steam","Rebound","Self Repair+1"],"picked":"SKIP","floor":19.0}],"player_experience":1210385,"relics_obtained":[{"floor":9.0,"key":"Frozen Egg 2"},{"floor":13.0,"key":"Juzu Bracelet"}],"event_choices":[{"damage_healed":0.0,"max_hp_gain":0.0,"max_hp_loss":0.0,"gold_gain":0.0,"event_name":"The Woman in Blue","player_choice":"Bought 1 Potion","floor":14.0,"gold_loss":0.0,"damage_taken":0.0},{"damage_healed":0.0,"max_hp_gain":0.0,"max_hp_loss":0.0,"gold_gain":0.0,"event_name":"Colosseum","player_choice":"Fight","floor":21.0,"gold_loss":0.0,"damage_taken":0.0},{"damage_healed":0.0,"max_hp_gain":0.0,"max_hp_loss":0.0,"gold_gain":0.0,"event_name":"Colosseum","player_choice":"Fled From Nobs","floor":21.0,"gold_loss":0.0,"damage_taken":0.0},{"damage_healed":0,"gold_gain":0,"player_choice":"Ignored","damage_taken":0,"max_hp_gain":0,"max_hp_loss":0,"event_name":"Cursed Tome","floor":22,"gold_loss":0}],"is_beta":false,"boss_relics":[{"not_picked":["Tiny House","Astrolabe"],"picked":"Cursed Key"}],"items_purged_floors":[],"is_endless":false,"potions_floor_spawned":[2,3,11,13,16],"killed_by":"Gremlin Leader","ascension_level":18}