{"gold_per_floor":[19,19,40,63,63,63,23,23,23,23,46,61,75,94,94,94],"floor_reached":16,"playtime":910,"items_purged":[],"score":179,"play_id":"1a38228a-c238-4c0e-bdf7-13dcf7aebcdb","local_time":"20190202182023","is_ascension_mode":true,"campfire_choices":[{"data":"Neutralize","floor":6,"key":"SMITH"},{"data":"Adrenaline","floor":8,"key":"SMITH"},{"data":"Blur","floor":10,"key":"SMITH"},{"data":"Distraction","floor":15,"key":"SMITH"}],"neow_cost":"NO_GOLD","seed_source_timestamp":7751682035515,"circlet_count":0,"master_deck":["AscendersBane","Defend_G","Defend_G","Defend_G","Defend_G","Defend_G","Strike_G","Strike_G","Strike_G","Strike_G","Strike_G","Survivor","Neutralize+1","Blur+1","Adrenaline+1","Backflip","Distraction+1","Die Die Die"],"special_seed":0,"relics":["Ring of the Snake","Torii","Golden Idol","Shuriken","Ice Cream"],"potions_floor_usage":[13,14],"damage_taken":[{"damage":7.0,"enemies":"2 Louse","floor":1.0,"turns":5.0},{"damage":1.0,"enemies":"Jaw Worm","floor":3.0,"turns":8.0},{"damage":12,"enemies":"Cultist","floor":4,"turns":5},{"damage":2,"enemies":"Looter","floor":7,"turns":4},{"damage":1,"enemies":"Lots of Slimes","floor":11,"turns":6},{"damage":11,"enemies":"Large Slime","floor":12,"turns":10},{"damage":0,"enemies":"Exordium Wildlife","floor":13,"turns":3},{"damage":10,"enemies":"Gremlin Gang","floor":14,"turns":7},{"damage":36,"enemies":"The Guardian","floor":16,"turns":20}],"seed_played":"3853924027381944016","potions_obtained":[{"floor":1.0,"key":"Ancient Potion"},{"floor":12,"key":"Fire Potion"},{"floor":13,"key":"Regen Potion"}],"is_trial":false,"path_per_floor":["M","?","M","M","T","R","M","R","T","R","M","M","M","M","R","B"],"character_chosen":"THE_SILENT","items_purchased":[],"campfire_rested":0,"item_purchase_floors":[],"current_hp_per_floor":[52,52,51,39,39,39,37,37,37,37,36,25,25,30,30,0],"gold":94,"neow_bonus":"ONE_RARE_RELIC","is_prod":false,"is_daily":false,"chose_seed":false,"campfire_upgraded":4,"win_rate":0,"timestamp":1549160423,"path_taken":["M","?","M","M","?","R","M","R","T","R","M","M","M","M","R","BOSS"],"build_version":"2019-01-23","purchased_purges":0,"victory":false,"max_hp_per_floor":[66,60,60,60,60,60,60,60,60,60,60,60,60,60,60,60],"card_choices":[{"not_picked":["Dagger Spray","Dagger Throw"],"picked":"Blur","floor":1.0},{"not_picked":["Slice","Poisoned Stab","Dodge and Roll"],"picked":"SKIP","floor":3.0},{"not_picked":["Deflect","Bane","Flying Knee"],"picked":"SKIP","floor":4},{"not_picked":["Quick Slash","Dagger Throw"],"picked":"Adrenaline","floor":7},{"not_picked":["Blade Dance","Poisoned Stab"],"picked":"Backflip","floor":11},{"not_picked":["Accuracy","Outmaneuver","Underhanded Strike"],"picked":"SKIP","floor":12},{"not_picked":["Slice","Poisoned Stab"],"picked":"Distraction","floor":13},{"not_picked":["Sucker Punch","Deflect"],"picked":"Die Die Die","floor":14}],"player_experience":1200753,"relics_obtained":[{"floor":5,"key":"Shuriken"},{"floor":9,"key":"Ice Cream"}],"event_choices":[{"damage_healed":0.0,"max_hp_gain":0.0,"max_hp_loss":6.0,"gold_gain":0.0,"event_name":"Golden Idol","player_choice":"Lose Max HP","floor":2.0,"gold_loss":0.0,"damage_taken":0.0,"relics_obtained":["Golden Idol"]}],"is_beta":false,"boss_relics":[],"items_purged_floors":[],"is_endless":false,"potions_floor_spawned":[1,12,13],"killed_by":"The Guardian","ascension_level":18}