{"gold_per_floor":[114,114,114,129,144,144,159,159,159,189,204,234,234,249,249,349,349,349,349,19,19,19,19,0,0,0,0,0,0,0,0,0,0,0,0,0,0,0,0,0],"floor_reached":40,"playtime":2830,"items_purged":[],"score":463,"play_id":"f90bad09-1b61-4dd3-8a2e-7a98eb3bf1e1","local_time":"20180803220123","daily_mods":["Heirloom","Time Dilation","Night Terrors"],"is_ascension_mode":false,"campfire_choices":[{"data":"Poisoned Stab","floor":6,"key":"SMITH"},{"data":"Strike_G","floor":8,"key":"PURGE"},{"floor":15,"key":"REST"},{"floor":32,"key":"REST"}],"neow_cost":"","seed_source_timestamp":0,"circlet_count":0,"master_deck":["Survivor","Neutralize","Backflip","Poisoned Stab+1","Dodge and Roll","Acrobatics","After Image","Blade Dance","Flying Knee","Envenom","Crippling Poison","Footwork","Writhe","Poisoned Stab","Poisoned Stab","Blade Dance+1","Catalyst+1","Bouncing Flask+1","Adrenaline+1","Infinite Blades","Bullet Time+1","Predator","Dodge and Roll+1","Deadly Poison+1","Quick Slash","Bouncing Flask+1","Reflex+1","Tactician+1","Bouncing Flask+1"],"special_seed":17746,"relics":["Ring of the Snake","Peace Pipe","Ornamental Fan","Orichalcum","Snake Skull","Ectoplasm","Toxic Egg 2","Gremlin Horn","Shuriken","StoneCalendar","Darkstone Periapt","The Courier","Pandora\u0027s Box","Red Mask"],"potions_floor_usage":[10,12,14,23,24,29,33,40,40],"damage_taken":[{"damage":0,"enemies":"2 Louse","floor":1,"turns":4},{"damage":0,"enemies":"Small Slimes","floor":4,"turns":3},{"damage":0,"enemies":"Jaw Worm","floor":5,"turns":3},{"damage":1,"enemies":"2 Fungi Beasts","floor":7,"turns":5},{"damage":10,"enemies":"Gremlin Nob","floor":10,"turns":5},{"damage":4,"enemies":"Large Slime","floor":11,"turns":8},{"damage":21,"enemies":"Lagavulin","floor":12,"turns":7},{"damage":3,"enemies":"3 Louse","floor":14,"turns":6},{"damage":26,"enemies":"The Guardian","floor":16,"turns":11},{"damage":0,"enemies":"Shell Parasite","floor":18,"turns":5},{"damage":10,"enemies":"Gremlin Leader","floor":23,"turns":6},{"damage":11,"enemies":"2 Thieves","floor":24,"turns":4},{"damage":8,"enemies":"Book of Stabbing","floor":25,"turns":5},{"damage":4,"enemies":"Centurion and Healer","floor":28,"turns":5},{"damage":2,"enemies":"Snecko","floor":29,"turns":5},{"damage":12,"enemies":"Snake Plant","floor":30,"turns":3},{"damage":3,"enemies":"Centurion and Healer","floor":31,"turns":4},{"damage":40,"enemies":"Collector","floor":33,"turns":6},{"damage":17,"enemies":"Flame Bruiser 1 Orb","floor":35,"turns":4},{"damage":22,"enemies":"3 Darklings","floor":39,"turns":4},{"damage":39,"enemies":"2 Orb Walkers","floor":40,"turns":3}],"seed_played":"1315967547394537302","potions_obtained":[{"floor":7,"key":"GhostInAJar"},{"floor":11,"key":"SneckoOil"},{"floor":12,"key":"Strength Potion"},{"floor":14,"key":"Block Potion"},{"floor":16,"key":"Energy Potion"},{"floor":23,"key":"AttackPotion"},{"floor":28,"key":"Block Potion"},{"floor":30,"key":"LiquidBronze"},{"floor":31,"key":"Energy Potion"},{"floor":39,"key":"Regen Potion"}],"is_trial":false,"path_per_floor":["M","?","?","M","M","R","M","R","T","E","M","E","?","M","R","B",null,"M","?","$","?","?","E","M","E","T","?","M","M","M","M","R","B",null,"M","$","?","?","M"],"character_chosen":"THE_SILENT","items_purchased":["Footwork","Toxic Egg 2"],"campfire_rested":2,"item_purchase_floors":[20,20],"current_hp_per_floor":[70,56,56,56,56,56,55,55,55,45,41,20,13,10,65,39,65,65,54,54,54,54,44,33,25,25,25,21,19,7,4,65,25,65,48,48,48,48,26,0],"gold":0,"neow_bonus":"","is_prod":false,"is_daily":true,"chose_seed":false,"campfire_upgraded":1,"win_rate":0.0,"timestamp":1533326483,"path_taken":["M","?","?","M","M","R","M","R","T","E","M","E","?","M","R","BOSS","M","?","$","?","?","E","?","E","T","?","?","?","?","M","R","BOSS","M","$","?","?","M","E"],"build_version":"2018-08-02","purchased_purges":0,"victory":false,"max_hp_per_floor":[70,70,70,70,70,70,70,70,70,70,70,70,70,70,65,65,65,65,70,70,70,70,70,70,70,70,70,70,70,70,70,65,65,65,65,65,65,65,65,65],"card_choices":[{"not_picked":["PiercingWail","Cloak And Dagger"],"picked":"Backflip","floor":1},{"not_picked":["Outmaneuver","Calculated Gamble"],"picked":"Poisoned Stab","floor":4},{"not_picked":["Flechettes","Unload"],"picked":"Dodge and Roll","floor":5},{"not_picked":["Sucker Punch","Reflex"],"picked":"Acrobatics","floor":7},{"not_picked":["Dagger Throw","Cloak And Dagger","Heel Hook"],"picked":"SKIP","floor":10},{"not_picked":["Bouncing Flask","Well Laid Plans"],"picked":"After Image","floor":11},{"not_picked":["Eviscerate","Acrobatics"],"picked":"Blade Dance","floor":12},{"not_picked":["PiercingWail","Acrobatics"],"picked":"Flying Knee","floor":14},{"not_picked":["Night Terror","Bullet Time"],"picked":"Envenom","floor":16},{"not_picked":["Sucker Punch","Distraction+1"],"picked":"Crippling Poison","floor":18},{"not_picked":["Dagger Throw","Heel Hook"],"picked":"Poisoned Stab","floor":23},{"not_picked":["Finisher","Flying Knee"],"picked":"Poisoned Stab","floor":24},{"not_picked":["Heel Hook","Dagger Throw"],"picked":"Blade Dance+1","floor":25},{"not_picked":["Flying Knee","Concentrate+1"],"picked":"Catalyst+1","floor":28},{"not_picked":["Predator","Outmaneuver+1"],"picked":"Bouncing Flask+1","floor":29},{"not_picked":["Outmaneuver+1","Acrobatics+1"],"picked":"Adrenaline+1","floor":30},{"not_picked":["Backstab","Escape Plan+1"],"picked":"Infinite Blades","floor":31},{"not_picked":["Die Die Die","Grand Finale"],"picked":"Bullet Time+1","floor":33},{"not_picked":["Outmaneuver+1","Reflex+1","Slice"],"picked":"SKIP","floor":35},{"not_picked":["PiercingWail+1","Bane"],"picked":"Bouncing Flask+1","floor":39}],"player_experience":86323,"relics_obtained":[{"floor":9,"key":"Ornamental Fan"},{"floor":10,"key":"Orichalcum"},{"floor":12,"key":"Snake Skull"},{"floor":23,"key":"StoneCalendar"},{"floor":25,"key":"Darkstone Periapt"},{"floor":26,"key":"The Courier"}],"event_choices":[{"event_name":"Shining Light","player_choice":"Entered Light","floor":2,"damage_taken":0},{"event_name":"Living Wall","player_choice":"Forget","floor":3,"damage_taken":0},{"event_name":"Golden Wing","player_choice":"Card Removal","floor":13,"damage_taken":0},{"event_name":"Forgotten Altar","player_choice":"Shed Blood","floor":19,"damage_taken":0},{"event_name":"The Mausoleum","player_choice":"Yes","floor":21,"damage_taken":0},{"event_name":"WeMeetAgain","player_choice":"Potion","floor":22,"damage_taken":0},{"event_name":"Nest","player_choice":"Stole From Cult","floor":27,"damage_taken":0},{"event_name":"Transmorgrifier","player_choice":"Transform","floor":37,"damage_taken":0},{"event_name":"Tomb of Lord Red Mask","player_choice":"Paid","floor":38,"damage_taken":0}],"is_beta":false,"boss_relics":[{"not_picked":["Lizard Tail","Tiny House"],"picked":"Ectoplasm"},{"not_picked":["Philosopher\u0027s Stone","Runic Pyramid"],"picked":"Pandora\u0027s Box"}],"items_purged_floors":[],"is_endless":false,"potions_floor_spawned":[7,11,12,14,16,23,28,30,31,39],"killed_by":"2 Orb Walkers","ascension_level":0}