{"path_per_floor":["M","?","M","?","$","R","E","M","T","M","E","M","R","M","R","B",null,"M","?","?","M","?","E","R","E","T","$","M","R","E","T","R","B",null,"M","$","?","M","T","R","M","?","T","M","$","M","T","M","R","B"],"character_chosen":"IRONCLAD","items_purchased":["Intimidate","Wild Strike","Lantern","Metallicize","Fire Breathing","Clash"],"gold_per_floor":[119,119,137,137,25,25,50,68,94,109,138,153,153,167,167,266,266,278,203,126,136,136,195,195,221,276,1,19,19,46,98,98,194,194,206,85,85,105,105,105,124,171,171,187,44,55,132,142,142,142],"floor_reached":51,"campfire_rested":2,"playtime":3622,"current_hp_per_floor":[77,77,79,79,79,79,58,63,70,76,60,69,69,72,72,55,85,56,56,56,60,93,75,75,54,54,54,58,90,85,85,85,66,97,95,95,95,111,111,111,115,66,66,58,58,57,57,42,90,77],"items_purged":["Regret","Strike_R","Normality","Parasite"],"gold":142,"score":1016,"play_id":"c23ce346-6c39-41e5-a41f-1b6dc0bf814f","local_time":"20180424120824","is_prod":false,"is_daily":false,"chose_seed":false,"is_ascension_mode":true,"campfire_upgraded":6,"timestamp":1524596904,"path_taken":["M","?","M","?","$","R","E","M","T","M","E","M","R","M","R","BOSS","M","?","?","M","?","E","R","E","T","$","M","R","E","?","R","BOSS","M","$","?","M","?","R","M","?","T","M","?","M","?","M","R","BOSS"],"build_version":"2018-04-19","seed_source_timestamp":0,"purchased_purges":4,"victory":true,"master_deck":["Strike_R+1","Strike_R","Defend_R+1","Defend_R","Defend_R","Defend_R","Bash+1","Warcry","Armaments+1","Wild Strike","Intimidate+1","Iron Wave","Battle Trance","Shrug It Off","Feed+1","Whirlwind+1","Reaper","Shrug It Off","J.A.X.+1","Carnage+1","Uppercut+1","Wild Strike","Spot Weakness+1","Demon Form+1","Parasite","Wild Strike+1","Metallicize","Good Instincts","Heavy Blade+1","Inflame+1","Fire Breathing","Clash+1","Offering","Shockwave+1"],"max_hp_per_floor":[80,80,80,80,80,80,80,80,87,87,87,91,91,95,95,95,95,95,95,95,99,99,99,99,103,103,103,107,107,107,107,107,107,107,107,107,107,111,111,111,115,115,115,115,112,112,112,112,112,112],"relics":["Burning Blood","Art of War","Orichalcum","Strawberry","War Paint","Sozu","Tiny Chest","Blood Vial","Whetstone","Lantern","Gremlin Horn","Bag of Marbles","Calling Bell","Regal Pillow","Smiling Mask","Bird Faced Urn","Molten Egg 2","Girya","Self Forming Clay","Darkstone Periapt"],"card_choices":[{"not_picked":["Anger","Pummel"],"picked":"Warcry","floor":1.0},{"not_picked":["Havoc","Anger"],"picked":"Wild Strike","floor":3.0},{"not_picked":["Brutality","Heavy Blade"],"picked":"Iron Wave","floor":7.0},{"not_picked":["Dual Wield","Anger"],"picked":"Battle Trance","floor":8.0},{"not_picked":["Sever Soul","Headbutt"],"picked":"Shrug It Off","floor":10.0},{"not_picked":["Second Wind","Seeing Red"],"picked":"Feed","floor":11.0},{"not_picked":["Pummel","Dual Wield"],"picked":"Whirlwind","floor":14.0},{"not_picked":["Immolate","Dark Embrace"],"picked":"Reaper","floor":16.0},{"not_picked":["Headbutt","Sentinel"],"picked":"Shrug It Off","floor":18},{"not_picked":["Uppercut","Clash"],"picked":"Carnage","floor":21},{"not_picked":["Perfected Strike","Flex"],"picked":"Uppercut","floor":25},{"not_picked":["Second Wind","Inflame"],"picked":"Spot Weakness","floor":30},{"not_picked":["Dark Embrace","Immolate"],"picked":"Demon Form","floor":33},{"not_picked":["Shrug It Off","Havoc"],"picked":"Wild Strike","floor":35},{"not_picked":["Madness","Panache"],"picked":"Good Instincts","floor":37},{"not_picked":["Feel No Pain","Perfected Strike"],"picked":"Heavy Blade","floor":41},{"not_picked":["Rage","Infernal Blade"],"picked":"Inflame","floor":42},{"not_picked":["Clothesline","Sword Boomerang"],"picked":"Offering","floor":46},{"not_picked":["Entrench","Warcry"],"picked":"Shockwave","floor":48}],"player_experience":369077,"potions_floor_usage":[23],"damage_taken":[{"damage":1.0,"enemies":"Cultist","floor":1.0,"turns":3.0},{"damage":4.0,"enemies":"2 Louse","floor":3.0,"turns":3.0},{"damage":27.0,"enemies":"3 Sentries","floor":7.0,"turns":12.0},{"damage":1.0,"enemies":"Small Slimes","floor":8.0,"turns":4.0},{"damage":0.0,"enemies":"Blue Slaver","floor":10.0,"turns":5.0},{"damage":22.0,"enemies":"Lagavulin","floor":11.0,"turns":7.0},{"damage":1.0,"enemies":"Large Slime","floor":12.0,"turns":6.0},{"damage":7.0,"enemies":"Exordium Thugs","floor":14.0,"turns":6.0},{"damage":23.0,"enemies":"Slime Boss","floor":16.0,"turns":10.0},{"damage":40,"enemies":"Spheric Guardian","floor":18,"turns":6},{"damage":13,"enemies":"Shell Parasite","floor":21,"turns":8},{"damage":32,"enemies":"Gremlin Leader","floor":23,"turns":7},{"damage":52,"enemies":"Slavers","floor":25,"turns":11},{"damage":14,"enemies":"Cultist and Chosen","floor":28,"turns":7},{"damage":37,"enemies":"Gremlin Leader","floor":30,"turns":8},{"damage":49,"enemies":"Collector","floor":33,"turns":8},{"damage":10,"enemies":"3 Darklings","floor":35,"turns":3},{"damage":5,"enemies":"Orb Walker","floor":38,"turns":3},{"damage":15,"enemies":"Maw","floor":41,"turns":7},{"damage":55,"enemies":"Mysterious Sphere","floor":42,"turns":4},{"damage":39,"enemies":"3 Darklings","floor":44,"turns":5},{"damage":27,"enemies":"Sphere and 2 Shapes","floor":46,"turns":5},{"damage":34,"enemies":"Maw","floor":48,"turns":8},{"damage":66,"enemies":"Donu and Deca","floor":50,"turns":7}],"event_choices":[{"event_name":"Transmorgrifier","player_choice":"Transform","floor":2.0,"damage_taken":0.0},{"event_name":"Big Fish","player_choice":"Box","floor":4.0,"damage_taken":0.0},{"event_name":"Beggar","player_choice":"Gave Gold","floor":19,"damage_taken":0},{"event_name":"Drug Dealer","player_choice":"Got JAXXED","floor":20,"damage_taken":0},{"event_name":"The Library","player_choice":"Heal","floor":22,"damage_taken":0},{"event_name":"SensoryStone","player_choice":"Memory 1","floor":37,"damage_taken":0},{"event_name":"Mysterious Sphere","player_choice":"Fight","floor":42,"damage_taken":0}],"boss_relics":[{"not_picked":["Ectoplasm","Runic Dome"],"picked":"Sozu"},{"not_picked":["Eternal Feather","Runic Cube"],"picked":"Calling Bell"}],"potions_floor_spawned":[7,8,10,12,18,23,33,42,46],"seed_played":"-2498786135233154938","ascension_level":8,"is_trial":false}