{"path_per_floor":["M","M","M","M","?","E","R","E","T","?","E","$","T","?","R","B",null,"M","M","M","?","M","E","R","E","T","R","?","$","M","$","R","B",null,"M","M","$","M","M","R","M","E","T","R","E","R","?","E","R"],"character_chosen":"IRONCLAD","items_purchased":["Battle Trance","Blood for Blood","Singing Bowl","Weak Potion","Metallicize","Disarm","Shrug It Off","Oddly Smooth Stone","Bandage Up"],"gold_per_floor":[110,124,139,156,231,258,258,289,316,266,300,27,106,281,281,379,379,392,408,423,348,365,395,395,424,424,424,424,301,317,113,113,217,217,237,253,22,41,61,61,75,105,105,105,134,134,134,169,169,169],"floor_reached":50,"campfire_rested":5,"playtime":3694,"current_hp_per_floor":[79,80,80,80,69,66,66,54,54,54,47,47,47,47,47,47,72,78,77,74,74,59,35,60,35,35,60,86,86,81,81,81,33,73,51,54,54,57,55,55,57,43,43,68,33,58,58,45,71,0],"items_purged":["Doubt"],"gold":169,"score":785,"play_id":"f6c804e0-eaef-44ef-a34b-66ae78275ecc","local_time":"20180416223630","is_prod":false,"is_daily":false,"chose_seed":false,"is_ascension_mode":true,"campfire_upgraded":4,"timestamp":1523943390,"path_taken":["M","M","M","M","?","E","R","E","T","?","E","$","?","?","R","BOSS","M","M","M","?","M","E","R","E","T","R","?","$","M","$","R","BOSS","M","M","$","M","M","R","?","E","T","R","E","R","?","E","R","BOSS"],"build_version":"2018-04-12","seed_source_timestamp":0,"purchased_purges":2,"victory":false,"master_deck":["Strike_R","Strike_R","Strike_R","Defend_R","Defend_R","Defend_R","Defend_R","Bash+1","Cleave","Cleave","Iron Wave+1","Flex","Inflame+1","Warcry+1","Clash","Battle Trance+1","Blood for Blood","Offering+1","Shrug It Off+1","Metallicize+1","Cleave+1","Metallicize","Disarm+1","Shrug It Off+1","Juggernaut+1","Iron Wave+1","Iron Wave+1","Bandage Up+1","Blood for Blood+1","Iron Wave+1","Metallicize","Shrug It Off+1","Iron Wave+1"],"max_hp_per_floor":[80,80,80,80,80,80,80,80,80,80,80,80,80,80,80,80,80,80,80,82,82,84,86,86,86,86,86,86,86,86,86,86,86,86,86,86,86,86,86,86,86,86,86,86,86,86,86,88,88,88],"relics":["Black Blood","Toxic Egg 2","Bottled Tornado","Orichalcum","Centennial Puzzle","Singing Bowl","Paper Frog","Velvet Choker","Blue Candle","Sundial","Lantern","Oddly Smooth Stone","Shuriken","Frozen Egg 2","Molten Egg 2","Meat on the Bone"],"card_choices":[{"not_picked":["Entrench","Twin Strike"],"picked":"Cleave","floor":1.0},{"not_picked":["Thunderclap","Warcry"],"picked":"Cleave","floor":2.0},{"not_picked":["Spot Weakness","Corruption"],"picked":"Iron Wave","floor":3},{"not_picked":["Sword Boomerang","Anger"],"picked":"Flex","floor":4},{"not_picked":["Armaments","Brutality"],"picked":"Inflame","floor":6},{"not_picked":["Bludgeon","Pummel"],"picked":"Warcry","floor":8},{"not_picked":["Perfected Strike","Disarm"],"picked":"Clash","floor":11},{"not_picked":["Reaper","Bludgeon"],"picked":"Offering","floor":16},{"not_picked":["Shockwave","Headbutt"],"picked":"Shrug It Off","floor":18},{"not_picked":["Rage","Clash"],"picked":"Metallicize","floor":19},{"not_picked":["Clash","Twin Strike"],"picked":"Iron Wave","floor":25},{"not_picked":["Body Slam","Barricade"],"picked":"Cleave","floor":30},{"not_picked":["Double Tap","Brutality"],"picked":"Juggernaut","floor":33},{"not_picked":["Cleave","Uppercut"],"picked":"Iron Wave","floor":35},{"not_picked":["Evolve","Armaments"],"picked":"Iron Wave","floor":36},{"not_picked":["Carnage","Shrug It Off"],"picked":"Blood for Blood","floor":38},{"not_picked":["Combust","Carnage"],"picked":"Iron Wave","floor":39},{"not_picked":["Spot Weakness","True Grit"],"picked":"Metallicize","floor":41},{"not_picked":["Reckless Charge","Clothesline"],"picked":"Shrug It Off","floor":42},{"not_picked":["Power Through","Armaments"],"picked":"Iron Wave","floor":45}],"player_experience":293522,"potions_floor_usage":[6,8,23,33,33,45,48,50,50],"damage_taken":[{"damage":7.0,"enemies":"2 Louse","floor":1.0,"turns":2.0},{"damage":0.0,"enemies":"Small Slimes","floor":2.0,"turns":4.0},{"damage":2.0,"enemies":"Jaw Worm","floor":3.0,"turns":3.0},{"damage":2,"enemies":"Looter","floor":4,"turns":4},{"damage":9,"enemies":"3 Sentries","floor":6,"turns":6},{"damage":18,"enemies":"Lagavulin","floor":8,"turns":6},{"damage":13,"enemies":"Gremlin Nob","floor":11,"turns":3},{"damage":6,"enemies":"Slime Boss","floor":16,"turns":9},{"damage":0,"enemies":"Chosen","floor":18,"turns":2},{"damage":7,"enemies":"2 Thieves","floor":19,"turns":4},{"damage":11,"enemies":"Sentry and Sphere","floor":20,"turns":5},{"damage":23,"enemies":"Snecko","floor":22,"turns":4},{"damage":47,"enemies":"Book of Stabbing","floor":23,"turns":6},{"damage":31,"enemies":"Slavers","floor":25,"turns":5},{"damage":11,"enemies":"Snake Plant","floor":30,"turns":2},{"damage":54,"enemies":"Automaton","floor":33,"turns":10},{"damage":32,"enemies":"3 Darklings","floor":35,"turns":5},{"damage":7,"enemies":"3 Shapes","floor":36,"turns":8},{"damage":13,"enemies":"Maw","floor":38,"turns":7},{"damage":18,"enemies":"3 Darklings","floor":39,"turns":4},{"damage":14,"enemies":"Sphere and 2 Shapes","floor":41,"turns":5},{"damage":30,"enemies":"Giant Head","floor":42,"turns":8},{"damage":51,"enemies":"2 Orb Walkers","floor":45,"turns":5},{"damage":31,"enemies":"Giant Head","floor":48,"turns":9},{"damage":82,"enemies":"Donu and Deca","floor":50,"turns":10}],"event_choices":[{"event_name":"World of Goop","player_choice":"Gather Gold","floor":5,"damage_taken":0},{"event_name":"The Cleric","player_choice":"Card Removal","floor":10,"damage_taken":0},{"event_name":"Liars Game","player_choice":"agreed","floor":14,"damage_taken":0},{"event_name":"Beggar","player_choice":"Gave Gold","floor":21,"damage_taken":0},{"event_name":"The Library","player_choice":"Heal","floor":28,"damage_taken":0}],"boss_relics":[{"not_picked":["Runic Dome","Lizard Tail"],"picked":"Velvet Choker"},{"not_picked":["Tiny House","Orrery"],"picked":"Black Blood"}],"potions_floor_spawned":[1,3,20,22,23,30,39,41,45],"seed_played":"-8744470756310156882","killed_by":"Donu and Deca","ascension_level":5,"is_trial":false}