{"gold_per_floor":[119,119,69,69,88,116,116,146,146,146,146,146,175,188,188,283,283,302,123,73,100,113,145,145,0,54,69,69,88,88,114,114,216,216,227,227,242,254,22,49,73,73,73,73,73,83,101,101,101,101],"floor_reached":51,"playtime":2520,"items_purged":["Strike_B","Strike_B"],"score":1135,"play_id":"8bb27d52-c73a-446e-957e-1ca1a09f57f0","local_time":"20180804183117","is_ascension_mode":true,"campfire_choices":[{"data":"Zap","floor":7,"key":"SMITH"},{"data":"Dualcast","floor":10,"key":"SMITH"},{"data":"Defragment","floor":12,"key":"SMITH"},{"data":"Ball Lightning","floor":15,"key":"SMITH"},{"data":"Defragment","floor":24,"key":"SMITH"},{"data":"Loop","floor":28,"key":"SMITH"},{"data":"Defragment","floor":30,"key":"SMITH"},{"data":"Storm","floor":32,"key":"SMITH"},{"data":"Static Discharge","floor":42,"key":"SMITH"},{"data":"Leap","floor":44,"key":"SMITH"},{"floor":49,"key":"REST"}],"neow_cost":"NONE","seed_source_timestamp":24271423266111,"circlet_count":0,"master_deck":["Defend_B+1","Defend_B","Defend_B","Defend_B","Zap+1","Dualcast+1","Ball Lightning+1","Sunder+1","Defragment+1","BootSequence","Cold Snap+1","Ball Lightning+1","Electrodynamics","Defragment+1","Storm+1","Loop+1","Defragment+1","Chill+1","Leap+1","Static Discharge+1","Force Field+1"],"relics":["Cracked Core","NeowsBlessing","DataDisk","Molten Egg 2","The Courier","Sundial","Velvet Choker","Happy Flower","Thread and Needle","Tiny Chest","Pen Nib","White Beast Statue","Bag of Preparation","Whetstone","Potion Belt","Juzu Bracelet","Smiling Mask"],"potions_floor_usage":[8,16,16,16,31,33,40,40,50,50,50,50],"damage_taken":[{"damage":0,"enemies":"2 Louse","floor":1,"turns":1},{"damage":0,"enemies":"Jaw Worm","floor":5,"turns":1},{"damage":0,"enemies":"3 Sentries","floor":6,"turns":1},{"damage":40,"enemies":"Gremlin Nob","floor":8,"turns":4},{"damage":15,"enemies":"Lagavulin","floor":13,"turns":5},{"damage":0,"enemies":"Small Slimes","floor":14,"turns":2},{"damage":0,"enemies":"Slime Boss","floor":16,"turns":5},{"damage":1,"enemies":"2 Thieves","floor":18,"turns":3},{"damage":0,"enemies":"Chosen","floor":22,"turns":3},{"damage":20,"enemies":"Gremlin Leader","floor":23,"turns":4},{"damage":0,"enemies":"Sentry and Sphere","floor":27,"turns":3},{"damage":4,"enemies":"Snake Plant","floor":29,"turns":3},{"damage":3,"enemies":"Book of Stabbing","floor":31,"turns":4},{"damage":0,"enemies":"Automaton","floor":33,"turns":4},{"damage":0,"enemies":"3 Darklings","floor":35,"turns":2},{"damage":0,"enemies":"Flame Bruiser 1 Orb","floor":37,"turns":3},{"damage":0,"enemies":"4 Shapes","floor":38,"turns":4},{"damage":11,"enemies":"2 Orb Walkers","floor":40,"turns":4},{"damage":7,"enemies":"Flame Bruiser 2 Orb","floor":46,"turns":3},{"damage":21,"enemies":"Spire Growth","floor":47,"turns":3},{"damage":14,"enemies":"Awakened One","floor":50,"turns":10}],"seed_played":"-5834297951292694437","potions_obtained":[{"floor":5,"key":"Swift Potion"},{"floor":6,"key":"Fire Potion"},{"floor":8,"key":"Explosive Potion"},{"floor":14,"key":"PowerPotion"},{"floor":27,"key":"EssenceOfSteel"},{"floor":31,"key":"Explosive Potion"},{"floor":35,"key":"Poison Potion"},{"floor":37,"key":"Poison Potion"},{"floor":38,"key":"FearPotion"},{"floor":40,"key":"Dexterity Potion"},{"floor":46,"key":"Dexterity Potion"},{"floor":47,"key":"LiquidBronze"}],"is_trial":false,"path_per_floor":["M","?","?","$","M","E","R","E","T","R","?","R","E","M","R","B",null,"M","$","?","T","M","E","R","?","T","M","R","M","R","E","R","B",null,"M","?","M","M","$","E","T","R","T","R","?","M","M","T","R","B"],"character_chosen":"DEFECT","items_purchased":["Defragment","Storm","Static Discharge","Bag of Preparation"],"campfire_rested":1,"item_purchase_floors":[19,19,39,39],"current_hp_per_floor":[68,61,61,61,61,61,61,21,21,21,46,46,31,31,31,31,64,63,63,63,63,63,43,43,43,43,43,43,39,39,36,36,36,65,65,65,65,65,65,54,54,54,54,54,54,47,26,26,48,34],"gold":101,"neow_bonus":"THREE_ENEMY_KILL","is_prod":false,"is_daily":false,"chose_seed":false,"campfire_upgraded":10,"win_rate":0,"timestamp":1533425477,"path_taken":["M","?","?","?","?","E","R","E","T","R","?","R","E","M","R","BOSS","M","$","?","?","M","E","R","?","T","?","R","M","R","E","R","BOSS","M","?","?","M","$","E","?","R","T","R","?","M","M","?","R","BOSS"],"build_version":"2018-08-02","purchased_purges":2,"victory":true,"max_hp_per_floor":[75,75,75,75,75,75,75,75,75,75,75,75,75,75,75,75,75,75,75,75,75,75,75,75,75,75,75,75,75,75,75,75,75,75,75,75,75,75,75,75,75,75,75,75,75,75,75,75,75,75],"card_choices":[{"not_picked":["Sweeping Beam","Steam"],"picked":"Ball Lightning","floor":1},{"not_picked":["Tempest","Hologram"],"picked":"Sunder","floor":5},{"not_picked":["Barrage","Reinforced Body"],"picked":"Defragment","floor":6},{"not_picked":["Redo","Undo"],"picked":"BootSequence","floor":8},{"not_picked":["Self Repair","Conserve Battery"],"picked":"Cold Snap+1","floor":13},{"not_picked":["Cold Snap+1","Beam Cell+1"],"picked":"Ball Lightning+1","floor":14},{"not_picked":["Seek","Fission"],"picked":"Electrodynamics","floor":16},{"not_picked":["Blizzard+1","Steam Power"],"picked":"Storm+1","floor":18},{"not_picked":["Hologram","Conserve Battery+1"],"picked":"Loop","floor":22},{"not_picked":["Rip and Tear+1","Compile Driver+1"],"picked":"Defragment","floor":23},{"not_picked":["Lockon+1","Auto Shields"],"picked":"Chill+1","floor":27},{"not_picked":["Redo","Cold Snap+1","Reboot"],"picked":"SKIP","floor":29},{"not_picked":["Streamline+1","Ball Lightning+1","Sunder+1"],"picked":"SKIP","floor":31},{"not_picked":["Hologram","Redo","Heatsinks+1"],"picked":"SKIP","floor":35},{"not_picked":["Hologram","Redo","Heatsinks+1"],"picked":"SKIP","floor":35},{"not_picked":["Chaos","Genetic Algorithm"],"picked":"Leap","floor":37},{"not_picked":["Sweeping Beam+1","Beam Cell+1","Hologram"],"picked":"SKIP","floor":38},{"not_picked":["Barrage+1","Gash+1","Fusion"],"picked":"SKIP","floor":40},{"not_picked":["All For One+1","Static Discharge","Rebound+1"],"picked":"SKIP","floor":46},{"not_picked":["Aggregate+1","Hologram"],"picked":"Force Field+1","floor":47}],"player_experience":317205,"relics_obtained":[{"floor":6,"key":"DataDisk"},{"floor":8,"key":"Molten Egg 2"},{"floor":9,"key":"The Courier"},{"floor":13,"key":"Sundial"},{"floor":21,"key":"Happy Flower"},{"floor":23,"key":"Thread and Needle"},{"floor":26,"key":"Tiny Chest"},{"floor":31,"key":"Pen Nib"},{"floor":40,"key":"Whetstone"},{"floor":41,"key":"Potion Belt"},{"floor":43,"key":"Juzu Bracelet"},{"floor":48,"key":"Smiling Mask"}],"event_choices":[{"event_name":"Golden Wing","player_choice":"Card Removal","floor":2,"damage_taken":0},{"event_name":"The Cleric","player_choice":"Card Removal","floor":3,"damage_taken":0},{"event_name":"Big Fish","player_choice":"Banana","floor":11,"damage_taken":0},{"event_name":"The Joust","player_choice":"Bet on Murderer","floor":20,"damage_taken":0},{"event_name":"Masked Bandits","player_choice":"Paid Bandits 145 gold","floor":25,"damage_taken":0},{"event_name":"Falling","player_choice":"Removed Power","floor":36,"damage_taken":0},{"event_name":"Accursed Blacksmith","player_choice":"Forge","floor":45,"damage_taken":0}],"is_beta":false,"boss_relics":[{"not_picked":["Tiny House","Nuclear Battery"],"picked":"Velvet Choker"},{"not_picked":["Astrolabe","Runic Dome"],"picked":"White Beast Statue"}],"items_purged_floors":[19,39],"is_endless":false,"potions_floor_spawned":[5,6,8,14,27,31,35,37,38,40,46,47],"ascension_level":7}