{"gold_per_floor":[111,126,137,148,168,168,198,198,198,232,252,269,7,25,25,126,126,139,157,175,194,208,208,233,250,250,261,35,35,54,71,71,169,169,184,201,201,215,215,230,247,265,290,310,117,117,142,142,142,142],"floor_reached":51,"playtime":5949,"items_purged":["Strike_R","Injury"],"score":723,"play_id":"bb5fe86d-a5bc-4908-bc32-d56f7f1512c5","local_time":"20181004015058","is_ascension_mode":false,"campfire_choices":[{"data":"Disarm","floor":6,"key":"SMITH"},{"data":"Bash","floor":8,"key":"SMITH"},{"data":"Iron Wave","floor":15,"key":"SMITH"},{"floor":23,"key":"REST"},{"floor":32,"key":"REST"},{"floor":46,"key":"REST"},{"floor":49,"key":"REST"}],"neow_cost":"NONE","seed_source_timestamp":29041253809580,"circlet_count":0,"master_deck":["Strike_R+1","Strike_R+1","Strike_R+1","Defend_R+1","Defend_R+1","Defend_R+1","Defend_R+1","Bash+1","Warcry","True Grit","Pommel Strike","Disarm+1","Battle Trance","Iron Wave+1","Whirlwind","Havoc","Demon Form","Iron Wave+1","Dropkick","Shockwave","Shrug It Off","Sword Boomerang","Sword Boomerang+1","Clothesline+1","Immolate","Metallicize","Headbutt+1","Shrug It Off+1","Blood for Blood","Flame Barrier+1","True Grit+1","Mind Blast","Writhe"],"relics":["Burning Blood","Red Skull","Lantern","Bag of Marbles","Kunai","Snecko Eye","Self Forming Clay","Pen Nib","Cursed Key","Boot","Strawberry","Blue Candle"],"potions_floor_usage":[7,16,16,41,50,50,50,50,50,50,50,50,50],"damage_taken":[{"damage":3,"enemies":"Cultist","floor":1,"turns":5},{"damage":5,"enemies":"Jaw Worm","floor":2,"turns":7},{"damage":0,"enemies":"2 Louse","floor":3,"turns":3},{"damage":16,"enemies":"Exordium Thugs","floor":4,"turns":7},{"damage":9,"enemies":"Blue Slaver","floor":5,"turns":4},{"damage":57,"enemies":"3 Sentries","floor":7,"turns":16},{"damage":20,"enemies":"Lagavulin","floor":10,"turns":9},{"damage":0,"enemies":"Exordium Wildlife","floor":11,"turns":3},{"damage":10,"enemies":"3 Louse","floor":12,"turns":2},{"damage":5,"enemies":"Looter","floor":14,"turns":2},{"damage":3,"enemies":"Hexaghost","floor":16,"turns":8},{"damage":20,"enemies":"Spheric Guardian","floor":18,"turns":4},{"damage":0,"enemies":"3 Byrds","floor":19,"turns":3},{"damage":17,"enemies":"Sentry and Sphere","floor":20,"turns":5},{"damage":34,"enemies":"3 Cultists","floor":21,"turns":5},{"damage":16,"enemies":"Snake Plant","floor":22,"turns":3},{"damage":0,"enemies":"Gremlin Leader","floor":24,"turns":6},{"damage":30,"enemies":"Centurion and Healer","floor":25,"turns":6},{"damage":16,"enemies":"Shelled Parasite and Fungi","floor":27,"turns":4},{"damage":0,"enemies":"3 Cultists","floor":30,"turns":2},{"damage":3,"enemies":"Snecko","floor":31,"turns":3},{"damage":8,"enemies":"Automaton","floor":33,"turns":6},{"damage":12,"enemies":"3 Shapes","floor":35,"turns":4},{"damage":16,"enemies":"3 Darklings","floor":36,"turns":4},{"damage":4,"enemies":"Transient","floor":38,"turns":5},{"damage":13,"enemies":"Spire Growth","floor":40,"turns":5},{"damage":41,"enemies":"Reptomancer","floor":41,"turns":4},{"damage":0,"enemies":"Sphere and 2 Shapes","floor":42,"turns":2},{"damage":3,"enemies":"4 Shapes","floor":44,"turns":3},{"damage":0,"enemies":"Nemesis","floor":47,"turns":5},{"damage":8,"enemies":"Time Eater","floor":50,"turns":11}],"seed_played":"-8045586027437704189","potions_obtained":[{"floor":1,"key":"Poison Potion"},{"floor":2,"key":"Regen Potion"},{"floor":10,"key":"Block Potion"},{"floor":11,"key":"LiquidBronze"},{"floor":12,"key":"SkillPotion"},{"floor":14,"key":"PowerPotion"},{"floor":20,"key":"Block Potion"},{"floor":21,"key":"GamblersBrew"},{"floor":30,"key":"Regen Potion"},{"floor":33,"key":"EntropicBrew"},{"floor":40,"key":"Dexterity Potion"},{"floor":42,"key":"Block Potion"}],"is_trial":false,"path_per_floor":["M","M","M","M","M","R","E","R","T","E","M","M","$","M","R","B",null,"M","M","M","M","M","R","E","M","T","M","$","?","M","M","R","B",null,"M","M","?","M","?","M","M","M","T","M","$","R","E","T","R","B"],"character_chosen":"IRONCLAD","items_purchased":["Kunai","Shockwave","Shrug It Off","Sword Boomerang","Mind Blast"],"campfire_rested":4,"item_purchase_floors":[13,28,28,28,45],"current_hp_per_floor":[80,80,80,70,67,67,31,31,31,17,23,19,19,20,20,23,80,66,72,61,33,23,47,53,29,29,19,19,19,25,28,52,50,80,74,64,64,66,66,59,24,30,30,33,33,55,68,68,83,81],"gold":142,"neow_bonus":"REMOVE_CARD","is_prod":false,"is_daily":false,"chose_seed":false,"campfire_upgraded":3,"win_rate":0,"timestamp":1538643058,"path_taken":["M","M","M","M","M","R","E","R","T","E","M","M","$","M","R","BOSS","M","M","M","M","M","R","E","?","T","M","$","?","M","M","R","BOSS","M","M","?","M","?","M","M","M","T","M","$","R","E","?","R","BOSS"],"build_version":"2018-09-27","purchased_purges":2,"victory":true,"max_hp_per_floor":[80,80,80,80,80,80,80,80,80,80,80,80,80,80,80,80,80,80,80,80,80,80,80,80,80,80,80,80,80,80,80,80,80,80,80,80,80,80,76,76,76,76,76,76,76,76,83,83,83,83],"card_choices":[{"not_picked":["Second Wind","Clash"],"picked":"Warcry","floor":1},{"not_picked":["Perfected Strike","Body Slam"],"picked":"True Grit","floor":2},{"not_picked":["Dropkick","Cleave"],"picked":"Pommel Strike","floor":3},{"not_picked":["Feel No Pain","Twin Strike","Corruption"],"picked":"SKIP","floor":4},{"not_picked":["Combust","Feel No Pain"],"picked":"Disarm","floor":5},{"not_picked":["Sever Soul","Pommel Strike"],"picked":"Battle Trance","floor":7},{"not_picked":["Blood for Blood","Demon Form"],"picked":"Iron Wave","floor":10},{"not_picked":["Wild Strike","Clothesline"],"picked":"Whirlwind","floor":11},{"not_picked":["Pummel","Carnage"],"picked":"Havoc","floor":12},{"not_picked":["Rage","Heavy Blade","Cleave"],"picked":"SKIP","floor":14},{"not_picked":["Immolate","Barricade"],"picked":"Demon Form","floor":16},{"not_picked":["Flame Barrier","Thunderclap"],"picked":"Iron Wave+1","floor":18},{"not_picked":["Armaments","Cleave","Flex"],"picked":"SKIP","floor":19},{"not_picked":["Havoc","Combust+1","Exhume"],"picked":"SKIP","floor":20},{"not_picked":["Twin Strike+1","Armaments","Seeing Red"],"picked":"SKIP","floor":21},{"not_picked":["Rage","Twin Strike"],"picked":"Dropkick","floor":22},{"not_picked":["Dark Embrace","Flex+1","Wild Strike"],"picked":"SKIP","floor":24},{"not_picked":["Havoc","Wild Strike","Hemokinesis"],"picked":"SKIP","floor":25},{"not_picked":["Flex","Perfected Strike+1","Whirlwind"],"picked":"SKIP","floor":27},{"not_picked":["Burning Pact","Shrug It Off"],"picked":"Sword Boomerang+1","floor":30},{"not_picked":["Second Wind","Anger"],"picked":"Clothesline+1","floor":31},{"not_picked":["Dark Embrace","Demon Form"],"picked":"Immolate","floor":33},{"not_picked":["Clothesline","Cleave+1"],"picked":"Metallicize","floor":35},{"not_picked":["Thunderclap","Carnage"],"picked":"Headbutt+1","floor":36},{"not_picked":["Perfected Strike","Body Slam"],"picked":"Shrug It Off+1","floor":38},{"not_picked":["Havoc+1","Body Slam","Feel No Pain+1"],"picked":"SKIP","floor":40},{"not_picked":["Ghostly Armor","Armaments"],"picked":"Blood for Blood","floor":41},{"not_picked":["Headbutt+1","Sentinel"],"picked":"Flame Barrier+1","floor":42},{"not_picked":["Shrug It Off","Entrench"],"picked":"True Grit+1","floor":44},{"not_picked":["Flex+1","Spot Weakness","Rampage"],"picked":"SKIP","floor":47}],"player_experience":860406,"relics_obtained":[{"floor":7,"key":"Red Skull"},{"floor":9,"key":"Lantern"},{"floor":10,"key":"Bag of Marbles"},{"floor":24,"key":"Self Forming Clay"},{"floor":26,"key":"Pen Nib"},{"floor":43,"key":"Boot"},{"floor":47,"key":"Strawberry"},{"floor":48,"key":"Blue Candle"}],"event_choices":[{"event_name":"Back to Basics","player_choice":"Simplicity","floor":29,"damage_taken":0},{"event_name":"The Woman in Blue","player_choice":"Bought 0 Potions","floor":37,"damage_taken":0},{"event_name":"Winding Halls","player_choice":"Max HP","floor":39,"damage_taken":0}],"is_beta":false,"boss_relics":[{"not_picked":["White Beast Statue","Runic Pyramid"],"picked":"Snecko Eye"},{"not_picked":["Fusion Hammer","Black Star"],"picked":"Cursed Key"}],"items_purged_floors":[28,45],"is_endless":false,"potions_floor_spawned":[1,2,10,11,12,14,20,21,27,30,33,35,40,42,47],"ascension_level":0}