{"gold_per_floor":[118,132,282,293,568,568,585,510,534,534,563,583,583,602,602,681,681,698,185,200,216,227,227,237,237],"floor_reached":25,"playtime":3710,"items_purged":["Defend_B"],"score":383,"play_id":"3c293415-2baa-4e88-9a25-2911b28c6a5a","local_time":"20190106230929","is_ascension_mode":true,"campfire_choices":[{"data":"Zap","floor":6.0,"key":"SMITH"},{"data":"Dualcast","floor":13.0,"key":"SMITH"},{"data":"Coolheaded","floor":15,"key":"SMITH"},{"floor":23,"key":"REST"}],"neow_cost":"NONE","seed_source_timestamp":0,"circlet_count":0,"master_deck":["AscendersBane","Strike_B","Strike_B","Strike_B","Strike_B","Defend_B","Defend_B","Defend_B","Zap+1","Dualcast+1","Ball Lightning","Ball Lightning","FTL","Chill","Coolheaded+1","Biased Cognition","Hologram","Cold Snap","BootSequence","Defragment","Leap","Coolheaded","Self Repair","BootSequence"],"special_seed":0,"relics":["Cracked Core","Happy Flower","Blood Vial","Cursed Key","Bag of Preparation"],"potions_floor_usage":[16],"damage_taken":[{"damage":2.0,"enemies":"Jaw Worm","floor":1.0,"turns":4.0},{"damage":2.0,"enemies":"2 Louse","floor":2.0,"turns":3.0},{"damage":0.0,"enemies":"Cultist","floor":4.0,"turns":3.0},{"damage":18.0,"enemies":"2 Fungi Beasts","floor":7.0,"turns":3.0},{"damage":13.0,"enemies":"3 Sentries","floor":11.0,"turns":6.0},{"damage":7.0,"enemies":"Large Slime","floor":12.0,"turns":4.0},{"damage":7,"enemies":"Exordium Wildlife","floor":14,"turns":4},{"damage":10,"enemies":"Hexaghost","floor":16,"turns":9},{"damage":34,"enemies":"2 Thieves","floor":18,"turns":4},{"damage":3,"enemies":"Shell Parasite","floor":20,"turns":3},{"damage":26,"enemies":"3 Cultists","floor":21,"turns":5},{"damage":12,"enemies":"Chosen and Byrds","floor":22,"turns":8},{"damage":34,"enemies":"Cultist and Chosen","floor":24,"turns":8},{"damage":10,"enemies":"Slavers","floor":25,"turns":2}],"seed_played":"-8754647126519377671","potions_obtained":[{"floor":4.0,"key":"Block Potion"},{"floor":7.0,"key":"Energy Potion"},{"floor":12.0,"key":"EssenceOfSteel"},{"floor":21,"key":"FairyPotion"}],"is_trial":false,"path_per_floor":["M","M","?","M","?","R","M","?","T","?","E","M","R","M","R","B",null,"M","$","M","M","M","R","M","E"],"character_chosen":"DEFECT","items_purchased":["Cold Snap","BootSequence","Defragment","Leap","Bag of Preparation"],"campfire_rested":1,"item_purchase_floors":[19,19,19,19,19],"current_hp_per_floor":[69,67,67,67,67,67,49,49,49,42,29,24,24,19,19,11,61,29,29,28,4,10,33,8,0],"gold":237,"neow_bonus":"TEN_PERCENT_HP_BONUS","is_prod":false,"is_daily":false,"chose_seed":false,"campfire_upgraded":3,"win_rate":0,"timestamp":1546844969,"path_taken":["M","M","?","M","?","R","?","?","T","?","E","M","R","M","R","BOSS","M","$","M","M","M","R","M","E"],"build_version":"2019-01-03v4","purchased_purges":1,"victory":false,"max_hp_per_floor":[78,78,78,78,78,78,78,78,78,78,78,78,78,78,78,78,78,78,78,78,78,78,78,78,78],"card_choices":[{"not_picked":["Redo","Barrage","Heatsinks"],"picked":"SKIP","floor":1.0},{"not_picked":["Doom and Gloom","Lockon"],"picked":"Ball Lightning","floor":2.0},{"not_picked":["Redo","Sweeping Beam","Barrage"],"picked":"SKIP","floor":4.0},{"not_picked":["Streamline","Reinforced Body"],"picked":"Ball Lightning","floor":7.0},{"not_picked":["Ball Lightning","Leap"],"picked":"FTL","floor":11.0},{"not_picked":["Compile Driver","Static Discharge"],"picked":"Chill","floor":12.0},{"not_picked":["Gash","Beam Cell"],"picked":"Coolheaded","floor":14},{"not_picked":["Hyperbeam","Multi-Cast"],"picked":"Biased Cognition","floor":16},{"not_picked":["Turbo","Barrage"],"picked":"Hologram","floor":18},{"not_picked":["Creative AI","Ball Lightning"],"picked":"Coolheaded","floor":20},{"not_picked":["Beam Cell","Ball Lightning"],"picked":"Self Repair","floor":21},{"not_picked":["Leap","Streamline","Hologram"],"picked":"SKIP","floor":22},{"not_picked":["Streamline","Turbo"],"picked":"BootSequence","floor":24}],"player_experience":1090854,"relics_obtained":[{"floor":9.0,"key":"Happy Flower"},{"floor":11.0,"key":"Blood Vial"}],"event_choices":[{"damage_healed":0.0,"max_hp_gain":0.0,"max_hp_loss":0.0,"gold_gain":150.0,"event_name":"Liars Game","player_choice":"AGREE","floor":3.0,"gold_loss":0.0,"damage_taken":0.0,"cards_obtained":["Doubt"]},{"damage_healed":0.0,"max_hp_gain":0.0,"max_hp_loss":0.0,"gold_gain":275.0,"event_name":"Golden Shrine","player_choice":"Desecrate","floor":5.0,"gold_loss":0.0,"damage_taken":0.0,"cards_obtained":["Regret"]},{"cards_removed":["Regret"],"damage_healed":0.0,"max_hp_gain":0.0,"max_hp_loss":0.0,"gold_gain":0.0,"event_name":"The Cleric","player_choice":"Card Removal","floor":8.0,"gold_loss":75.0,"damage_taken":0.0},{"cards_removed":["Doubt"],"damage_healed":0.0,"max_hp_gain":0.0,"max_hp_loss":0.0,"gold_gain":0.0,"event_name":"Golden Wing","player_choice":"Card Removal","floor":10.0,"gold_loss":0.0,"damage_taken":7.0}],"is_beta":false,"boss_relics":[{"not_picked":["Philosopher\u0027s Stone","Ectoplasm"],"picked":"Cursed Key"}],"items_purged_floors":[19],"is_endless":false,"potions_floor_spawned":[4,7,12,21],"killed_by":"Slavers","ascension_level":17}