{"gold_per_floor":[118,393,409,428,17,17,33,33,33,58,70,88,88,107,107,207,207,221,136,136,136,36,36,52,85,108,108,29,63,79,26,26,121,121,134,179,196,196,211,211,231,231,231,12,12,12,22,47,47,47],"floor_reached":51,"playtime":3331,"items_purged":["Regret","Regret"],"score":818,"play_id":"eb5afedb-53ec-401c-a3e1-351c82403123","local_time":"20181115212127","is_ascension_mode":true,"campfire_choices":[{"floor":6,"key":"DIG"},{"floor":8,"key":"DIG"},{"floor":13,"key":"DIG"},{"floor":15,"key":"DIG"},{"floor":23,"key":"DIG"},{"floor":27,"key":"DIG"},{"floor":32,"key":"DIG"},{"floor":40,"key":"DIG"},{"floor":42,"key":"DIG"},{"floor":49,"key":"DIG"}],"neow_cost":"CURSE","seed_source_timestamp":138343261159207,"circlet_count":0,"master_deck":["Defend_R+1","Defend_R+1","Defend_R+1","Defend_R+1","Bash+1","Shrug It Off+1","Clothesline+1","Shrug It Off+1","Metallicize+1","Metallicize+1","Metallicize+1","Infernal Blade+1","Offering+1","Dropkick+1","Bite+1","Bite+1","Bite+1","Bite+1","Bite+1","Armaments+1","True Grit+1","Inflame+1","Bloodletting+1","Shrug It Off+1","Anger+1","Demon Form+1","Shrug It Off+1","Iron Wave+1","Heavy Blade+1","Secret Technique+1","Pummel+1"],"relics":["Burning Blood","Shovel","Kunai","Mercury Hourglass","Omamori","Bottled Lightning","Frozen Egg 2","Red Skull","Pocketwatch","Fusion Hammer","Paper Frog","Ancient Tea Set","Vajra","Ornamental Fan","Boot","Ice Cream","Dodecahedron","Centennial Puzzle","Lizard Tail","Nunchaku","Bag of Preparation","Lantern","StoneCalendar","Juzu Bracelet","Mark of the Bloom","Regal Pillow","Strawberry"],"potions_floor_usage":[10,16,50,50],"damage_taken":[{"damage":7,"enemies":"2 Louse","floor":1,"turns":3},{"damage":7,"enemies":"Cultist","floor":3,"turns":4},{"damage":15,"enemies":"Small Slimes","floor":4,"turns":4},{"damage":9,"enemies":"Exordium Wildlife","floor":7,"turns":2},{"damage":20,"enemies":"Lagavulin","floor":10,"turns":8},{"damage":2,"enemies":"Blue Slaver","floor":11,"turns":4},{"damage":3,"enemies":"3 Louse","floor":12,"turns":2},{"damage":2,"enemies":"Exordium Wildlife","floor":14,"turns":3},{"damage":43,"enemies":"Slime Boss","floor":16,"turns":9},{"damage":8,"enemies":"Chosen","floor":18,"turns":4},{"damage":11,"enemies":"3 Byrds","floor":24,"turns":4},{"damage":8,"enemies":"Gremlin Leader","floor":25,"turns":6},{"damage":7,"enemies":"Book of Stabbing","floor":29,"turns":6},{"damage":9,"enemies":"Cultist and Chosen","floor":30,"turns":5},{"damage":21,"enemies":"Automaton","floor":33,"turns":7},{"damage":6,"enemies":"Orb Walker","floor":35,"turns":3},{"damage":27,"enemies":"2 Orb Walkers","floor":36,"turns":5},{"damage":9,"enemies":"3 Shapes","floor":37,"turns":6},{"damage":9,"enemies":"Transient","floor":39,"turns":5},{"damage":9,"enemies":"Maw","floor":41,"turns":5},{"damage":0,"enemies":"Spire Growth","floor":47,"turns":4},{"damage":6,"enemies":"Time Eater","floor":50,"turns":5}],"seed_played":"6277916921926924431","potions_obtained":[{"floor":4,"key":"Weak Potion"},{"floor":10,"key":"EssenceOfSteel"},{"floor":14,"key":"AttackPotion"},{"floor":16,"key":"Poison Potion"},{"floor":25,"key":"BloodPotion"},{"floor":39,"key":"SpeedPotion"}],"is_trial":false,"path_per_floor":["M","?","M","M","$","R","M","R","T","E","M","M","R","M","R","B",null,"M","?","?","T","$","R","M","E","T","R","$","E","M","$","R","B",null,"M","?","M","?","M","R","M","R","T","$","?","?","M","T","R","B",null],"character_chosen":"IRONCLAD","items_purchased":["Kunai","Shrug It Off","Metallicize","Inflame+1","Anger","Juzu Bracelet","Pummel"],"campfire_rested":0,"item_purchase_floors":[5,5,5,28,31,44,44],"current_hp_per_floor":[79,79,78,69,69,69,66,66,66,52,56,59,59,63,63,26,80,78,78,56,56,56,56,56,56,56,56,56,56,56,56,56,56,56,56,46,52,52,56,56,56,56,56,56,53,53,53,53,53,47],"gold":47,"neow_bonus":"ONE_RARE_RELIC","is_prod":false,"is_daily":false,"chose_seed":false,"campfire_upgraded":0,"win_rate":0,"timestamp":1542338487,"path_taken":["M","?","M","?","$","R","?","R","T","E","M","M","R","M","R","BOSS","M","?","?","?","?","R","?","E","T","R","$","E","M","$","R","BOSS","M","?","M","?","M","R","M","R","T","$","?","?","M","?","R","BOSS"],"build_version":"2018-11-15","purchased_purges":2,"victory":true,"max_hp_per_floor":[80,80,80,80,80,80,80,80,80,80,80,80,80,80,80,80,80,80,80,56,56,56,56,56,56,56,56,56,56,56,56,56,56,56,56,56,56,56,56,56,56,56,56,56,53,53,53,53,60,60],"card_choices":[{"not_picked":["Warcry","Evolve"],"picked":"Shrug It Off","floor":1},{"not_picked":["Warcry","Body Slam"],"picked":"Clothesline","floor":3},{"not_picked":["Clothesline","Perfected Strike","Heavy Blade"],"picked":"SKIP","floor":4},{"not_picked":["Blood for Blood","Warcry"],"picked":"Metallicize","floor":7},{"not_picked":["Hemokinesis","Corruption"],"picked":"Metallicize","floor":10},{"not_picked":["Flex","Power Through","Intimidate"],"picked":"SKIP","floor":11},{"not_picked":["Flex","Power Through","Intimidate"],"picked":"SKIP","floor":11},{"not_picked":["Sever Soul","Burning Pact","Body Slam"],"picked":"SKIP","floor":12},{"not_picked":["Clothesline","Seeing Red"],"picked":"Infernal Blade","floor":14},{"not_picked":["Bludgeon","Brutality+1"],"picked":"Offering","floor":16},{"not_picked":["Second Wind","True Grit"],"picked":"Dropkick","floor":18},{"not_picked":["Sword Boomerang","Perfected Strike"],"picked":"Armaments+1","floor":24},{"not_picked":["Power Through","Shockwave"],"picked":"True Grit","floor":25},{"not_picked":["Anger+1","Iron Wave"],"picked":"Bloodletting+1","floor":29},{"not_picked":["Cleave+1","Iron Wave"],"picked":"Shrug It Off","floor":30},{"not_picked":["Exhume","Limit Break"],"picked":"Demon Form+1","floor":33},{"not_picked":["Flex","Heavy Blade"],"picked":"Shrug It Off","floor":35},{"not_picked":["Rage+1","Twin Strike+1"],"picked":"Iron Wave+1","floor":36},{"not_picked":["Shrug It Off+1","Wild Strike"],"picked":"Heavy Blade+1","floor":37},{"not_picked":["Purity","Blind"],"picked":"Secret Technique","floor":38},{"not_picked":["Sever Soul+1","Bloodletting","Uppercut"],"picked":"SKIP","floor":39},{"not_picked":["Sever Soul+1","Bloodletting","Uppercut"],"picked":"SKIP","floor":39},{"not_picked":["Twin Strike","Warcry+1","Cleave+1"],"picked":"SKIP","floor":41},{"not_picked":["Fire Breathing+1","True Grit","Infernal Blade"],"picked":"SKIP","floor":47}],"player_experience":431333,"relics_obtained":[{"floor":6,"key":"Mercury Hourglass"},{"floor":8,"key":"Omamori"},{"floor":9,"key":"Bottled Lightning"},{"floor":10,"key":"Frozen Egg 2"},{"floor":13,"key":"Red Skull"},{"floor":15,"key":"Pocketwatch"},{"floor":21,"key":"Ancient Tea Set"},{"floor":23,"key":"Vajra"},{"floor":25,"key":"Ornamental Fan"},{"floor":26,"key":"Boot"},{"floor":27,"key":"Ice Cream"},{"floor":29,"key":"Dodecahedron"},{"floor":32,"key":"Centennial Puzzle"},{"floor":36,"key":"Nunchaku"},{"floor":40,"key":"Bag of Preparation"},{"floor":42,"key":"Lantern"},{"floor":43,"key":"StoneCalendar"},{"floor":48,"key":"Regal Pillow"},{"floor":49,"key":"Strawberry"}],"event_choices":[{"damage_healed":0,"gold_gain":275,"player_choice":"Desecrate","damage_taken":0,"max_hp_gain":0,"max_hp_loss":0,"event_name":"Golden Shrine","floor":2,"gold_loss":0,"cards_obtained":["Regret"]},{"damage_healed":0,"gold_gain":0,"player_choice":"Obtained Relic","damage_taken":0,"relics_obtained":["Paper Frog"],"max_hp_gain":0,"max_hp_loss":0,"event_name":"Addict","floor":19,"gold_loss":85},{"damage_healed":0,"gold_gain":0,"player_choice":"Became a vampire","damage_taken":0,"max_hp_gain":0,"max_hp_loss":24,"event_name":"Vampires","floor":20,"gold_loss":0,"cards_obtained":["Bite","Bite","Bite","Bite","Bite"]},{"damage_healed":0,"gold_gain":0,"player_choice":"Fight","damage_taken":0,"max_hp_gain":0,"max_hp_loss":0,"event_name":"Mysterious Sphere","floor":36,"gold_loss":0},{"damage_healed":0,"gold_gain":0,"player_choice":"Memory 1","damage_taken":0,"max_hp_gain":0,"max_hp_loss":0,"event_name":"SensoryStone","floor":38,"gold_loss":0},{"damage_healed":0,"gold_gain":0,"player_choice":"Max HP","damage_taken":0,"max_hp_gain":0,"max_hp_loss":3,"event_name":"Winding Halls","floor":45,"gold_loss":0},{"damage_healed":0,"gold_gain":0,"player_choice":"Upgrade","damage_taken":0,"relics_obtained":["Mark of the Bloom"],"max_hp_gain":0,"max_hp_loss":0,"event_name":"MindBloom","floor":46,"gold_loss":0,"cards_upgraded":["Defend_R","Defend_R","Defend_R","Defend_R","Bash","Shrug It Off","Clothesline","Shrug It Off","Metallicize","Metallicize","Infernal Blade","Offering","Dropkick","Bite","Bite","Bite","Bite","Bite","True Grit","Shrug It Off","Anger","Shrug It Off","Secret Technique","Pummel"]}],"is_beta":false,"boss_relics":[{"not_picked":["Runic Pyramid","White Beast Statue"],"picked":"Fusion Hammer"},{"not_picked":["Runic Cube","Mark of Pain"],"picked":"Lizard Tail"}],"items_purged_floors":[5,22],"is_endless":false,"potions_floor_spawned":[4,10,14,16,25,30,35,39],"ascension_level":1}