{"gold_per_floor":[109,120,134,134,149,149,165,193,193,193,204,204,238,251,251,327,327,341,360,3,13,31,31,31,81,107,139,149,5,5,40,40,119,119,131,131,142,62,77,95,95,95,142,142,161,161,17,27,27,27],"floor_reached":51,"playtime":3792,"items_purged":["Strike_G","Strike_G","Strike_G"],"score":1297,"play_id":"bd067831-59f9-4fab-aff3-7f2f5da57d43","local_time":"20181107132855","is_ascension_mode":true,"campfire_choices":[{"data":"Leg Sweep","floor":6.0,"key":"SMITH"},{"data":"Deadly Poison","floor":10.0,"key":"SMITH"},{"floor":12.0,"key":"REST"},{"data":"Neutralize","floor":15.0,"key":"SMITH"},{"data":"Malaise","floor":23.0,"key":"SMITH"},{"floor":32,"key":"REST"},{"floor":41,"key":"REST"},{"data":"Noxious Fumes","floor":44,"key":"SMITH"},{"data":"Sadistic Nature","floor":46,"key":"SMITH"},{"floor":49,"key":"REST"}],"neow_cost":"NONE","seed_source_timestamp":0,"circlet_count":0,"master_deck":["AscendersBane","Defend_G","Defend_G","Defend_G","Defend_G","Defend_G","Survivor","Neutralize+1","Leg Sweep+1","Infinite Blades","After Image","Deadly Poison+1","Cloak And Dagger","Noxious Fumes+1","Malaise+1","Catalyst","Leg Sweep","Bouncing Flask+1","Sadistic Nature+1","Dodge and Roll","Corpse Explosion","Deadly Poison","PiercingWail","Catalyst","Dodge and Roll"],"special_seed":0,"relics":["Ring of the Snake","Snake Skull","Bronze Scales","Anchor","Bottled Flame","Sozu","Paper Crane","PreservedInsect","The Courier","Omamori","Empty Cage","Vajra"],"potions_floor_usage":[],"damage_taken":[{"damage":10.0,"enemies":"Jaw Worm","floor":1.0,"turns":8.0},{"damage":0.0,"enemies":"2 Louse","floor":2.0,"turns":2.0},{"damage":4.0,"enemies":"Small Slimes","floor":3.0,"turns":4.0},{"damage":2.0,"enemies":"Red Slaver","floor":5.0,"turns":7.0},{"damage":2.0,"enemies":"2 Fungi Beasts","floor":7.0,"turns":7.0},{"damage":7.0,"enemies":"Lagavulin","floor":8.0,"turns":10.0},{"damage":0.0,"enemies":"Blue Slaver","floor":11.0,"turns":4.0},{"damage":3.0,"enemies":"Gremlin Nob","floor":13.0,"turns":5.0},{"damage":1.0,"enemies":"Looter","floor":14.0,"turns":4.0},{"damage":23.0,"enemies":"Slime Boss","floor":16.0,"turns":8.0},{"damage":12.0,"enemies":"Chosen","floor":18.0,"turns":6.0},{"damage":10.0,"enemies":"3 Byrds","floor":19.0,"turns":4.0},{"damage":0.0,"enemies":"Shelled Parasite and Fungi","floor":21.0,"turns":6.0},{"damage":0.0,"enemies":"Snake Plant","floor":22.0,"turns":3.0},{"damage":14.0,"enemies":"Slavers","floor":27.0,"turns":6.0},{"damage":0.0,"enemies":"Centurion and Healer","floor":28.0,"turns":10.0},{"damage":11,"enemies":"Colosseum Slavers","floor":30,"turns":5},{"damage":0,"enemies":"Book of Stabbing","floor":31,"turns":5},{"damage":9,"enemies":"Champ","floor":33,"turns":9},{"damage":13,"enemies":"3 Darklings","floor":35,"turns":3},{"damage":0,"enemies":"Orb Walker","floor":37,"turns":3},{"damage":16,"enemies":"3 Darklings","floor":39,"turns":4},{"damage":0,"enemies":"Sphere and 2 Shapes","floor":40,"turns":4},{"damage":6,"enemies":"Transient","floor":45,"turns":6},{"damage":13,"enemies":"Maw","floor":48,"turns":6},{"damage":28,"enemies":"Time Eater","floor":50,"turns":13}],"seed_played":"5512247044723536802","potions_obtained":[{"floor":1.0,"key":"Block Potion"},{"floor":2.0,"key":"Ancient Potion"},{"floor":11.0,"key":"Fire Potion"},{"floor":14.0,"key":"SkillPotion"}],"is_trial":false,"path_per_floor":["M","M","M","?","M","R","M","E","T","R","M","R","E","M","R","B",null,"M","M","$","M","M","M","R","?","?","T","E","M","$","?","E","R","B",null,"M","?","M","$","M","M","R","?","T","R","M","R","$","M","R","B",null],"character_chosen":"THE_SILENT","items_purchased":["Paper Crane","Sadistic Nature","Dodge and Roll"],"campfire_rested":4,"item_purchase_floors":[20,29,47],"current_hp_per_floor":[55,55,51,40,38,38,36,29,29,29,29,50,47,46,46,23,60,48,38,38,38,38,38,38,38,38,24,24,24,13,13,34,25,60,47,47,47,47,31,31,52,52,52,52,46,46,46,33,53,25],"gold":27,"neow_bonus":"TEN_PERCENT_HP_BONUS","is_prod":false,"is_daily":false,"chose_seed":false,"campfire_upgraded":6,"win_rate":0,"timestamp":1541626135,"path_taken":["M","M","M","?","M","R","M","E","T","R","M","R","E","M","R","BOSS","M","M","$","M","M","R","?","?","T","E","M","$","?","E","R","BOSS","M","?","M","$","?","M","R","?","T","R","M","R","$","M","R","BOSS"],"build_version":"2018-11-01","purchased_purges":3,"victory":true,"max_hp_per_floor":[72,72,72,72,72,72,72,72,72,72,72,72,72,72,72,72,72,72,72,72,72,72,72,72,72,72,72,72,72,72,72,72,72,72,72,72,72,72,72,72,72,68,68,68,68,68,68,68,68,68],"card_choices":[{"not_picked":["Deflect","Deadly Poison"],"picked":"Leg Sweep","floor":1.0},{"not_picked":["Tactician","Underhanded Strike"],"picked":"Infinite Blades","floor":2.0},{"not_picked":["Outmaneuver","Dagger Spray"],"picked":"After Image","floor":3.0},{"not_picked":["Tactician","Quick Slash","Finisher"],"picked":"SKIP","floor":5.0},{"not_picked":["PiercingWail","Sucker Punch"],"picked":"Deadly Poison","floor":7.0},{"not_picked":["Predator","Calculated Gamble","Deflect"],"picked":"SKIP","floor":8.0},{"not_picked":["Deflect","Flying Knee"],"picked":"Cloak And Dagger","floor":11.0},{"not_picked":["Riddle With Holes","Backstab"],"picked":"Noxious Fumes","floor":13.0},{"not_picked":["Reflex","Eviscerate","Quick Slash"],"picked":"SKIP","floor":14.0},{"not_picked":["Phantasmal Killer","Die Die Die"],"picked":"Malaise","floor":16.0},{"not_picked":["Flying Knee","Acrobatics","Heel Hook"],"picked":"SKIP","floor":18.0},{"not_picked":["Flying Knee","Acrobatics"],"picked":"Catalyst","floor":19.0},{"not_picked":["All Out Attack","Dagger Throw","Choke"],"picked":"SKIP","floor":21.0},{"not_picked":["Underhanded Strike","Prepared","Blade Dance+1"],"picked":"SKIP","floor":22.0},{"not_picked":["Expertise","Dagger Spray"],"picked":"Leg Sweep","floor":27.0},{"not_picked":["Prepared","Poisoned Stab"],"picked":"Bouncing Flask+1","floor":28.0},{"not_picked":["Deflect","Heel Hook"],"picked":"Dodge and Roll","floor":31},{"not_picked":["After Image","Glass Knife"],"picked":"Corpse Explosion","floor":33},{"not_picked":["Setup","Sucker Punch"],"picked":"Deadly Poison","floor":35},{"not_picked":["Acrobatics+1","Slice"],"picked":"PiercingWail","floor":37},{"not_picked":["Escape Plan+1","Skewer"],"picked":"Catalyst","floor":39},{"not_picked":["Reflex","Sucker Punch","Deflect"],"picked":"SKIP","floor":40},{"not_picked":["Dagger Throw","Acrobatics","Underhanded Strike"],"picked":"SKIP","floor":45},{"not_picked":["Wraith Form v2","Finisher","Crippling Poison"],"picked":"SKIP","floor":48}],"player_experience":1031058,"relics_obtained":[{"floor":8.0,"key":"Bronze Scales"},{"floor":9.0,"key":"Anchor"},{"floor":13.0,"key":"Bottled Flame"},{"floor":26.0,"key":"PreservedInsect"},{"floor":27.0,"key":"The Courier"},{"floor":31,"key":"Omamori"},{"floor":43,"key":"Vajra"}],"event_choices":[{"damage_healed":0.0,"max_hp_gain":0.0,"max_hp_loss":0.0,"gold_gain":0.0,"event_name":"Scrap Ooze","player_choice":"Success","floor":4.0,"gold_loss":0.0,"damage_taken":11.0,"relics_obtained":["Snake Skull"]},{"damage_healed":0.0,"max_hp_gain":0.0,"max_hp_loss":0.0,"gold_gain":0.0,"event_name":"Ghosts","player_choice":"Ignored","floor":24.0,"gold_loss":0.0,"damage_taken":0.0},{"damage_healed":0.0,"max_hp_gain":0.0,"max_hp_loss":0.0,"gold_gain":50.0,"event_name":"Nest","player_choice":"Stole From Cult","floor":25.0,"gold_loss":0.0,"damage_taken":0.0},{"damage_healed":0,"gold_gain":0,"player_choice":"Fight","damage_taken":0,"max_hp_gain":0,"max_hp_loss":0,"event_name":"Colosseum","floor":30,"gold_loss":0},{"damage_healed":0,"gold_gain":0,"player_choice":"Fled From Nobs","damage_taken":0,"max_hp_gain":0,"max_hp_loss":0,"event_name":"Colosseum","floor":30,"gold_loss":0},{"damage_healed":0,"gold_gain":0,"player_choice":"0 cards matched","damage_taken":0,"max_hp_gain":0,"max_hp_loss":0,"event_name":"Match and Keep!","floor":36,"gold_loss":0,"cards_obtained":[]},{"damage_healed":0,"gold_gain":0,"player_choice":"Max HP","damage_taken":0,"max_hp_gain":0,"max_hp_loss":4,"event_name":"Winding Halls","floor":42,"gold_loss":0}],"is_beta":false,"boss_relics":[{"not_picked":["HoveringKite","Coffee Dripper"],"picked":"Sozu"},{"not_picked":["White Beast Statue","Black Star"],"picked":"Empty Cage"}],"items_purged_floors":[20,38,47],"is_endless":false,"potions_floor_spawned":[1,2,11,14,19,21,28,31,33,37,48],"ascension_level":17}