{"path_per_floor":["M","?","?","?","M","R","E","M","T","E","M","R","M","M","R","B",null,"M","M","$","?","$","R","M","R","T"],"character_chosen":"THE_SILENT","items_purchased":["Mercury Hourglass"],"gold_per_floor":[112,287,247,247,259,259,286,302,302,334,344,344,364,378,378,478,478,458,473,137,137,37,37,48,48,48,48],"floor_reached":27,"campfire_rested":3,"playtime":1048,"item_purchase_floors":[20],"current_hp_per_floor":[63,63,63,51,51,51,51,58,58,39,38,38,18,15,36,5,54,39,19,19,19,19,48,25,54,54,0],"items_purged":["Strike_G","Strike_G"],"gold":48,"score":397,"play_id":"2e80ddc4-4179-4e02-933a-56b22591b442","local_time":"20180526210023","is_prod":false,"is_daily":false,"chose_seed":false,"is_ascension_mode":true,"campfire_upgraded":2,"win_rate":0,"timestamp":1527393623,"campfire_choices":[{"data":"Dash","floor":6,"key":"SMITH"},{"data":"Bouncing Flask","floor":12,"key":"SMITH"},{"floor":15,"key":"REST"},{"floor":23,"key":"REST"},{"floor":25,"key":"REST"}],"path_taken":["M","?","?","?","M","R","E","M","T","E","M","R","M","M","R","BOSS","M","M","$","?","$","R","M","R","T","?"],"build_version":"2018-05-24","seed_source_timestamp":765820702130066,"purchased_purges":2,"victory":false,"master_deck":["Defend_G","Defend_G","Defend_G","Defend_G","Defend_G","Strike_G+1","Strike_G","Survivor","Neutralize+1","AscendersBane","Poisoned Stab","Doubt","Dash+1","Malaise","Bouncing Flask+1","Catalyst","Backflip","Poisoned Stab","A Thousand Cuts","Crippling Poison","Poisoned Stab"],"max_hp_per_floor":[70,70,70,70,70,70,70,70,70,70,70,70,70,70,70,70,70,70,70,70,70,70,70,70,70,70,70],"relics":["Ring of the Snake","NeowsBlessing","Ice Cream","Omamori","Letter Opener","Whetstone","Eternal Feather","Mercury Hourglass","Frozen Egg 2"],"card_choices":[{"not_picked":["Bane","Outmaneuver"],"picked":"Poisoned Stab","floor":1},{"not_picked":["Acrobatics","Masterful Stab"],"picked":"Dash","floor":5},{"not_picked":["Deflect","Tactician"],"picked":"Malaise","floor":7},{"not_picked":["Deadly Poison","Acrobatics"],"picked":"Bouncing Flask","floor":8},{"not_picked":["All Out Attack","Finisher"],"picked":"Catalyst","floor":10},{"not_picked":["PiercingWail","Slice"],"picked":"Backflip","floor":11},{"not_picked":["Distraction","PiercingWail"],"picked":"Poisoned Stab","floor":13},{"not_picked":["Storm of Steel","Dagger Throw","Dagger Spray"],"picked":"SKIP","floor":14},{"not_picked":["Glass Knife","Storm of Steel"],"picked":"A Thousand Cuts","floor":16},{"not_picked":["Calculated Gamble","Terror","Prepared+1"],"picked":"SKIP","floor":18},{"not_picked":["Masterful Stab","Catalyst"],"picked":"Crippling Poison","floor":19},{"not_picked":["Reflex+1","Underhanded Strike"],"picked":"Poisoned Stab","floor":24}],"player_experience":519985,"potions_floor_usage":[8,10,13,16,27],"damage_taken":[{"damage":0,"enemies":"Cultist","floor":1,"turns":1},{"damage":0,"enemies":"2 Louse","floor":5,"turns":1},{"damage":0,"enemies":"Lagavulin","floor":7,"turns":1},{"damage":0,"enemies":"Small Slimes","floor":8,"turns":2},{"damage":19,"enemies":"Gremlin Nob","floor":10,"turns":4},{"damage":1,"enemies":"3 Louse","floor":11,"turns":4},{"damage":20,"enemies":"Lots of Slimes","floor":13,"turns":5},{"damage":3,"enemies":"Blue Slaver","floor":14,"turns":4},{"damage":31,"enemies":"The Guardian","floor":16,"turns":10},{"damage":15,"enemies":"2 Thieves","floor":18,"turns":4},{"damage":20,"enemies":"Spheric Guardian","floor":19,"turns":5},{"damage":23,"enemies":"Snake Plant","floor":24,"turns":4},{"damage":56,"enemies":"Masked Bandits","floor":27,"turns":5}],"relics_obtained":[{"floor":7,"key":"Omamori"},{"floor":9,"key":"Letter Opener"},{"floor":10,"key":"Whetstone"},{"floor":26,"key":"Frozen Egg 2"}],"event_choices":[{"event_name":"Liars Game","player_choice":"agreed","floor":2,"damage_taken":0},{"event_name":"The Woman in Blue","player_choice":"Bought 3 Potions","floor":3,"damage_taken":0},{"event_name":"Scrap Ooze","player_choice":"success","floor":4,"damage_taken":12},{"event_name":"Purifier","player_choice":"One Purge","floor":21,"damage_taken":0},{"event_name":"Masked Bandits","player_choice":"Fought over 48 gold","floor":27,"damage_taken":0}],"boss_relics":[{"not_picked":["Snecko Eye","Runic Dome"],"picked":"Eternal Feather"}],"items_purged_floors":[20,22],"potions_floor_spawned":[5,8,13,16],"seed_played":"3271192028191715870","killed_by":"Masked Bandits","ascension_level":12,"potions_obtained":[{"floor":3,"key":"EssenceOfSteel"},{"floor":3,"key":"Regen Potion"},{"floor":3,"key":"Dexterity Potion"},{"floor":8,"key":"SkillPotion"},{"floor":13,"key":"Block Potion"},{"floor":16,"key":"SpeedPotion"}],"is_trial":false}