{"path_per_floor":["M","?","?","M","$","R","M","E","T","$","M","R","M","E","R","B",null,"M","M","$","?","?","R","E","M","T","?"],"character_chosen":"THE_SILENT","items_purchased":["Leg Sweep","Dagger Spray","Flash of Steel"],"gold_per_floor":[114,64,64,80,2,2,12,37,62,12,32,32,50,80,80,175,175,194,174,72,22,22,22,49,62,135,135,135],"floor_reached":28,"campfire_rested":3,"playtime":1935,"current_hp_per_floor":[59,59,59,59,59,59,57,30,30,30,15,36,31,21,42,20,58,42,29,29,29,29,50,48,19,19,3,0],"items_purged":[],"gold":135,"score":369,"play_id":"c6d04016-85fd-4be0-ae66-20deac958131","local_time":"20180522183801","is_prod":false,"is_daily":false,"chose_seed":false,"is_ascension_mode":true,"campfire_upgraded":1,"timestamp":1527039481,"campfire_choices":[{"data":"Leg Sweep","floor":6,"key":"SMITH"},{"floor":12,"key":"REST"},{"floor":15,"key":"REST"},{"floor":23,"key":"REST"}],"path_taken":["M","?","?","M","$","R","M","E","T","?","M","R","?","E","R","BOSS","M","M","$","?","?","R","E","?","T","?","M"],"build_version":"2018-05-17","seed_source_timestamp":410790269812330,"purchased_purges":0,"victory":false,"master_deck":["Defend_G","Defend_G","Defend_G","Defend_G","Defend_G","Strike_G","Strike_G","Strike_G","Survivor","Neutralize","AscendersBane","Flying Knee","Purity","Quick Slash","Leg Sweep+1","Cloak And Dagger","Quick Slash","Dagger Spray","Flying Knee","Backflip","Choke+1","Malaise","Flash of Steel","Terror","Backflip"],"max_hp_per_floor":[70,70,70,70,70,70,70,70,70,70,70,70,70,70,70,70,70,70,70,70,70,70,70,70,70,70,70,70],"relics":["Ring of the Snake","Omamori","Bag of Preparation","Letter Opener","Cursed Key","Dream Catcher","Tough Bandages"],"card_choices":[{"not_picked":["PiercingWail","Distraction"],"picked":"Flying Knee","floor":0},{"not_picked":["PiercingWail","Poisoned Stab","Finisher"],"picked":"SKIP","floor":1},{"not_picked":["Prepared","Accuracy"],"picked":"Quick Slash","floor":4},{"not_picked":["Concentrate","Quick Slash"],"picked":"Cloak And Dagger","floor":7},{"not_picked":["Night Terror","Concentrate"],"picked":"Quick Slash","floor":8},{"not_picked":["Setup","Bane","Masterful Stab"],"picked":"SKIP","floor":11},{"not_picked":["Poisoned Stab","Deadly Poison"],"picked":"Flying Knee","floor":13},{"not_picked":["Cloak And Dagger","Noxious Fumes"],"picked":"Backflip","floor":14},{"not_picked":["Deadly Poison+1","Eviscerate"],"picked":"Choke+1","floor":18},{"not_picked":["Terror","Flying Knee+1"],"picked":"Malaise","floor":19},{"not_picked":["Glass Knife","Heel Hook"],"picked":"Terror","floor":24},{"not_picked":["Deadly Poison","Eviscerate"],"picked":"Backflip","floor":25}],"player_experience":472879,"potions_floor_usage":[14,16,18,25],"damage_taken":[{"damage":4,"enemies":"Small Slimes","floor":1,"turns":3},{"damage":0,"enemies":"2 Louse","floor":4,"turns":3},{"damage":2,"enemies":"Cultist","floor":7,"turns":4},{"damage":27,"enemies":"Gremlin Nob","floor":8,"turns":6},{"damage":15,"enemies":"Exordium Wildlife","floor":11,"turns":8},{"damage":5,"enemies":"Blue Slaver","floor":13,"turns":4},{"damage":10,"enemies":"3 Sentries","floor":14,"turns":6},{"damage":22,"enemies":"Slime Boss","floor":16,"turns":14},{"damage":16,"enemies":"Chosen","floor":18,"turns":6},{"damage":13,"enemies":"2 Thieves","floor":19,"turns":4},{"damage":2,"enemies":"Book of Stabbing","floor":24,"turns":9},{"damage":29,"enemies":"Cultist and Chosen","floor":25,"turns":7},{"damage":6,"enemies":"Slaver and Parasite","floor":28,"turns":2}],"relics_obtained":[{"floor":8,"key":"Omamori"},{"floor":9,"key":"Bag of Preparation"},{"floor":14,"key":"Letter Opener"},{"floor":24,"key":"Dream Catcher"},{"floor":26,"key":"Tough Bandages"}],"event_choices":[{"event_name":"The Cleric","player_choice":"Card Removal","floor":2,"damage_taken":0},{"event_name":"Match and Keep!","player_choice":"1 cards matched","floor":3,"damage_taken":0},{"event_name":"Match and Keep!","player_choice":"1 cards matched","floor":3,"damage_taken":0},{"event_name":"The Joust","player_choice":"Bet on Murderer","floor":21,"damage_taken":0},{"event_name":"Purifier","player_choice":"One Purge","floor":22,"damage_taken":0},{"event_name":"Cursed Tome","player_choice":"Obtained Book","floor":27,"damage_taken":0}],"boss_relics":[{"not_picked":["Black Star","Runic Dome"],"picked":"Cursed Key"}],"potions_floor_spawned":[4,8,13,16,19,24],"seed_played":"6484012752781544727","killed_by":"Slaver and Parasite","ascension_level":10,"potions_obtained":[{"floor":4,"key":"Swift Potion"},{"floor":8,"key":"Energy Potion"},{"floor":13,"key":"AttackPotion"},{"floor":16,"key":"Explosive Potion"},{"floor":19,"key":"Ancient Potion"},{"floor":24,"key":"Dexterity Potion"}],"is_trial":false}