{"path_per_floor":["M","M","?","M","M","E","M","?","T","E","M","R","?","M","R","B",null,"M","M","M","M","$"],"character_chosen":"IRONCLAD","items_purchased":["Bandage Up","Pear","Perfected Strike"],"gold_per_floor":[109,119,219,235,252,286,306,306,354,379,394,394,414,424,424,528,528,543,510,523,539,162],"floor_reached":23,"campfire_rested":0,"playtime":2613,"current_hp_per_floor":[77,80,80,76,69,52,58,58,58,52,54,54,51,59,59,52,80,60,48,34,34,44],"items_purged":[],"gold":162,"score":233,"play_id":"b7acee63-c7ae-4902-92b2-7a734a3cd01d","is_prod":false,"is_daily":false,"is_ascension_mode":false,"campfire_upgraded":2,"path_taken":["M","M","?","?","M","E","M","?","T","E","M","R","?","M","R","BOSS","M","M","M","M","$","E"],"build_version":"2018-02-15-PROD1","purchased_purges":0,"victory":false,"master_deck":["Strike_R","Strike_R","Strike_R","Strike_R","Strike_R","Defend_R","Defend_R","Defend_R","Defend_R","Bash","Fire Breathing","Iron Wave","Iron Wave","Dropkick","Dropkick","Metallicize+1","Flex","Uppercut+1","Iron Wave","Twin Strike","Barricade","Flex","Shrug It Off","Iron Wave+1","Bandage Up","Perfected Strike"],"max_hp_per_floor":[80,80,80,80,80,80,80,80,80,80,80,80,80,80,80,80,80,80,80,80,80,90],"relics":["Burning Blood","Dream Catcher","Blood Vial","Meat on the Bone","Odd Mushroom","Runic Pyramid","Pear"],"card_choices":[{"not_picked":["Warcry","Intimidate"],"picked":"Fire Breathing"},{"not_picked":["Clothesline","Wild Strike"],"picked":"Iron Wave"},{"not_picked":["Flex","Body Slam"],"picked":"Iron Wave"},{"not_picked":["Dual Wield","Seeing Red"],"picked":"Dropkick"},{"not_picked":["Rupture","Fire Breathing"],"picked":"Dropkick"},{"not_picked":["Rage","Offering"],"picked":"Metallicize"},{"not_picked":["Fire Breathing","Combust"],"picked":"Flex"},{"not_picked":["Heavy Blade","Evolve"],"picked":"Uppercut"},{"not_picked":["Inflame","Seeing Red"],"picked":"Iron Wave"},{"not_picked":["Heavy Blade","Fire Breathing"],"picked":"Twin Strike"},{"not_picked":["Reaper","Limit Break"],"picked":"Barricade"},{"not_picked":["Battle Trance","Hemokinesis"],"picked":"Flex"},{"not_picked":["Rampage","Pommel Strike"],"picked":"Shrug It Off"},{"not_picked":["True Grit","Flame Barrier"],"picked":"Iron Wave"}],"player_experience":40921,"potions_floor_usage":[16,16,16,23],"damage_taken":[{"damage":9,"enemies":"Jaw Worm","floor":1,"turns":6},{"damage":3,"enemies":"Cultist","floor":2,"turns":5},{"damage":10,"enemies":"Small Slimes","floor":4,"turns":4},{"damage":13,"enemies":"Red Slaver","floor":5,"turns":5},{"damage":23,"enemies":"Gremlin Nob","floor":6,"turns":5},{"damage":0,"enemies":"Large Slime","floor":7,"turns":4},{"damage":14,"enemies":"3 Sentries","floor":10,"turns":10},{"damage":6,"enemies":"2 Fungi Beasts","floor":11,"turns":5},{"damage":23,"enemies":"The Mushroom Lair","floor":13,"turns":6},{"damage":0,"enemies":"Blue Slaver","floor":14,"turns":2},{"damage":15,"enemies":"The Guardian","floor":16,"turns":12},{"damage":26,"enemies":"3 Byrds","floor":18,"turns":7},{"damage":32,"enemies":"2 Thieves","floor":19,"turns":5},{"damage":34,"enemies":"Snake Plant","floor":20,"turns":7},{"damage":20,"enemies":"Chosen and Byrds","floor":21,"turns":9},{"damage":70,"enemies":"Gremlin Leader","floor":23,"turns":7}],"event_choices":[{"event_name":"Golden Shrine","player_choice":"Pray","floor":3,"damage_taken":0},{"event_name":"Golden Wing","player_choice":"Ignored","floor":8,"damage_taken":0},{"event_name":"Mushrooms","player_choice":"Fought Mushrooms","floor":13,"damage_taken":0}],"boss_relics":[{"not_picked":["Calling Bell","Astrolabe"],"picked":"Runic Pyramid"}],"potions_floor_spawned":[2,4,10,11,13,14,16,19,20],"seed_played":"7965912155861861267","killed_by":"Gremlin Leader","ascension_level":0,"is_trial":false}