{"gold_per_floor":[110,110,133,151,170,205,205,205],"floor_reached":8,"playtime":558,"items_purged":[],"score":107,"play_id":"9ad461ef-cd63-4617-a983-c0ac4522602a","local_time":"20190228083423","is_ascension_mode":true,"campfire_choices":[{"floor":7.0,"key":"REST"}],"neow_cost":"NONE","seed_source_timestamp":815560574004072,"circlet_count":0,"master_deck":["AscendersBane","Defend_G","Defend_G","Defend_G","Defend_G","Defend_G","Strike_G","Strike_G","Strike_G","Strike_G","Strike_G","Survivor","Neutralize","Doppelganger","Dagger Spray","Dodge and Roll","Riddle With Holes","Backflip"],"special_seed":0,"relics":["Ring of the Snake","Golden Idol","Question Card"],"potions_floor_usage":[],"damage_taken":[{"damage":1.0,"enemies":"Small Slimes","floor":1.0,"turns":5.0},{"damage":5.0,"enemies":"Jaw Worm","floor":3.0,"turns":7.0},{"damage":0.0,"enemies":"Cultist","floor":4.0,"turns":4.0},{"damage":1.0,"enemies":"Looter","floor":5.0,"turns":5.0},{"damage":49.0,"enemies":"Lagavulin","floor":6.0,"turns":12.0},{"damage":30,"enemies":"Gremlin Nob","floor":8,"turns":4}],"seed_played":"1173831439103433152","potions_obtained":[{"floor":3.0,"key":"EntropicBrew"},{"floor":4.0,"key":"Explosive Potion"}],"is_trial":false,"path_per_floor":["M","?","M","M","M","E","R","E"],"character_chosen":"THE_SILENT","items_purchased":[],"campfire_rested":1,"item_purchase_floors":[],"current_hp_per_floor":[58,58,53,53,52,3,21,0],"gold":205,"neow_bonus":"ONE_RANDOM_RARE_CARD","is_prod":false,"is_daily":false,"chose_seed":false,"campfire_upgraded":0,"win_rate":0,"timestamp":1551339263,"path_taken":["M","?","M","M","M","E","R","E"],"build_version":"2019-01-23","purchased_purges":0,"victory":false,"max_hp_per_floor":[66,60,60,60,60,60,60,60],"card_choices":[{"not_picked":["Poisoned Stab","Bane","Slice"],"picked":"SKIP","floor":1.0},{"not_picked":["Quick Slash","Endless Agony"],"picked":"Dagger Spray","floor":3.0},{"not_picked":["Slice","Acrobatics"],"picked":"Dodge and Roll","floor":4.0},{"not_picked":["Concentrate","Dagger Spray"],"picked":"Riddle With Holes","floor":5.0},{"not_picked":["Sucker Punch","Storm of Steel"],"picked":"Backflip","floor":6.0}],"player_experience":414371,"relics_obtained":[{"floor":6.0,"key":"Question Card"}],"event_choices":[{"damage_healed":0.0,"max_hp_gain":0.0,"max_hp_loss":6.0,"gold_gain":0.0,"event_name":"Golden Idol","player_choice":"Lose Max HP","floor":2.0,"gold_loss":0.0,"damage_taken":0.0,"relics_obtained":["Golden Idol"]}],"is_beta":false,"boss_relics":[],"items_purged_floors":[],"is_endless":false,"potions_floor_spawned":[3,4],"killed_by":"Gremlin Nob","ascension_level":17}