{"gold_per_floor":[110,110,122,297,247,247,139,168,168,199,22,22,41,41,41,118,118,131,148,73,73,88,88,119,119,171,206,217,252,272,291,291,369,369,385,398,109,119,134,164,164,184,184,198,198,198,55,68,68,68],"floor_reached":51,"playtime":5296,"items_purged":["Strike_B","Defend_B"],"score":1227,"play_id":"1f9cb0c4-15f7-4559-aedd-2b271500996f","local_time":"20190122003622","is_ascension_mode":true,"campfire_choices":[{"data":"Zap","floor":6,"key":"SMITH"},{"data":"Apotheosis","floor":12,"key":"SMITH"},{"data":"Defragment","floor":15,"key":"SMITH"},{"data":"Go for the Eyes","floor":23,"key":"SMITH"},{"floor":32,"key":"REST"},{"floor":46,"key":"REST"},{"floor":49,"key":"REST"}],"neow_cost":"NONE","seed_source_timestamp":43844087246829,"circlet_count":0,"master_deck":["AscendersBane","Defend_B","Defend_B","Zap+1","Dualcast","Glacier","Ball Lightning","Lockon","Defragment+1","Apotheosis+1","Rainbow","Reinforced Body","Go for the Eyes+1","Core Surge","Cold Snap","Glacier","Streamline+1","Multi-Cast","Compile Driver+1","Defragment","BootSequence"],"relics":["Cracked Core","NeowsBlessing","Blood Vial","Pen Nib","Pocketwatch","Sozu","Question Card","Bag of Preparation","Dodecahedron","Sundial","Empty Cage","PreservedInsect","Orichalcum","Kunai","Anchor"],"potions_floor_usage":[16,29,29],"damage_taken":[{"damage":0,"enemies":"Jaw Worm","floor":1,"turns":1},{"damage":0,"enemies":"Cultist","floor":3,"turns":1},{"damage":0,"enemies":"Lagavulin","floor":8,"turns":1},{"damage":9,"enemies":"3 Sentries","floor":10,"turns":6},{"damage":5,"enemies":"2 Louse","floor":13,"turns":2},{"damage":2,"enemies":"Slime Boss","floor":16,"turns":6},{"damage":14,"enemies":"2 Thieves","floor":18,"turns":4},{"damage":0,"enemies":"Chosen","floor":19,"turns":4},{"damage":0,"enemies":"3 Cultists","floor":22,"turns":6},{"damage":11,"enemies":"Gremlin Leader","floor":24,"turns":8},{"damage":2,"enemies":"Book of Stabbing","floor":27,"turns":5},{"damage":7,"enemies":"Shelled Parasite and Fungi","floor":28,"turns":4},{"damage":12,"enemies":"Gremlin Leader","floor":29,"turns":9},{"damage":0,"enemies":"Snake Plant","floor":30,"turns":4},{"damage":0,"enemies":"Sentry and Sphere","floor":31,"turns":5},{"damage":43,"enemies":"Collector","floor":33,"turns":18},{"damage":0,"enemies":"Orb Walker","floor":35,"turns":4},{"damage":0,"enemies":"3 Shapes","floor":36,"turns":4},{"damage":2,"enemies":"Transient","floor":38,"turns":5},{"damage":2,"enemies":"Sphere and 2 Shapes","floor":39,"turns":5},{"damage":2,"enemies":"Giant Head","floor":40,"turns":7},{"damage":15,"enemies":"Spire Growth","floor":42,"turns":6},{"damage":13,"enemies":"Jaw Worm Horde","floor":44,"turns":6},{"damage":9,"enemies":"3 Darklings","floor":48,"turns":5},{"damage":37,"enemies":"Awakened One","floor":50,"turns":17}],"seed_played":"-9160039287602990719","potions_obtained":[{"floor":1,"key":"Dexterity Potion"},{"floor":8,"key":"Fire Potion"},{"floor":16,"key":"SpeedPotion"}],"is_trial":false,"path_per_floor":["M","?","M","?","?","R","$","E","T","E","$","R","M","?","R","B",null,"M","M","?","$","M","R","E","?","T","E","M","E","M","M","R","B",null,"M","M","$","M","M","E","?","M","T","M","?","R","$","M","R","B",null],"character_chosen":"DEFECT","items_purchased":["Lockon","Apotheosis","Defragment","PreservedInsect","Anchor"],"campfire_rested":3,"item_purchase_floors":[7,11,37,37,47],"current_hp_per_floor":[64,64,64,64,64,64,64,64,64,57,57,57,54,59,59,59,72,60,62,62,62,64,64,55,41,41,41,36,26,28,30,54,13,64,66,68,68,68,68,68,68,55,55,44,44,68,68,61,81,44],"gold":68,"neow_bonus":"THREE_ENEMY_KILL","is_prod":false,"is_daily":false,"chose_seed":false,"campfire_upgraded":4,"win_rate":0,"timestamp":1548138982,"path_taken":["M","?","?","?","?","R","$","E","T","E","$","R","M","?","R","BOSS","M","M","?","$","M","R","E","?","T","E","M","E","M","M","R","BOSS","M","M","$","M","M","E","?","M","T","M","?","R","$","M","R","BOSS"],"build_version":"2019-01-17v2","purchased_purges":2,"victory":true,"max_hp_per_floor":[71,71,71,71,71,71,71,71,71,71,71,71,71,76,76,76,76,76,76,76,76,76,76,76,81,81,81,81,81,81,81,81,81,81,81,81,81,81,81,81,81,81,81,81,81,81,81,81,81,81],"card_choices":[{"not_picked":["Streamline","Barrage"],"picked":"Glacier","floor":1},{"not_picked":["Conserve Battery","Melter"],"picked":"Ball Lightning","floor":3},{"not_picked":["Scrape","Lockon","Hello World"],"picked":"SKIP","floor":8},{"not_picked":["Cold Snap","Auto Shields"],"picked":"Defragment","floor":10},{"not_picked":["Storm","Stack","Coolheaded"],"picked":"SKIP","floor":13},{"not_picked":["Reboot","Meteor Strike"],"picked":"Rainbow","floor":16},{"not_picked":["Barrage","Streamline"],"picked":"Reinforced Body","floor":18},{"not_picked":["Leap","Streamline","Redo"],"picked":"SKIP","floor":19},{"not_picked":["Scrape","Rip and Tear"],"picked":"Go for the Eyes","floor":22},{"not_picked":["Fusion","Barrage","Darkness"],"picked":"SKIP","floor":24},{"not_picked":["Leap","Recycle","Skim"],"picked":"Core Surge","floor":27},{"not_picked":["Barrage","Hello World","Rebound"],"picked":"Cold Snap","floor":28},{"not_picked":["Consume","Hologram","Hello World"],"picked":"Glacier","floor":29},{"not_picked":["Go for the Eyes","Sweeping Beam","Leap","Coolheaded+1"],"picked":"SKIP","floor":30},{"not_picked":["Consume","Stack+1","Compile Driver"],"picked":"Streamline+1","floor":31},{"not_picked":["Seek","Creative AI","Rainbow"],"picked":"Multi-Cast","floor":33},{"not_picked":["Barrage","Stack","Blizzard"],"picked":"Compile Driver+1","floor":35},{"not_picked":["Go for the Eyes","Rebound","Reprogram","Sweeping Beam+1"],"picked":"SKIP","floor":36},{"not_picked":["Compile Driver","Static Discharge","Melter","Turbo"],"picked":"SKIP","floor":38},{"not_picked":["Defragment+1","Streamline","Steam Power"],"picked":"BootSequence","floor":39},{"not_picked":["Leap","Blizzard+1","Skim","Turbo+1"],"picked":"SKIP","floor":40},{"not_picked":["Ball Lightning+1","Force Field","Aggregate","Streamline+1"],"picked":"SKIP","floor":42},{"not_picked":["Self Repair","Glacier","Capacitor","Cold Snap"],"picked":"SKIP","floor":44},{"not_picked":["Sweeping Beam","Go for the Eyes","Reprogram","Beam Cell"],"picked":"SKIP","floor":48}],"player_experience":488614,"relics_obtained":[{"floor":8,"key":"Blood Vial"},{"floor":9,"key":"Pen Nib"},{"floor":10,"key":"Pocketwatch"},{"floor":24,"key":"Question Card"},{"floor":26,"key":"Bag of Preparation"},{"floor":27,"key":"Dodecahedron"},{"floor":29,"key":"Sundial"},{"floor":40,"key":"Orichalcum"},{"floor":43,"key":"Kunai"}],"event_choices":[{"cards_removed":["Strike_B"],"damage_healed":0,"gold_gain":0,"player_choice":"Purged","damage_taken":0,"max_hp_gain":0,"max_hp_loss":0,"event_name":"Purifier","floor":2,"gold_loss":0},{"damage_healed":0,"gold_gain":175,"player_choice":"AGREE","damage_taken":0,"max_hp_gain":0,"max_hp_loss":0,"event_name":"Liars Game","floor":4,"gold_loss":0,"cards_obtained":["Doubt"]},{"cards_removed":["Doubt"],"damage_healed":0,"gold_gain":0,"player_choice":"Card Removal","damage_taken":0,"max_hp_gain":0,"max_hp_loss":0,"event_name":"The Cleric","floor":5,"gold_loss":50},{"damage_healed":0,"gold_gain":0,"player_choice":"Donut","damage_taken":0,"max_hp_gain":5,"max_hp_loss":0,"event_name":"Big Fish","floor":14,"gold_loss":0},{"cards_removed":["Strike_B"],"damage_healed":0,"gold_gain":0,"player_choice":"Gave Gold","damage_taken":0,"max_hp_gain":0,"max_hp_loss":0,"event_name":"Beggar","floor":20,"gold_loss":75},{"damage_healed":0,"gold_gain":0,"player_choice":"Shed Blood","damage_taken":19,"max_hp_gain":5,"max_hp_loss":0,"event_name":"Forgotten Altar","floor":25,"gold_loss":0},{"damage_healed":0,"gold_gain":0,"player_choice":"Ignored","damage_taken":0,"max_hp_gain":0,"max_hp_loss":0,"event_name":"Tomb of Lord Red Mask","floor":41,"gold_loss":0},{"damage_healed":0,"gold_gain":0,"player_choice":"Memory 1","damage_taken":0,"max_hp_gain":0,"max_hp_loss":0,"event_name":"SensoryStone","floor":45,"gold_loss":0}],"is_beta":false,"boss_relics":[{"not_picked":["Tiny House","Calling Bell"],"picked":"Sozu"},{"not_picked":["Orrery","Busted Crown"],"picked":"Empty Cage"}],"items_purged_floors":[7,37],"is_endless":false,"potions_floor_spawned":[1,8,16,18,27,29,30,36,38,39,44],"ascension_level":14}