{"path_per_floor":["M","M","?","$","M","R","E","R","T","$","M","R","?","E","R","B",null,"M","?","?","M","$","E","M","$","T","?"],"character_chosen":"IRONCLAD","items_purchased":["Dark Shackles","Inflame"],"gold_per_floor":[319,339,289,122,140,140,174,174,174,74,93,93,93,122,122,226,226,242,157,157,174,49,83,97,25,51,1],"floor_reached":28,"campfire_rested":0,"playtime":1694,"current_hp_per_floor":[80,80,80,80,76,76,61,61,61,61,70,70,70,83,83,62,90,80,80,80,71,71,30,12,12,12,12],"items_purged":["Strike_R","Defend_R","Strike_R"],"gold":1,"score":244,"play_id":"8aecb1c4-cdd8-4f41-ba0a-9c0dc24fa671","is_prod":false,"is_daily":false,"is_ascension_mode":false,"campfire_upgraded":4,"path_taken":["M","M","?","$","M","R","E","R","T","$","M","R","?","E","R","BOSS","M","?","?","?","$","E","M","$","T","?","?"],"build_version":"2018-02-22-PROD2","purchased_purges":4,"victory":false,"master_deck":["Strike_R+1","Strike_R","Defend_R","Defend_R","Defend_R","Bash+1","Intimidate+1","Rampage+1","Dark Shackles","Shrug It Off+1","Impervious","Headbutt","Pummel","Immolate+1","Seeing Red","Offering","Inflame"],"max_hp_per_floor":[80,80,80,80,80,80,80,80,80,80,80,80,80,90,90,90,90,90,90,90,90,90,90,90,90,90,90],"relics":["Burning Blood","Old Coin","Vajra","Magic Flower","Pear","Question Card","Dream Catcher","Pen Nib","Whetstone"],"card_choices":[{"not_picked":["Uppercut","Hemokinesis"],"picked":"Intimidate"},{"not_picked":["Carnage","Havoc"],"picked":"Rampage"},{"not_picked":["Burning Pact","Fiend Fire"],"picked":"Shrug It Off"},{"not_picked":["Thunderclap","Disarm"],"picked":"Impervious"},{"not_picked":["Body Slam","Anger"],"picked":"Headbutt"},{"not_picked":["Rage","Combust"],"picked":"Pummel"},{"not_picked":["Juggernaut","Dark Embrace"],"picked":"Immolate"},{"not_picked":["Cleave","Clothesline","Fire Breathing"],"picked":"Offering"}],"player_experience":98722,"potions_floor_usage":[14,21,23,24],"damage_taken":[{"damage":1,"enemies":"2 Louse","floor":1,"turns":2},{"damage":4,"enemies":"Cultist","floor":2,"turns":4},{"damage":10,"enemies":"Small Slimes","floor":5,"turns":3},{"damage":21,"enemies":"3 Sentries","floor":7,"turns":9},{"damage":0,"enemies":"Blue Slaver","floor":11,"turns":4},{"damage":6,"enemies":"Gremlin Nob","floor":14,"turns":4},{"damage":30,"enemies":"The Guardian","floor":16,"turns":8},{"damage":19,"enemies":"Shell Parasite","floor":18,"turns":5},{"damage":18,"enemies":"Spheric Guardian","floor":21,"turns":6},{"damage":50,"enemies":"Slavers","floor":23,"turns":8},{"damage":27,"enemies":"Slaver and Parasite","floor":24,"turns":7},{"damage":16,"enemies":"Chosen and Byrds","floor":28,"turns":2}],"event_choices":[{"event_name":"The Cleric","player_choice":"Card Removal","floor":3,"damage_taken":0},{"event_name":"The Lab","player_choice":"Got Potions","floor":13,"damage_taken":0},{"event_name":"Addict","player_choice":"Obtained Relic","floor":19,"damage_taken":0},{"event_name":"The Library","player_choice":"Read","floor":20,"damage_taken":0},{"event_name":"The Joust","player_choice":"Bet on Owner","floor":27,"damage_taken":0}],"boss_relics":[{"not_picked":["Runic Cube","Tiny House"],"picked":"Question Card"}],"potions_floor_spawned":[1,2,7,18,24],"seed_played":"-7997741100160628107","killed_by":"Chosen and Byrds","ascension_level":0,"is_trial":false}