{"gold_per_floor":[366,366,416,195,270,270,282,282,282,42,59,76,76,111,111,188,188,198,198,298,314,51,69,69,96,123,135,165,193,224,271,283,369,381,406,418,447,509,534,546,162,162,185,196,196,46,60,80,80,80],"floor_reached":51,"playtime":2286,"items_purged":["Strike_R","Strike_R","Strike_R","Strike_R"],"score":1442,"play_id":"01917c96-85bf-43de-8418-faba38a65f33","local_time":"20190403214308","is_ascension_mode":true,"campfire_choices":[{"data":"Whirlwind","floor":6,"key":"SMITH"},{"floor":8,"key":"REST"},{"data":"Seeing Red","floor":15,"key":"SMITH"},{"data":"Exhume","floor":24,"key":"SMITH"},{"data":"Master of Strategy","floor":27,"key":"SMITH"},{"data":"Battle Trance","floor":32,"key":"SMITH"},{"data":"Exhume","floor":40,"key":"SMITH"},{"data":"Flex","floor":45,"key":"SMITH"},{"data":"Warcry","floor":49,"key":"SMITH"}],"neow_cost":"PERCENT_DAMAGE","seed_source_timestamp":25768242546446,"circlet_count":0,"master_deck":["AscendersBane","Strike_R+1","Defend_R+1","Defend_R","Defend_R","Defend_R","Bash","Whirlwind+1","Spot Weakness","Battle Trance+1","Flex+1","Master of Strategy+1","Seeing Red+1","Exhume+1","Necronomicurse","Exhume+1","Warcry+1"],"relics":["Burning Blood","Oddly Smooth Stone","PreservedInsect","Bag of Marbles","Busted Crown","Necronomicon","Calipers","Bottled Lightning","Centennial Puzzle","Molten Egg 2","MawBank","Strawberry","Sozu","Gambling Chip","Pear","Dream Catcher"],"potions_floor_usage":[16,16,33,50],"damage_taken":[{"damage":6,"enemies":"2 Louse","floor":1,"turns":4},{"damage":0,"enemies":"Jaw Worm","floor":7,"turns":4},{"damage":0,"enemies":"Small Slimes","floor":11,"turns":2},{"damage":2,"enemies":"Looter","floor":12,"turns":4},{"damage":10,"enemies":"3 Sentries","floor":14,"turns":3},{"damage":0,"enemies":"Slime Boss","floor":16,"turns":3},{"damage":0,"enemies":"Spheric Guardian","floor":18,"turns":3},{"damage":0,"enemies":"Colosseum Slavers","floor":20,"turns":1},{"damage":0,"enemies":"Colosseum Nobs","floor":20,"turns":1},{"damage":0,"enemies":"2 Thieves","floor":21,"turns":1},{"damage":0,"enemies":"3 Cultists","floor":23,"turns":1},{"damage":1,"enemies":"Gremlin Leader","floor":25,"turns":2},{"damage":2,"enemies":"Centurion and Healer","floor":28,"turns":2},{"damage":0,"enemies":"Snecko","floor":29,"turns":1},{"damage":0,"enemies":"Cultist and Chosen","floor":30,"turns":2},{"damage":0,"enemies":"Slavers","floor":31,"turns":1},{"damage":16,"enemies":"Automaton","floor":33,"turns":3},{"damage":0,"enemies":"Orb Walker","floor":35,"turns":1},{"damage":6,"enemies":"3 Shapes","floor":37,"turns":1},{"damage":0,"enemies":"2 Orb Walkers","floor":38,"turns":1},{"damage":29,"enemies":"Transient","floor":39,"turns":6},{"damage":0,"enemies":"Spire Growth","floor":44,"turns":2},{"damage":0,"enemies":"Jaw Worm Horde","floor":47,"turns":1},{"damage":0,"enemies":"3 Darklings","floor":48,"turns":1},{"damage":24,"enemies":"Donu and Deca","floor":50,"turns":2}],"seed_played":"6051134755184594771","potions_obtained":[{"floor":1,"key":"GamblersBrew"},{"floor":7,"key":"Energy Potion"},{"floor":16,"key":"Dexterity Potion"},{"floor":25,"key":"Swift Potion"},{"floor":28,"key":"LiquidBronze"},{"floor":33,"key":"Weak Potion"}],"is_trial":false,"path_per_floor":["M","?","T","$","?","R","M","R","T","$","M","M","?","E","R","B",null,"M","?","?","M","$","M","R","E","T","R","M","M","M","E","R","B",null,"M","?","M","?","M","R","$","?","T","M","R","$","M","M","R","B",null],"character_chosen":"IRONCLAD","items_purchased":["Spot Weakness","SteroidPotion","Flex","Master of Strategy","Centennial Puzzle","Pear"],"campfire_rested":1,"item_purchase_floors":[4,4,10,10,22,41],"current_hp_per_floor":[50,27,27,27,16,16,22,44,44,44,50,54,59,55,55,61,75,80,59,71,77,77,80,80,80,80,80,80,80,80,87,87,77,85,87,87,87,87,64,64,74,74,74,80,80,80,86,92,92,74],"gold":80,"neow_bonus":"TWO_FIFTY_GOLD","is_prod":false,"is_daily":false,"chose_seed":false,"campfire_upgraded":8,"win_rate":0,"timestamp":1554345788,"path_taken":["M","?","?","$","?","R","M","R","T","?","M","?","?","E","R","BOSS","M","?","?","M","?","?","R","E","T","R","M","M","?","E","R","BOSS","M","?","M","?","M","R","$","?","T","M","R","?","M","M","R","BOSS"],"build_version":"2019-01-23","purchased_purges":4,"victory":true,"max_hp_per_floor":[75,75,75,75,75,75,75,75,75,75,75,75,80,80,80,80,80,80,80,80,80,80,80,80,80,80,80,80,80,80,87,87,87,87,87,87,87,87,87,87,97,97,97,97,97,97,97,97,97,97],"card_choices":[{"not_picked":["Dual Wield","Entrench"],"picked":"Whirlwind","floor":1},{"not_picked":["Intimidate","Clothesline"],"picked":"Battle Trance","floor":7},{"not_picked":["Clothesline","Headbutt"],"picked":"Seeing Red","floor":11},{"not_picked":["Clothesline","Headbutt","Wild Strike"],"picked":"SKIP","floor":12},{"not_picked":["Berserk","Clothesline"],"picked":"Inflame","floor":14},{"not_picked":["Bludgeon","Impervious"],"picked":"Exhume","floor":16},{"not_picked":["Perfected Strike"],"picked":"SKIP","floor":18},{"not_picked":["Iron Wave+1"],"picked":"SKIP","floor":21},{"not_picked":["Pommel Strike+1"],"picked":"SKIP","floor":23},{"not_picked":["Entrench"],"picked":"SKIP","floor":25},{"not_picked":["Dual Wield"],"picked":"SKIP","floor":28},{"not_picked":["Twin Strike+1"],"picked":"SKIP","floor":29},{"not_picked":["Clothesline+1"],"picked":"SKIP","floor":30},{"not_picked":["Headbutt+1"],"picked":"SKIP","floor":31},{"not_picked":[],"picked":"Exhume","floor":33},{"not_picked":["Clothesline+1"],"picked":"SKIP","floor":35},{"not_picked":["Evolve"],"picked":"SKIP","floor":37},{"not_picked":["Shrug It Off"],"picked":"SKIP","floor":39},{"not_picked":["Feel No Pain+1"],"picked":"SKIP","floor":44},{"not_picked":["True Grit"],"picked":"SKIP","floor":47},{"not_picked":["Warcry"],"picked":"SKIP","floor":48},{"not_picked":[],"picked":"Warcry","floor":48}],"player_experience":689547,"relics_obtained":[{"floor":3,"key":"Oddly Smooth Stone"},{"floor":9,"key":"PreservedInsect"},{"floor":14,"key":"Bag of Marbles"},{"floor":19,"key":"Necronomicon"},{"floor":20,"key":"Calipers"},{"floor":20,"key":"Bottled Lightning"},{"floor":25,"key":"Molten Egg 2"},{"floor":26,"key":"MawBank"},{"floor":31,"key":"Strawberry"},{"floor":38,"key":"Gambling Chip"},{"floor":43,"key":"Dream Catcher"}],"event_choices":[{"damage_healed":0,"gold_gain":0,"player_choice":"Entered Light","damage_taken":23,"max_hp_gain":0,"max_hp_loss":0,"event_name":"Shining Light","floor":2,"gold_loss":0,"cards_upgraded":["Defend_R","Strike_R"]},{"damage_healed":0,"gold_gain":75,"player_choice":"Gather Gold","damage_taken":11,"max_hp_gain":0,"max_hp_loss":0,"event_name":"World of Goop","floor":5,"gold_loss":0},{"damage_healed":0,"gold_gain":0,"player_choice":"Donut","damage_taken":0,"max_hp_gain":5,"max_hp_loss":0,"event_name":"Big Fish","floor":13,"gold_loss":0},{"damage_healed":0,"gold_gain":0,"player_choice":"Obtained Book","damage_taken":21,"max_hp_gain":0,"max_hp_loss":0,"event_name":"Cursed Tome","floor":19,"gold_loss":0},{"damage_healed":0,"gold_gain":0,"player_choice":"Fight","damage_taken":0,"max_hp_gain":0,"max_hp_loss":0,"event_name":"Colosseum","floor":20,"gold_loss":0},{"damage_healed":0,"gold_gain":0,"player_choice":"Fought Nobs","damage_taken":0,"max_hp_gain":0,"max_hp_loss":0,"event_name":"Colosseum","floor":20,"gold_loss":0},{"damage_healed":0,"gold_gain":0,"player_choice":"Memory 1","damage_taken":0,"max_hp_gain":0,"max_hp_loss":0,"event_name":"SensoryStone","floor":36,"gold_loss":0},{"damage_healed":0,"gold_gain":0,"player_choice":"Fight","damage_taken":0,"max_hp_gain":0,"max_hp_loss":0,"event_name":"Mysterious Sphere","floor":38,"gold_loss":0},{"cards_removed":["Inflame"],"damage_healed":0,"gold_gain":0,"player_choice":"Removed Power","damage_taken":0,"max_hp_gain":0,"max_hp_loss":0,"event_name":"Falling","floor":42,"gold_loss":0}],"is_beta":false,"boss_relics":[{"not_picked":["Pandora\u0027s Box","Fusion Hammer"],"picked":"Busted Crown"},{"not_picked":["Runic Pyramid","Cursed Key"],"picked":"Sozu"}],"items_purged_floors":[4,22,41,46],"is_endless":false,"potions_floor_spawned":[1,7,11,16,20,25,28,29,30,33,37,38,39,47],"ascension_level":17}