{"gold_per_floor":[10,26,26,44,54,54,80,80,80,114,134,154,172,190,190,263,263,263,263,29,29,29,29,29,29,29,29,29,29,29,29,29,29,29,29,29,0,0,0,0,0,0,0,0,0,0,0,0,0,0],"floor_reached":51,"playtime":2813,"items_purged":[],"score":1186,"play_id":"6377a118-2536-4fb1-8681-ea62d0682fb6","local_time":"20180817154338","is_ascension_mode":true,"campfire_choices":[{"data":"Neutralize","floor":6.0,"key":"SMITH"},{"data":"Terror","floor":8.0,"key":"SMITH"},{"floor":15.0,"key":"REST"},{"data":"Mayhem","floor":23.0,"key":"SMITH"},{"floor":29.0,"key":"REST"},{"floor":32.0,"key":"REST"},{"data":"Dodge and Roll","floor":40.0,"key":"SMITH"},{"data":"Well Laid Plans","floor":44.0,"key":"SMITH"},{"data":"Tools of the Trade","floor":49.0,"key":"SMITH"}],"neow_cost":"NO_GOLD","seed_source_timestamp":0,"circlet_count":0,"master_deck":["Defend_G","Defend_G","Defend_G","Defend_G","Defend_G","Strike_G","Strike_G","Strike_G","Survivor","Neutralize+1","AscendersBane","Dagger Throw","Flying Knee","Regret","Terror+1","Backflip","Backflip","Leg Sweep","Dagger Spray","Quick Slash","Dodge and Roll+1","Glass Knife","Underhanded Strike+1","Mayhem+1","Backflip","Prepared","Dash","Heel Hook","Dash","Well Laid Plans+1","Noxious Fumes+1","Terror+1","Master of Strategy","Underhanded Strike","Tools of the Trade+1"],"special_seed":0,"relics":["Ring of the Snake","Mercury Hourglass","Ornamental Fan","Gremlin Horn","Bottled Lightning","Odd Mushroom","Ectoplasm","Blue Candle","Oddly Smooth Stone","MawBank","Sozu","Red Mask","Shuriken"],"potions_floor_usage":[50,50],"damage_taken":[{"damage":2.0,"enemies":"Small Slimes","floor":1.0,"turns":6.0},{"damage":0.0,"enemies":"2 Louse","floor":2.0,"turns":4.0},{"damage":1.0,"enemies":"Cultist","floor":4.0,"turns":5.0},{"damage":1.0,"enemies":"3 Louse","floor":5.0,"turns":3.0},{"damage":21.0,"enemies":"Lagavulin","floor":7.0,"turns":8.0},{"damage":12.0,"enemies":"3 Sentries","floor":10.0,"turns":8.0},{"damage":7.0,"enemies":"Looter","floor":11.0,"turns":3.0},{"damage":0.0,"floor":12.0,"turns":3.0},{"damage":7.0,"enemies":"Large Slime","floor":13.0,"turns":4.0},{"damage":0.0,"enemies":"2 Fungi Beasts","floor":14.0,"turns":2.0},{"damage":19.0,"enemies":"Hexaghost","floor":16.0,"turns":13.0},{"damage":0.0,"enemies":"3 Byrds","floor":18.0,"turns":4.0},{"damage":6.0,"enemies":"Shell Parasite","floor":21.0,"turns":4.0},{"damage":11.0,"enemies":"Book of Stabbing","floor":24.0,"turns":5.0},{"damage":0.0,"enemies":"Snake Plant","floor":25.0,"turns":4.0},{"damage":0.0,"enemies":"Cultist and Chosen","floor":27.0,"turns":4.0},{"damage":0.0,"enemies":"Centurion and Healer","floor":30.0,"turns":5.0},{"damage":13.0,"enemies":"Slavers","floor":31.0,"turns":6.0},{"damage":53.0,"enemies":"Champ","floor":33.0,"turns":14.0},{"damage":0.0,"enemies":"3 Darklings","floor":35.0,"turns":4.0},{"damage":0.0,"enemies":"Flame Bruiser 1 Orb","floor":36.0,"turns":4.0},{"damage":8.0,"enemies":"Sphere and 2 Shapes","floor":45.0,"turns":5.0},{"damage":16.0,"enemies":"Flame Bruiser 2 Orb","floor":46.0,"turns":5.0},{"damage":0.0,"enemies":"Maw","floor":48.0,"turns":6.0},{"damage":16,"enemies":"Donu and Deca","floor":50,"turns":8}],"seed_played":"2256811633109421448","potions_obtained":[{"floor":2.0,"key":"Ancient Potion"},{"floor":5.0,"key":"SmokeBomb"},{"floor":14.0,"key":"Fire Potion"},{"floor":16.0,"key":"FearPotion"},{"floor":21.0,"key":"Dexterity Potion"},{"floor":24.0,"key":"SpeedPotion"},{"floor":31.0,"key":"GhostInAJar"},{"floor":33.0,"key":"Swift Potion"}],"is_trial":false,"path_per_floor":["M","M","?","M","M","R","E","R","T","E","M","?","M","M","R","B",null,"M","?","$","M","?","R","E","M","T","M","?","R","M","E","R","B",null,"M","M","?","?","$","R","?","$","T","R","M","M","?","M","R","B"],"character_chosen":"THE_SILENT","items_purchased":["Mayhem","Backflip"],"campfire_rested":3,"item_purchase_floors":[20,20],"current_hp_per_floor":[57,57,57,56,55,55,34,34,34,22,15,15,8,8,27,8,52,52,52,52,46,46,46,35,35,35,35,35,54,54,41,60,7,51,51,51,51,51,51,51,51,51,51,51,43,27,54,54,54,38],"gold":0,"neow_bonus":"REMOVE_TWO","is_prod":false,"is_daily":false,"chose_seed":false,"campfire_upgraded":6,"win_rate":0,"timestamp":1534545818,"path_taken":["M","M","?","M","M","R","E","R","T","E","M","?","M","M","R","BOSS","M","?","$","M","?","R","E","M","T","M","?","R","M","E","R","BOSS","M","M","?","?","?","R","?","$","T","R","M","M","?","?","R","BOSS"],"build_version":"2018-08-16","purchased_purges":0,"victory":true,"max_hp_per_floor":[66,66,66,66,66,66,66,66,66,66,66,66,66,66,66,66,66,66,66,66,66,66,66,66,66,66,66,66,66,66,66,66,66,66,66,66,66,66,66,66,66,66,66,66,66,66,54,54,54,54],"card_choices":[{"not_picked":["Acrobatics","Setup"],"picked":"Dagger Throw","floor":1.0},{"not_picked":["Setup","Backflip"],"picked":"Flying Knee","floor":2.0},{"not_picked":["Eviscerate","Slice","Deflect"],"picked":"SKIP","floor":4.0},{"not_picked":["Reflex","Catalyst"],"picked":"Terror","floor":5.0},{"not_picked":["Sucker Punch","Slice"],"picked":"Backflip","floor":7.0},{"not_picked":["Flying Knee","Setup"],"picked":"Backflip","floor":10.0},{"not_picked":["Outmaneuver","Prepared"],"picked":"Leg Sweep","floor":11.0},{"not_picked":["Finisher","Noxious Fumes"],"picked":"Dagger Spray","floor":12.0},{"not_picked":["Masterful Stab","Backflip"],"picked":"Quick Slash","floor":13.0},{"not_picked":["Concentrate","Infinite Blades"],"picked":"Dodge and Roll","floor":14.0},{"not_picked":["Doppelganger","Envenom"],"picked":"Glass Knife","floor":16.0},{"not_picked":["Noxious Fumes","Dagger Spray"],"picked":"Underhanded Strike+1","floor":18.0},{"not_picked":["Quick Slash","Accuracy"],"picked":"Prepared","floor":21.0},{"not_picked":["Storm of Steel","Bane"],"picked":"Dash","floor":24.0},{"not_picked":["Backflip","Quick Slash","Dagger Spray"],"picked":"SKIP","floor":25.0},{"not_picked":["Crippling Poison+1","Outmaneuver"],"picked":"Heel Hook","floor":27.0},{"not_picked":["Poisoned Stab","Slice"],"picked":"Dash","floor":30.0},{"not_picked":["Dodge and Roll","Bane"],"picked":"Well Laid Plans","floor":31.0},{"not_picked":["Prepared","Blur"],"picked":"Noxious Fumes+1","floor":35.0},{"not_picked":["Eviscerate","Quick Slash+1","Skewer"],"picked":"SKIP","floor":36.0},{"not_picked":["Bandage Up","Impatience"],"picked":"Master of Strategy","floor":41.0},{"not_picked":["Dagger Spray","Slice","Poisoned Stab"],"picked":"SKIP","floor":45.0},{"not_picked":["Quick Slash","Deflect"],"picked":"Underhanded Strike","floor":46.0},{"not_picked":["Dodge and Roll+1","Backflip"],"picked":"Tools of the Trade","floor":48.0}],"player_experience":768195,"relics_obtained":[{"floor":7.0,"key":"Ornamental Fan"},{"floor":9.0,"key":"Gremlin Horn"},{"floor":10.0,"key":"Bottled Lightning"},{"floor":12.0,"key":"Odd Mushroom"},{"floor":24.0,"key":"Blue Candle"},{"floor":26.0,"key":"Oddly Smooth Stone"},{"floor":31.0,"key":"MawBank"},{"floor":43.0,"key":"Shuriken"}],"event_choices":[{"event_name":"Big Fish","player_choice":"Box","floor":3.0,"damage_taken":0.0},{"event_name":"Mushrooms","player_choice":"Fought Mushrooms","floor":12.0,"damage_taken":0.0},{"event_name":"Ghosts","player_choice":"Ignored","floor":19.0,"damage_taken":0.0},{"event_name":"Vampires","player_choice":"Ignored","floor":22.0,"damage_taken":0.0},{"event_name":"Beggar","player_choice":"Ignored","floor":28.0,"damage_taken":0.0},{"event_name":"Tomb of Lord Red Mask","player_choice":"Paid","floor":37.0,"damage_taken":0.0},{"event_name":"Duplicator","player_choice":"One dupe","floor":38.0,"damage_taken":0.0},{"event_name":"SensoryStone","player_choice":"Memory 1","floor":41.0,"damage_taken":0.0},{"event_name":"The Moai Head","player_choice":"Heal","floor":47.0,"damage_taken":0.0}],"is_beta":false,"boss_relics":[{"not_picked":["Coffee Dripper","Empty Cage"],"picked":"Ectoplasm"},{"not_picked":["Calling Bell","Lizard Tail"],"picked":"Sozu"}],"items_purged_floors":[],"is_endless":false,"potions_floor_spawned":[2,5,12,14,16,21,24,31,33,35,45],"ascension_level":15}