{"gold_per_floor":[369,369,379,392,411,411,444,444,444,393,409,409,436,453,453,453],"floor_reached":16,"playtime":730,"items_purged":[],"score":207,"play_id":"4f322a42-92d6-4d5b-b6c2-b4d522c7161f","local_time":"20181231083219","is_ascension_mode":true,"campfire_choices":[{"data":"Chill","floor":6.0,"key":"SMITH"},{"floor":8.0,"key":"REST"},{"data":"Loop","floor":15.0,"key":"SMITH"}],"neow_cost":"CURSE","seed_source_timestamp":0,"circlet_count":0,"master_deck":["AscendersBane","Strike_B","Strike_B","Strike_B","Defend_B+1","Defend_B+1","Defend_B","Defend_B","Zap","Dualcast","Doubt","FTL","FTL","Coolheaded","Chill+1","Loop+1","Coolheaded","Auto Shields","Decay","Ball Lightning","Glacier"],"special_seed":0,"relics":["Cracked Core","Potion Belt","War Paint","Ornamental Fan"],"potions_floor_usage":[16,16,16],"damage_taken":[{"damage":1.0,"enemies":"2 Louse","floor":1.0,"turns":3.0},{"damage":0.0,"enemies":"Cultist","floor":3.0,"turns":3.0},{"damage":5.0,"enemies":"Small Slimes","floor":4.0,"turns":3.0},{"damage":0.0,"enemies":"2 Fungi Beasts","floor":5.0,"turns":4.0},{"damage":38.0,"enemies":"Gremlin Nob","floor":7.0,"turns":4.0},{"damage":1.0,"enemies":"Large Slime","floor":11.0,"turns":8.0},{"damage":23.0,"enemies":"Lagavulin","floor":13.0,"turns":12.0},{"damage":8.0,"enemies":"Exordium Wildlife","floor":14.0,"turns":4.0},{"damage":9,"enemies":"Hexaghost","floor":16,"turns":9}],"seed_played":"-1982692913518659274","potions_obtained":[{"floor":4.0,"key":"Poison Potion"},{"floor":5.0,"key":"PowerPotion"},{"floor":11.0,"key":"AttackPotion"},{"floor":14.0,"key":"SteroidPotion"}],"is_trial":false,"path_per_floor":["M","?","M","M","M","R","E","R","T","$","M","?","E","M","R","B"],"character_chosen":"DEFECT","items_purchased":["Coolheaded"],"campfire_rested":1,"item_purchase_floors":[10],"current_hp_per_floor":[63,63,63,58,58,58,20,41,41,41,40,40,17,9,9,0],"gold":453,"neow_bonus":"TWO_FIFTY_GOLD","is_prod":false,"is_daily":false,"chose_seed":false,"campfire_upgraded":2,"win_rate":0,"timestamp":1546273939,"path_taken":["M","?","?","M","M","R","E","R","T","$","M","?","E","M","R","BOSS"],"build_version":"2018-12-20","purchased_purges":0,"victory":false,"max_hp_per_floor":[71,71,71,71,71,71,71,71,71,71,71,71,71,71,71,71],"card_choices":[{"not_picked":["Streamline","Turbo"],"picked":"FTL","floor":1.0},{"not_picked":["Turbo","Barrage"],"picked":"Coolheaded","floor":3.0},{"not_picked":["Cold Snap","Redo"],"picked":"Chill","floor":4.0},{"not_picked":["Double Energy","Streamline","Reprogram"],"picked":"SKIP","floor":5.0},{"not_picked":["Skim","Rebound"],"picked":"Loop","floor":7.0},{"not_picked":["Skim","Rebound"],"picked":"Auto Shields","floor":11.0},{"not_picked":["Doom and Gloom","Compile Driver"],"picked":"Ball Lightning","floor":13.0},{"not_picked":["Redo","Ball Lightning"],"picked":"Glacier","floor":14.0}],"player_experience":1085459,"relics_obtained":[{"floor":7.0,"key":"Potion Belt"},{"floor":9.0,"key":"War Paint"},{"floor":13.0,"key":"Ornamental Fan"}],"event_choices":[{"damage_healed":0.0,"max_hp_gain":0.0,"max_hp_loss":0.0,"gold_gain":0.0,"cards_transformed":["Strike_B"],"event_name":"Transmorgrifier","player_choice":"Transformed","floor":2.0,"gold_loss":0.0,"damage_taken":0.0,"cards_obtained":["FTL"]},{"damage_healed":0.0,"max_hp_gain":0.0,"max_hp_loss":0.0,"gold_gain":0.0,"event_name":"Wheel of Change","player_choice":"Cursed","floor":12.0,"gold_loss":0.0,"damage_taken":0.0,"cards_obtained":["Decay"]}],"is_beta":false,"boss_relics":[],"items_purged_floors":[],"is_endless":false,"potions_floor_spawned":[4,5,11,14],"killed_by":"Hexaghost","ascension_level":17}