{"gold_per_floor":[112,125,14,34,209,209,235,256,329,47,47,62,75,133,133,233,233,199,199,213,67,85,85],"floor_reached":23,"playtime":1399,"items_purged":["Injury","Doubt"],"score":291,"play_id":"2b549f05-768d-46fa-b821-e25b69db8a7f","local_time":"20190204101723","is_ascension_mode":true,"campfire_choices":[{"data":"Zap","floor":6.0,"key":"SMITH"},{"floor":11.0,"key":"REST"},{"floor":15.0,"key":"REST"}],"neow_cost":"CURSE","seed_source_timestamp":258741487355801,"circlet_count":0,"master_deck":["Strike_B","Strike_B","Strike_B","Strike_B","Defend_B","Defend_B","Defend_B","Defend_B","Zap+1","Dualcast","Core Surge","Chill","Cold Snap","Capacitor","Loop","Fusion","Defragment","Auto Shields","Capacitor","Go for the Eyes","Barrage","Seek","Coolheaded","Fission","Sweeping Beam"],"special_seed":0,"relics":["Cracked Core","Happy Flower","Odd Mushroom","Mummified Hand","Tiny Chest","Inserter","Strawberry"],"potions_floor_usage":[22,23],"damage_taken":[{"damage":5.0,"enemies":"Small Slimes","floor":1.0,"turns":4.0},{"damage":0.0,"enemies":"2 Louse","floor":2.0,"turns":2.0},{"damage":2.0,"enemies":"Jaw Worm","floor":4.0,"turns":3.0},{"damage":29.0,"enemies":"Lagavulin","floor":7.0,"turns":9.0},{"damage":21.0,"enemies":"The Mushroom Lair","floor":8.0,"turns":5.0},{"damage":9.0,"enemies":"Exordium Wildlife","floor":12.0,"turns":4.0},{"damage":0.0,"enemies":"2 Fungi Beasts","floor":13.0,"turns":4.0},{"damage":18.0,"enemies":"Gremlin Nob","floor":14.0,"turns":6.0},{"damage":7.0,"enemies":"The Guardian","floor":16.0,"turns":9.0},{"damage":31.0,"enemies":"2 Thieves","floor":18.0,"turns":5.0},{"damage":4,"enemies":"Spheric Guardian","floor":20,"turns":4},{"damage":23,"enemies":"Snake Plant","floor":22,"turns":7},{"damage":24,"enemies":"Slavers","floor":23,"turns":3}],"seed_played":"9136841404992410076","potions_obtained":[{"floor":1.0,"key":"Strength Potion"},{"floor":8.0,"key":"Explosive Potion"},{"floor":14.0,"key":"Strength Potion"},{"floor":16.0,"key":"SpeedPotion"},{"floor":18.0,"key":"Swift Potion"},{"floor":20,"key":"Dexterity Potion"}],"is_trial":false,"path_per_floor":["M","M","$","M","?","R","E","?","T","$","R","M","M","E","R","B",null,"M","?","M","$","M","E"],"character_chosen":"DEFECT","items_purchased":["Capacitor","FocusPotion","Auto Shields","Capacitor","Fission"],"campfire_rested":2,"item_purchase_floors":[3,10,10,10,21],"current_hp_per_floor":[63,63,63,61,61,61,32,11,11,11,33,24,24,6,28,21,62,31,38,34,34,11,0],"gold":85,"neow_bonus":"THREE_RARE_CARDS","is_prod":false,"is_daily":false,"chose_seed":false,"campfire_upgraded":1,"win_rate":0,"timestamp":1549271843,"path_taken":["M","M","$","M","?","R","E","?","T","$","R","M","M","E","R","BOSS","M","?","M","$","M","E"],"build_version":"2019-01-23","purchased_purges":2,"victory":false,"max_hp_per_floor":[75,75,75,75,75,75,75,75,75,75,75,75,75,75,75,75,75,75,82,82,82,82,82],"card_choices":[{"not_picked":["Multi-Cast","Biased Cognition"],"picked":"Core Surge","floor":0.0},{"not_picked":["Ball Lightning","Cold Snap"],"picked":"Chill","floor":1.0},{"not_picked":["Beam Cell","Barrage"],"picked":"Cold Snap","floor":2.0},{"not_picked":["Leap","Streamline"],"picked":"Loop","floor":4.0},{"not_picked":["Hyperbeam","Steam"],"picked":"Fusion","floor":7.0},{"not_picked":["Go for the Eyes","Conserve Battery"],"picked":"Defragment","floor":8.0},{"not_picked":["Ball Lightning","Scrape"],"picked":"Go for the Eyes","floor":12.0},{"not_picked":["Undo","Reprogram","Hello World"],"picked":"SKIP","floor":13.0},{"not_picked":["Cold Snap","Auto Shields"],"picked":"Barrage","floor":14.0},{"not_picked":["Machine Learning","Hyperbeam"],"picked":"Seek","floor":16.0},{"not_picked":["Gash","Turbo"],"picked":"Coolheaded","floor":18.0},{"not_picked":["Go for the Eyes","Barrage","Storm+1"],"picked":"SKIP","floor":20},{"not_picked":["Coolheaded","Multi-Cast"],"picked":"Sweeping Beam","floor":22}],"player_experience":281923,"relics_obtained":[{"floor":7.0,"key":"Happy Flower"},{"floor":8.0,"key":"Odd Mushroom"},{"floor":9.0,"key":"Mummified Hand"},{"floor":14.0,"key":"Tiny Chest"}],"event_choices":[{"damage_healed":0.0,"max_hp_gain":0.0,"max_hp_loss":0.0,"gold_gain":175.0,"event_name":"Liars Game","player_choice":"AGREE","floor":5.0,"gold_loss":0.0,"damage_taken":0.0,"cards_obtained":["Doubt"]},{"damage_healed":0.0,"max_hp_gain":0.0,"max_hp_loss":0.0,"gold_gain":0.0,"event_name":"Mushrooms","player_choice":"Fought Mushrooms","floor":8.0,"gold_loss":0.0,"damage_taken":0.0},{"damage_healed":0.0,"max_hp_gain":0.0,"max_hp_loss":0.0,"gold_gain":0.0,"event_name":"The Mausoleum","player_choice":"Opened","floor":19.0,"gold_loss":0.0,"damage_taken":0.0,"relics_obtained":["Strawberry"]}],"is_beta":false,"boss_relics":[{"not_picked":["Empty Cage","Coffee Dripper"],"picked":"Inserter"}],"items_purged_floors":[3,10],"is_endless":false,"potions_floor_spawned":[1,8,14,16,18,20],"killed_by":"Slavers","ascension_level":9}