{"path_per_floor":["M","M","$","M","$","R","M","?","T","M","R","E","$","M","R","B",null,"M","?","$","?","M","E","R","E","T","?","M","T","R","M","R","B",null,"M","$","M","?","?","E","M","R","T","R","M","E","$","?","R","B"],"character_chosen":"IRONCLAD","items_purchased":["Vajra","Dexterity Potion"],"gold_per_floor":[115,134,59,79,79,79,92,167,167,181,181,211,63,80,80,184,184,200,115,15,15,26,59,59,85,85,85,103,103,103,116,116,221,221,232,107,127,127,127,161,179,179,179,179,195,228,29,29,29,29],"floor_reached":51,"campfire_rested":1,"playtime":3105,"current_hp_per_floor":[72,72,72,72,72,72,62,51,51,56,56,48,48,54,54,30,72,8,8,8,8,16,21,42,17,17,41,50,50,50,58,58,66,72,72,72,72,72,72,64,72,72,72,72,62,70,70,70,70,72],"items_purged":["Strike_R","Strike_R","Strike_R","Strike_R"],"gold":29,"score":952,"play_id":"dab68be9-2af9-4ae0-a59b-64f01272453c","local_time":"20180331184457","is_prod":false,"is_daily":false,"is_ascension_mode":true,"campfire_upgraded":7,"timestamp":1522547097,"path_taken":["M","M","$","M","$","R","M","?","T","M","R","E","$","M","R","BOSS","M","?","$","?","M","E","R","E","T","?","?","?","R","?","R","BOSS","M","$","M","?","?","E","M","R","T","R","?","E","$","?","R","BOSS"],"build_version":"2018-03-29v2","purchased_purges":5,"victory":true,"master_deck":["Strike_R+1","Defend_R+1","Defend_R+1","Defend_R+1","Defend_R+1","Bash","Dropkick","Cleave","Searing Blow+7","Ghostly Armor+1","Dropkick","Ghostly Armor","Barricade","Body Slam+1","Iron Wave+1","Impervious","Iron Wave+1","Finesse+1","Shrug It Off+1","Rampage+1","Armaments"],"max_hp_per_floor":[72,72,72,72,72,72,72,72,72,72,72,72,72,72,72,72,72,72,72,72,72,72,72,72,72,72,72,72,72,72,72,72,72,72,72,72,72,72,72,72,72,72,72,72,72,72,72,72,72,72],"relics":["Burning Blood","Bird Faced Urn","Thread and Needle","Ice Cream","Vajra","Velvet Choker","Molten Egg 2","Bottled Flame","Meat on the Bone","Dead Branch","Peace Pipe","Mark of Pain","Bottled Lightning","Torii","War Paint","Omamori"],"card_choices":[{"not_picked":["Sever Soul","Flame Barrier"],"picked":"Dropkick","floor":1},{"not_picked":["Body Slam","Rampage"],"picked":"Cleave","floor":2},{"not_picked":["Heavy Blade","Fire Breathing"],"picked":"Searing Blow","floor":4},{"not_picked":["Infernal Blade","Battle Trance"],"picked":"Ghostly Armor","floor":10},{"not_picked":["Wild Strike","Body Slam"],"picked":"Dropkick","floor":12},{"not_picked":["Intimidate","Pommel Strike"],"picked":"Ghostly Armor","floor":14},{"not_picked":["Dark Embrace","Brutality"],"picked":"Barricade","floor":16},{"not_picked":["Flame Barrier","Anger"],"picked":"Body Slam","floor":28},{"not_picked":["Flex","Pommel Strike"],"picked":"Iron Wave","floor":31},{"not_picked":["Immolate","Brutality"],"picked":"Impervious","floor":33},{"not_picked":["Pommel Strike","Shrug It Off"],"picked":"Iron Wave","floor":37},{"not_picked":["Dramatic Entrance","Flash of Steel"],"picked":"Finesse","floor":38},{"not_picked":["Thunderclap","Headbutt"],"picked":"Shrug It Off","floor":41},{"not_picked":["Carnage","Pummel"],"picked":"Rampage","floor":45},{"not_picked":["Headbutt","Berserk"],"picked":"Armaments","floor":46}],"player_experience":209399,"potions_floor_usage":[12,16,23,25,25,40,50,50,50],"damage_taken":[{"damage":3,"enemies":"Jaw Worm","floor":1,"turns":4},{"damage":0,"enemies":"Small Slimes","floor":2,"turns":3},{"damage":0,"enemies":"2 Louse","floor":4,"turns":4},{"damage":16,"enemies":"Blue Slaver","floor":7,"turns":4},{"damage":1,"enemies":"Exordium Wildlife","floor":10,"turns":3},{"damage":14,"enemies":"Gremlin Nob","floor":12,"turns":5},{"damage":0,"enemies":"2 Fungi Beasts","floor":14,"turns":3},{"damage":30,"enemies":"The Guardian","floor":16,"turns":13},{"damage":72,"enemies":"3 Byrds","floor":18,"turns":11},{"damage":0,"enemies":"Shell Parasite","floor":22,"turns":7},{"damage":3,"enemies":"Book of Stabbing","floor":23,"turns":9},{"damage":33,"enemies":"Gremlin Leader","floor":25,"turns":9},{"damage":11,"enemies":"Sentry and Sphere","floor":28,"turns":8},{"damage":0,"enemies":"Snecko","floor":31,"turns":5},{"damage":0,"enemies":"Champ","floor":33,"turns":13},{"damage":0,"enemies":"3 Shapes","floor":35,"turns":5},{"damage":0,"enemies":"Orb Walker","floor":37,"turns":3},{"damage":14,"enemies":"Nemesis","floor":40,"turns":10},{"damage":0,"enemies":"Maw","floor":41,"turns":8},{"damage":20,"enemies":"4 Shapes","floor":45,"turns":7},{"damage":0,"enemies":"Giant Head","floor":46,"turns":9},{"damage":0,"enemies":"Time Eater","floor":50,"turns":13}],"event_choices":[{"event_name":"World of Goop","player_choice":"Gather Gold","floor":8,"damage_taken":0},{"event_name":"Addict","player_choice":"Obtained Relic","floor":19,"damage_taken":0},{"event_name":"Back to Basics","player_choice":"Simplicity","floor":21,"damage_taken":0},{"event_name":"The Library","player_choice":"Heal","floor":27,"damage_taken":0},{"event_name":"SensoryStone","player_choice":"Memory 1","floor":38,"damage_taken":0},{"event_name":"SecretPortal","player_choice":"Rejected Portal.","floor":39,"damage_taken":0},{"event_name":"Accursed Blacksmith","player_choice":"Rummage","floor":48,"damage_taken":0}],"boss_relics":[{"not_picked":["Cursed Key","Pandora\u0027s Box"],"picked":"Velvet Choker"},{"not_picked":["Eternal Feather","Black Star"],"picked":"Mark of Pain"}],"potions_floor_spawned":[1,2,7,14,23,25,28,35,37],"seed_played":"-9043912405435197768","ascension_level":2,"is_trial":false}