{"gold_per_floor":[117,132,132,150,160,160,195,22,74,24,24,51,51,61,61,156,156,126,126,126,2,2,2,2,2,2,2,2,2,2,2,2,2,2,2,2,2,2,2,2,2,2,2,2,2,2,2,2,2,2],"floor_reached":51,"playtime":2630,"items_purged":["Strike_G"],"score":1022,"play_id":"523f22bf-2b7e-4f7b-a387-6c9a0c2054e8","local_time":"20190204231102","is_ascension_mode":true,"campfire_choices":[{"data":"A Thousand Cuts","floor":6.0,"key":"SMITH"},{"floor":13.0,"key":"REST"},{"floor":15.0,"key":"REST"},{"data":"Cloak And Dagger","floor":23.0,"key":"SMITH"},{"data":"Neutralize","floor":25.0,"key":"SMITH"},{"floor":28.0,"key":"REST"},{"data":"Cloak And Dagger","floor":32.0,"key":"SMITH"},{"data":"Accuracy","floor":40.0,"key":"SMITH"},{"data":"Dodge and Roll","floor":42.0,"key":"SMITH"},{"floor":46.0,"key":"REST"},{"data":"Blade Dance","floor":49.0,"key":"SMITH"}],"neow_cost":"CURSE","seed_source_timestamp":302518513460104,"circlet_count":0,"master_deck":["AscendersBane","Defend_G","Defend_G","Defend_G","Defend_G","Defend_G","Strike_G","Survivor","Neutralize+1","Injury","Doppelganger+1","A Thousand Cuts+1","Dagger Spray","Quick Slash+1","Blade Dance+1","Cloak And Dagger+1","Panache+1","Backflip","Cloak And Dagger+1","Blade Dance","Glass Knife+1","Finisher+1","Well Laid Plans","Accuracy+1","Dash+1","Burst+1","Dodge and Roll+1","Acrobatics+1","Quick Slash+1","Riddle With Holes+1"],"special_seed":0,"relics":["Ring of the Snake","Shuriken","Art of War","Smiling Mask","Ectoplasm","MawBank","Molten Egg 2","Sozu","Whetstone","Pantograph"],"potions_floor_usage":[],"damage_taken":[{"damage":2.0,"enemies":"Jaw Worm","floor":1.0,"turns":8.0},{"damage":2.0,"enemies":"Cultist","floor":2.0,"turns":6.0},{"damage":5.0,"enemies":"Small Slimes","floor":4.0,"turns":5.0},{"damage":5.0,"enemies":"Exordium Wildlife","floor":5.0,"turns":4.0},{"damage":24.0,"enemies":"Gremlin Nob","floor":7.0,"turns":4.0},{"damage":10.0,"enemies":"Lagavulin","floor":12.0,"turns":5.0},{"damage":0.0,"enemies":"Large Slime","floor":14.0,"turns":4.0},{"damage":8.0,"enemies":"Slime Boss","floor":16.0,"turns":5.0},{"damage":6.0,"enemies":"2 Thieves","floor":18.0,"turns":2.0},{"damage":11.0,"enemies":"Shell Parasite","floor":22.0,"turns":3.0},{"damage":11.0,"enemies":"Snecko","floor":27.0,"turns":5.0},{"damage":1.0,"enemies":"Cultist and Chosen","floor":29.0,"turns":3.0},{"damage":3.0,"enemies":"Gremlin Leader","floor":30.0,"turns":5.0},{"damage":0.0,"enemies":"Chosen and Byrds","floor":31.0,"turns":3.0},{"damage":31.0,"enemies":"Collector","floor":33.0,"turns":7.0},{"damage":10.0,"enemies":"3 Shapes","floor":35.0,"turns":4.0},{"damage":1.0,"enemies":"Orb Walker","floor":38.0,"turns":3.0},{"damage":2.0,"enemies":"3 Darklings","floor":39.0,"turns":3.0},{"damage":7.0,"enemies":"Spire Growth","floor":41.0,"turns":4.0},{"damage":9.0,"enemies":"Writhing Mass","floor":45.0,"turns":4.0},{"damage":0.0,"enemies":"Transient","floor":47.0,"turns":5.0},{"damage":67,"enemies":"Awakened One","floor":50,"turns":10}],"seed_played":"8384736345852972168","potions_obtained":[{"floor":2.0,"key":"AttackPotion"},{"floor":4.0,"key":"Poison Potion"},{"floor":14.0,"key":"SpeedPotion"},{"floor":22.0,"key":"Block Potion"},{"floor":29.0,"key":"PowerPotion"}],"is_trial":false,"path_per_floor":["M","M","?","M","M","R","E","$","T","$","?","E","R","M","R","B",null,"M","?","?","$","M","R","?","R","T","M","R","M","E","M","R","B",null,"M","T","?","M","M","R","M","R","T","$","M","R","M","?","R","B",null],"character_chosen":"THE_SILENT","items_purchased":["Panache","Backflip","Well Laid Plans"],"campfire_rested":4,"item_purchase_floors":[8,10,21],"current_hp_per_floor":[61,59,59,54,49,49,25,25,25,25,11,1,22,22,43,35,61,55,42,42,42,31,31,31,31,31,20,42,41,38,38,38,7,58,48,48,48,47,45,45,38,38,38,38,29,51,51,51,51,8],"gold":2,"neow_bonus":"TRANSFORM_TWO_CARDS","is_prod":false,"is_daily":false,"chose_seed":false,"campfire_upgraded":7,"win_rate":0,"timestamp":1549318262,"path_taken":["M","M","?","M","M","R","E","$","T","?","?","E","R","?","R","BOSS","M","?","?","?","M","R","?","R","T","M","R","M","E","?","R","BOSS","M","?","?","M","M","R","M","R","T","$","?","R","M","?","R","BOSS"],"build_version":"2019-01-23","purchased_purges":1,"victory":true,"max_hp_per_floor":[70,70,70,70,70,70,70,70,70,70,70,70,70,70,70,70,70,70,75,75,75,75,75,75,75,75,75,75,75,75,75,75,75,75,75,75,75,75,75,75,75,75,75,75,75,75,75,75,75,75],"card_choices":[{"not_picked":["Setup","PiercingWail"],"picked":"Dagger Spray","floor":1.0},{"not_picked":["Underhanded Strike","Accuracy"],"picked":"Quick Slash","floor":2.0},{"not_picked":["Poisoned Stab","Acrobatics"],"picked":"Blade Dance","floor":4.0},{"not_picked":["Concentrate","Poisoned Stab"],"picked":"Cloak And Dagger","floor":5.0},{"not_picked":["Dagger Throw","Dagger Spray","Quick Slash"],"picked":"SKIP","floor":7.0},{"not_picked":["Grand Finale","Eviscerate"],"picked":"Cloak And Dagger","floor":12.0},{"not_picked":["Dodge and Roll","Setup"],"picked":"Blade Dance","floor":14.0},{"not_picked":["Unload","Die Die Die"],"picked":"Glass Knife","floor":16.0},{"not_picked":["Blur","Deflect"],"picked":"Finisher+1","floor":18.0},{"not_picked":["Calculated Gamble","Quick Slash","Cloak And Dagger"],"picked":"SKIP","floor":22.0},{"not_picked":["Cloak And Dagger","Slice","Prepared"],"picked":"SKIP","floor":27.0},{"not_picked":["Backflip+1","Poisoned Stab"],"picked":"Accuracy","floor":29.0},{"not_picked":["Bane","Bullet Time"],"picked":"Dash","floor":30.0},{"not_picked":["Infinite Blades","Flying Knee+1","Masterful Stab+1"],"picked":"SKIP","floor":31.0},{"not_picked":["Malaise","A Thousand Cuts"],"picked":"Burst","floor":33.0},{"not_picked":["Outmaneuver+1","Quick Slash+1"],"picked":"Dodge and Roll","floor":35.0},{"not_picked":["Quick Slash+1","Slice+1","PiercingWail"],"picked":"SKIP","floor":38.0},{"not_picked":["Slice+1","PiercingWail"],"picked":"Quick Slash+1","floor":38.0},{"not_picked":["Deadly Poison","Slice+1","Skewer+1"],"picked":"SKIP","floor":39.0},{"not_picked":["Dagger Spray+1","Deadly Poison+1"],"picked":"Acrobatics+1","floor":41.0},{"not_picked":["Underhanded Strike+1","Quick Slash+1","Corpse Explosion"],"picked":"SKIP","floor":45.0},{"not_picked":["Underhanded Strike+1","Corpse Explosion"],"picked":"Quick Slash+1","floor":45.0},{"not_picked":["Poisoned Stab+1","Eviscerate+1"],"picked":"Riddle With Holes+1","floor":47.0}],"player_experience":302534,"relics_obtained":[{"floor":7.0,"key":"Shuriken"},{"floor":9.0,"key":"Art of War"},{"floor":12.0,"key":"Smiling Mask"},{"floor":26.0,"key":"MawBank"},{"floor":30.0,"key":"Molten Egg 2"},{"floor":36.0,"key":"Whetstone"},{"floor":43.0,"key":"Pantograph"}],"event_choices":[{"cards_removed":["Strike_G"],"damage_healed":0.0,"max_hp_gain":0.0,"max_hp_loss":0.0,"gold_gain":0.0,"event_name":"Purifier","player_choice":"Purged","floor":3.0,"gold_loss":0.0,"damage_taken":0.0},{"damage_healed":0.0,"max_hp_gain":0.0,"max_hp_loss":0.0,"gold_gain":0.0,"event_name":"Shining Light","player_choice":"Entered Light","floor":11.0,"gold_loss":0.0,"damage_taken":14.0,"cards_upgraded":["Panache","Doppelganger"]},{"damage_healed":0.0,"max_hp_gain":5.0,"max_hp_loss":0.0,"gold_gain":0.0,"event_name":"Forgotten Altar","player_choice":"Shed Blood","floor":19.0,"gold_loss":0.0,"damage_taken":18.0},{"damage_healed":0.0,"max_hp_gain":0.0,"max_hp_loss":0.0,"gold_gain":0.0,"event_name":"Ghosts","player_choice":"Ignored","floor":20.0,"gold_loss":0.0,"damage_taken":0.0},{"damage_healed":0.0,"max_hp_gain":0.0,"max_hp_loss":0.0,"gold_gain":0.0,"event_name":"WeMeetAgain","player_choice":"Ignored","floor":24.0,"gold_loss":0.0,"damage_taken":0.0},{"damage_healed":0.0,"max_hp_gain":0.0,"max_hp_loss":0.0,"gold_gain":0.0,"event_name":"Upgrade Shrine","player_choice":"Upgraded","floor":37.0,"gold_loss":0.0,"damage_taken":0.0,"cards_upgraded":["Burst"]},{"cards_removed":["Quick Slash"],"damage_healed":0.0,"max_hp_gain":0.0,"max_hp_loss":0.0,"gold_gain":0.0,"event_name":"Falling","player_choice":"Removed Attack","floor":48.0,"gold_loss":0.0,"damage_taken":0.0}],"is_beta":false,"boss_relics":[{"not_picked":["Black Star","Pandora\u0027s Box"],"picked":"Ectoplasm"},{"not_picked":["Calling Bell","Orrery"],"picked":"Sozu"}],"items_purged_floors":[21],"is_endless":false,"potions_floor_spawned":[2,4,14,22,29,35,39,45,47],"ascension_level":11}