{"gold_per_floor":[19,33,53,228,74,74,92,127,152,152,183,183,183,201,201,298,298,314,325,51,70,70,70,83,114,114,114,147,147,175,205,205,306,306,320,336,385,396,396,430,430,446,473,473,484,232,259,277,277,277],"floor_reached":51,"playtime":2912,"items_purged":["Doubt","Pain"],"score":815,"play_id":"4298ad21-30cc-4251-83b6-04ca8c5a6a54","local_time":"20181002212951","is_ascension_mode":false,"campfire_choices":[{"data":"True Grit","floor":6.0,"key":"SMITH"},{"data":"Blood for Blood","floor":10.0,"key":"SMITH"},{"data":"Havoc","floor":13.0,"key":"SMITH"},{"data":"Clothesline","floor":15.0,"key":"SMITH"},{"floor":27.0,"key":"REST"},{"floor":32.0,"key":"REST"},{"floor":41,"key":"REST"},{"floor":49,"key":"REST"}],"neow_cost":"NO_GOLD","seed_source_timestamp":0,"circlet_count":0,"master_deck":["Defend_R","Defend_R","Defend_R","Defend_R","Bash+1","Clothesline+1","True Grit+1","Shockwave","Pommel Strike","Warcry","Havoc+1","Whirlwind","Impervious","Inflame","Inflame","Shrug It Off","Bite","Bite","Bite+1","Bite","Bite","Shrug It Off+1","Headbutt+1","Rupture+1","Combust+1","Pummel","Feed","Iron Wave","Pommel Strike+1","Dropkick+1","Metallicize+1","Shrug It Off","Carnage","Flame Barrier"],"special_seed":0,"relics":["Burning Blood","PreservedInsect","Ancient Tea Set","Anchor","WarpedTongs","Fusion Hammer","Oddly Smooth Stone","Juzu Bracelet","Frozen Egg 2","Pen Nib","Red Mask","Sundial","Velvet Choker","Charon\u0027s Ashes","Du-Vu Doll","Lantern","Art of War","Whetstone"],"potions_floor_usage":[40,50],"damage_taken":[{"damage":11.0,"enemies":"Jaw Worm","floor":1.0,"turns":5.0},{"damage":0.0,"enemies":"Small Slimes","floor":2.0,"turns":3.0},{"damage":5.0,"enemies":"2 Louse","floor":3.0,"turns":2.0},{"damage":11.0,"enemies":"Lots of Slimes","floor":7.0,"turns":5.0},{"damage":16.0,"enemies":"Lagavulin","floor":8.0,"turns":7.0},{"damage":10.0,"enemies":"Gremlin Nob","floor":11.0,"turns":3.0},{"damage":2.0,"enemies":"3 Louse","floor":14.0,"turns":3.0},{"damage":30.0,"enemies":"Hexaghost","floor":16.0,"turns":7.0},{"damage":10.0,"enemies":"Shell Parasite","floor":18.0,"turns":5.0},{"damage":1.0,"enemies":"Chosen","floor":19.0,"turns":4.0},{"damage":12.0,"enemies":"Snake Plant","floor":21.0,"turns":5.0},{"damage":15.0,"enemies":"Shelled Parasite and Fungi","floor":24.0,"turns":5.0},{"damage":1.0,"enemies":"Gremlin Leader","floor":25.0,"turns":5.0},{"damage":5.0,"enemies":"Slavers","floor":28.0,"turns":5.0},{"damage":7.0,"enemies":"Masked Bandits","floor":30.0,"turns":3.0},{"damage":16.0,"enemies":"Book of Stabbing","floor":31.0,"turns":5.0},{"damage":44.0,"enemies":"Automaton","floor":33.0,"turns":7.0},{"damage":17.0,"enemies":"Orb Walker","floor":35.0,"turns":3.0},{"damage":6.0,"enemies":"3 Shapes","floor":36.0,"turns":3.0},{"damage":20.0,"enemies":"Mysterious Sphere","floor":37.0,"turns":5.0},{"damage":15,"enemies":"3 Darklings","floor":38,"turns":5},{"damage":3,"enemies":"Mind Bloom Boss Battle","floor":39,"turns":4},{"damage":20,"enemies":"Nemesis","floor":40,"turns":3},{"damage":13,"enemies":"Spire Growth","floor":42,"turns":4},{"damage":26,"enemies":"Maw","floor":45,"turns":8},{"damage":3,"enemies":"Giant Head","floor":47,"turns":6},{"damage":19,"enemies":"4 Shapes","floor":48,"turns":4},{"damage":3,"enemies":"Awakened One","floor":50,"turns":18}],"seed_played":"1702224898325664812","potions_obtained":[{"floor":2.0,"key":"Regen Potion"},{"floor":7.0,"key":"AttackPotion"},{"floor":8.0,"key":"Dexterity Potion"},{"floor":11.0,"key":"LiquidBronze"},{"floor":14.0,"key":"Strength Potion"},{"floor":18.0,"key":"Dexterity Potion"},{"floor":25.0,"key":"Block Potion"},{"floor":28.0,"key":"Strength Potion"},{"floor":30.0,"key":"LiquidBronze"},{"floor":35.0,"key":"BloodPotion"},{"floor":38,"key":"LiquidBronze"},{"floor":42,"key":"BloodPotion"}],"is_trial":false,"path_per_floor":["M","M","M","?","$","R","M","E","T","R","?","?","R","M","R","B",null,"M","M","$","M","?","?","M","E","T","R","E","?","?","E","R","B",null,"M","M","?","M","?","E","R","M","T","?","M","$","E","M","R","B"],"character_chosen":"IRONCLAD","items_purchased":["Shockwave","Oddly Smooth Stone","Inflame","Shrug It Off","Flame Barrier","EssenceOfSteel"],"campfire_rested":4,"item_purchase_floors":[5,20,20,20,46,46],"current_hp_per_floor":[91,96,96,96,96,96,91,81,81,81,77,77,77,81,81,57,96,92,96,96,90,67,67,66,67,67,67,67,67,66,60,67,32,67,60,62,56,56,66,57,70,64,64,64,54,54,63,57,70,70],"gold":277,"neow_bonus":"TWENTY_PERCENT_HP_BONUS","is_prod":false,"is_daily":false,"chose_seed":false,"campfire_upgraded":4,"win_rate":0,"timestamp":1538540991,"path_taken":["M","M","M","?","$","R","M","E","T","R","?","?","R","M","R","BOSS","M","M","$","M","?","?","M","E","T","R","E","?","?","E","R","BOSS","M","M","?","M","?","E","R","M","T","?","M","$","E","M","R","BOSS"],"build_version":"2018-09-27","purchased_purges":2,"victory":true,"max_hp_per_floor":[96,96,96,96,96,96,96,96,96,96,96,96,96,96,96,96,96,96,96,96,96,67,67,67,67,67,67,67,67,67,67,67,67,67,67,67,67,67,70,70,70,70,70,70,70,70,70,70,70,70],"card_choices":[{"not_picked":["Wild Strike","Iron Wave"],"picked":"Clothesline","floor":1.0},{"not_picked":["Sword Boomerang","Hemokinesis"],"picked":"Blood for Blood","floor":2.0},{"not_picked":["Perfected Strike","Fire Breathing"],"picked":"True Grit","floor":3.0},{"not_picked":["Flex","Anger"],"picked":"Pommel Strike","floor":7.0},{"not_picked":["Clothesline","Burning Pact"],"picked":"Warcry","floor":8.0},{"not_picked":["Cleave","Dark Embrace"],"picked":"Havoc","floor":11.0},{"not_picked":["Cleave","Warcry"],"picked":"Whirlwind","floor":14.0},{"not_picked":["Exhume","Juggernaut"],"picked":"Impervious","floor":16.0},{"not_picked":["Fire Breathing","Perfected Strike+1"],"picked":"Inflame","floor":18.0},{"not_picked":["Clash","Second Wind","Thunderclap"],"picked":"SKIP","floor":19.0},{"not_picked":["Pommel Strike","Anger"],"picked":"Headbutt","floor":21.0},{"not_picked":["Thunderclap+1","Entrench"],"picked":"Shrug It Off+1","floor":24.0},{"not_picked":["Juggernaut","Pommel Strike"],"picked":"Headbutt+1","floor":25.0},{"not_picked":["Armaments","Thunderclap+1","Flex"],"picked":"SKIP","floor":28.0},{"not_picked":["Havoc","Body Slam"],"picked":"Combust+1","floor":30.0},{"not_picked":["Clothesline","Anger"],"picked":"Pummel","floor":31.0},{"not_picked":["Juggernaut+1","Immolate"],"picked":"Feed","floor":33.0},{"not_picked":["Clash+1","Thunderclap+1"],"picked":"Iron Wave","floor":35.0},{"not_picked":["Anger","Corruption+1","Flex"],"picked":"SKIP","floor":36.0},{"not_picked":["Brutality+1","True Grit"],"picked":"Pommel Strike+1","floor":38},{"not_picked":["Infernal Blade+1","Burning Pact"],"picked":"Dropkick+1","floor":39},{"not_picked":["Thunderclap+1","Anger"],"picked":"Metallicize+1","floor":40},{"not_picked":["Entrench","Headbutt+1"],"picked":"Shrug It Off","floor":42},{"not_picked":["Bludgeon","Inflame+1"],"picked":"Carnage","floor":45},{"not_picked":["Corruption+1","Infernal Blade+1","Cleave+1"],"picked":"SKIP","floor":47},{"not_picked":["True Grit","Whirlwind+1","Second Wind"],"picked":"SKIP","floor":48}],"player_experience":849238,"relics_obtained":[{"floor":8.0,"key":"PreservedInsect"},{"floor":9.0,"key":"Ancient Tea Set"},{"floor":11.0,"key":"Anchor"},{"floor":25.0,"key":"Juzu Bracelet"},{"floor":26.0,"key":"Frozen Egg 2"},{"floor":28.0,"key":"Pen Nib"},{"floor":30.0,"key":"Red Mask"},{"floor":31.0,"key":"Sundial"},{"floor":37.0,"key":"Charon\u0027s Ashes"},{"floor":39,"key":"Du-Vu Doll"},{"floor":40,"key":"Lantern"},{"floor":43,"key":"Art of War"},{"floor":47,"key":"Whetstone"}],"event_choices":[{"event_name":"Liars Game","player_choice":"agreed","floor":4.0,"damage_taken":0.0},{"event_name":"Dead Adventurer","player_choice":"Searched \u00272\u0027 times","floor":11.0,"damage_taken":0.0},{"event_name":"Accursed Blacksmith","player_choice":"Rummage","floor":12.0,"damage_taken":0.0},{"event_name":"Vampires","player_choice":"Became a vampire","floor":22.0,"damage_taken":0.0},{"event_name":"Ghosts","player_choice":"Ignored","floor":23.0,"damage_taken":0.0},{"event_name":"Transmorgrifier","player_choice":"Transform","floor":29.0,"damage_taken":0.0},{"event_name":"Masked Bandits","player_choice":"Fought Bandits","floor":30.0,"damage_taken":0.0},{"event_name":"Mysterious Sphere","player_choice":"Fight","floor":37.0,"damage_taken":0.0},{"event_name":"MindBloom","player_choice":"Fight","floor":39,"damage_taken":0},{"event_name":"Falling","player_choice":"Removed Attack","floor":44,"damage_taken":0}],"is_beta":false,"boss_relics":[{"not_picked":["Busted Crown","White Beast Statue"],"picked":"Fusion Hammer"},{"not_picked":["Astrolabe","Runic Cube"],"picked":"Velvet Choker"}],"items_purged_floors":[5,46],"is_endless":false,"potions_floor_spawned":[2,7,8,11,14,18,25,28,30,35,38,42,47],"ascension_level":0}