{"gold_per_floor":[109,119,119,139,151,151,184,64,111,122,122,157,170,170,170,272,272,284,3,27,27,27,27,54,72,96,123,123,139,150,180,180,278,278,295,51,62,284,284,284,302,328,405,405,415,415,444,444,444,444],"floor_reached":51,"playtime":4278,"items_purged":["Strike_G","Strike_G"],"score":1017,"play_id":"e811ce36-ece2-43e9-a75f-3d9be951dd1a","local_time":"20190201173817","is_ascension_mode":true,"campfire_choices":[{"data":"Dodge and Roll","floor":6.0,"key":"SMITH"},{"data":"Backflip","floor":11.0,"key":"SMITH"},{"floor":15.0,"key":"REST"},{"data":"Footwork","floor":23.0,"key":"SMITH"},{"floor":28.0,"key":"REST"},{"floor":32.0,"key":"REST"},{"data":"Footwork","floor":40.0,"key":"SMITH"},{"data":"Burst","floor":44,"key":"SMITH"},{"floor":46,"key":"REST"},{"floor":49,"key":"RECALL"}],"neow_cost":"NONE","seed_source_timestamp":22144755887947,"circlet_count":0,"master_deck":["Defend_G+1","Defend_G+1","Defend_G+1","Defend_G+1","Defend_G+1","Strike_G+1","Strike_G+1","Strike_G+1","Survivor+1","Neutralize+1","Dodge and Roll+1","All Out Attack+1","Underhanded Strike+1","PiercingWail+1","Backflip+1","Well Laid Plans+1","Slice+1","Unload+1","Footwork+1","Deflect+1","Footwork+1","Quick Slash+1","Burst+1","Dagger Spray+1","All Out Attack+1","Cloak And Dagger+1","Blur+1"],"special_seed":0,"relics":["Ring of the Serpent","Blue Candle","Anchor","Happy Flower","WingedGreaves","Shuriken","Busted Crown","Dream Catcher","Question Card","Snake Skull","Incense Burner","Red Mask","Blood Vial","Regal Pillow","Gremlin Horn","Smiling Mask","Mark of the Bloom"],"potions_floor_usage":[42,50,50],"damage_taken":[{"damage":0.0,"enemies":"Cultist","floor":1.0,"turns":4.0},{"damage":2.0,"enemies":"Small Slimes","floor":2.0,"turns":6.0},{"damage":0.0,"enemies":"Jaw Worm","floor":4.0,"turns":4.0},{"damage":5.0,"enemies":"Blue Slaver","floor":5.0,"turns":4.0},{"damage":20.0,"enemies":"3 Sentries","floor":7.0,"turns":10.0},{"damage":0.0,"enemies":"2 Fungi Beasts","floor":10.0,"turns":4.0},{"damage":16.0,"enemies":"Lagavulin","floor":12.0,"turns":11.0},{"damage":2.0,"enemies":"Exordium Wildlife","floor":13.0,"turns":5.0},{"damage":35.0,"enemies":"Slime Boss","floor":16.0,"turns":15.0},{"damage":14.0,"enemies":"Chosen","floor":18.0,"turns":7.0},{"damage":29.0,"enemies":"Gremlin Leader","floor":24.0,"turns":12.0},{"damage":1.0,"enemies":"Spheric Guardian","floor":25.0,"turns":6.0},{"damage":0.0,"enemies":"Book of Stabbing","floor":27.0,"turns":8.0},{"damage":0.0,"enemies":"Centurion and Healer","floor":29.0,"turns":10.0},{"damage":2.0,"enemies":"Cultist and Chosen","floor":30.0,"turns":10.0},{"damage":9.0,"enemies":"Masked Bandits","floor":31.0,"turns":8.0},{"damage":16.0,"enemies":"Automaton","floor":33.0,"turns":15.0},{"damage":3.0,"enemies":"3 Darklings","floor":35.0,"turns":7.0},{"damage":0.0,"enemies":"3 Shapes","floor":37.0,"turns":4.0},{"damage":14.0,"enemies":"Transient","floor":41.0,"turns":5.0},{"damage":17,"enemies":"Giant Head","floor":42,"turns":10},{"damage":0,"enemies":"Spire Growth","floor":45,"turns":7},{"damage":0,"enemies":"Nemesis","floor":47,"turns":9},{"damage":7,"enemies":"Donu and Deca","floor":50,"turns":11}],"seed_played":"4873642086090458679","potions_obtained":[{"floor":1.0,"key":"Regen Potion"},{"floor":2.0,"key":"Swift Potion"},{"floor":12.0,"key":"Swift Potion"},{"floor":13.0,"key":"GhostInAJar"},{"floor":24.0,"key":"PowerPotion"},{"floor":25.0,"key":"Weak Potion"},{"floor":27.0,"key":"Dexterity Potion"},{"floor":35.0,"key":"Swift Potion"},{"floor":45,"key":"Strength Potion"}],"is_trial":false,"path_per_floor":["M","M","?","M","M","R","E","$","T","M","R","E","M","?","R","B",null,"M","$","T","$","?","R","E","M","T","E","R","M","M","?","R","B",null,"M","$","M","?","?","R","M","E","T","R","M","R","E","?","R","B",null],"character_chosen":"THE_SILENT","items_purchased":["Backflip","Footwork","Deflect","Fire Potion","Dagger Spray","Blood Vial","Strength Potion"],"campfire_rested":4,"item_purchase_floors":[8,19,19,19,36,36,36],"current_hp_per_floor":[63,61,61,61,56,56,36,36,36,36,36,20,18,18,39,4,54,40,40,40,40,40,40,11,10,10,25,46,46,44,35,56,40,63,60,60,62,62,62,62,50,35,35,35,37,70,70,70,70,63],"gold":444,"neow_bonus":"UPGRADE_CARD","is_prod":false,"is_daily":false,"chose_seed":false,"campfire_upgraded":5,"win_rate":0,"timestamp":1549039097,"path_taken":["M","M","?","?","M","R","E","$","T","M","R","E","?","?","R","BOSS","M","$","?","?","?","R","E","M","T","E","R","?","M","?","R","BOSS","M","$","M","?","?","R","?","E","T","R","M","R","E","?","R","BOSS"],"build_version":"2019-01-23","purchased_purges":2,"victory":true,"max_hp_per_floor":[70,70,70,70,70,70,70,70,70,70,70,70,70,70,70,70,70,70,70,70,70,70,70,70,70,70,70,70,70,70,70,70,70,70,70,70,70,70,70,70,70,70,70,70,70,70,70,70,70,70],"card_choices":[{"not_picked":["Crippling Poison","Masterful Stab"],"picked":"Dodge and Roll","floor":1.0},{"not_picked":["Sucker Punch","Calculated Gamble"],"picked":"All Out Attack","floor":2.0},{"not_picked":["Dagger Spray","Sucker Punch"],"picked":"Underhanded Strike","floor":4.0},{"not_picked":["Skewer","Expertise","Bane"],"picked":"SKIP","floor":5.0},{"not_picked":["Dodge and Roll","Slice"],"picked":"PiercingWail","floor":7.0},{"not_picked":["Burst","Dash"],"picked":"Well Laid Plans","floor":10.0},{"not_picked":["Caltrops","Well Laid Plans"],"picked":"Escape Plan","floor":12.0},{"not_picked":["Dagger Spray","Outmaneuver"],"picked":"Slice","floor":13.0},{"not_picked":["Venomology","Storm of Steel"],"picked":"Unload","floor":16.0},{"not_picked":["Acrobatics"],"picked":"SKIP","floor":18.0},{"not_picked":["Flying Knee"],"picked":"SKIP","floor":24.0},{"not_picked":["Tactician+1","Backflip"],"picked":"SKIP","floor":25.0},{"not_picked":["Eviscerate","Predator+1"],"picked":"SKIP","floor":27.0},{"not_picked":["Eviscerate","Predator+1"],"picked":"SKIP","floor":27.0},{"not_picked":["Bane","Flying Knee+1"],"picked":"SKIP","floor":29.0},{"not_picked":["Poisoned Stab","Crippling Poison"],"picked":"SKIP","floor":30.0},{"not_picked":["Deadly Poison+1"],"picked":"Quick Slash+1","floor":32.0},{"not_picked":["Unload"],"picked":"Burst","floor":33.0},{"not_picked":["Outmaneuver+1","Choke+1"],"picked":"SKIP","floor":35.0},{"not_picked":["Dagger Spray+1","Accuracy"],"picked":"SKIP","floor":37.0},{"not_picked":["Dash","Dagger Throw+1"],"picked":"SKIP","floor":41.0},{"not_picked":["Poisoned Stab+1"],"picked":"All Out Attack+1","floor":42},{"not_picked":["Acrobatics"],"picked":"Cloak And Dagger+1","floor":45},{"not_picked":["Flying Knee"],"picked":"Blur+1","floor":46},{"not_picked":["Well Laid Plans+1","Concentrate+1"],"picked":"SKIP","floor":47}],"player_experience":236487,"relics_obtained":[{"floor":7.0,"key":"Anchor"},{"floor":9.0,"key":"Happy Flower"},{"floor":12.0,"key":"WingedGreaves"},{"floor":14.0,"key":"Shuriken"},{"floor":20.0,"key":"Dream Catcher"},{"floor":24.0,"key":"Question Card"},{"floor":26.0,"key":"Snake Skull"},{"floor":27.0,"key":"Incense Burner"},{"floor":31.0,"key":"Red Mask"},{"floor":42,"key":"Regal Pillow"},{"floor":43,"key":"Gremlin Horn"},{"floor":47,"key":"Smiling Mask"}],"event_choices":[{"damage_healed":0.0,"max_hp_gain":0.0,"max_hp_loss":0.0,"gold_gain":0.0,"event_name":"WeMeetAgain","player_choice":"Gave Potion","floor":3.0,"gold_loss":0.0,"damage_taken":0.0,"relics_obtained":["Blue Candle"]},{"damage_healed":0.0,"max_hp_gain":0.0,"max_hp_loss":0.0,"gold_gain":0.0,"event_name":"Wheel of Change","player_choice":"Relic","floor":14.0,"gold_loss":0.0,"damage_taken":0.0},{"damage_healed":0.0,"max_hp_gain":0.0,"max_hp_loss":0.0,"gold_gain":0.0,"event_name":"Duplicator","player_choice":"Copied","floor":22.0,"gold_loss":0.0,"damage_taken":0.0,"cards_obtained":["Footwork"]},{"damage_healed":0.0,"max_hp_gain":0.0,"max_hp_loss":0.0,"gold_gain":0.0,"event_name":"Masked Bandits","player_choice":"Fought Bandits","floor":31.0,"gold_loss":0.0,"damage_taken":0.0},{"damage_healed":0.0,"max_hp_gain":0.0,"max_hp_loss":0.0,"gold_gain":222.0,"event_name":"Tomb of Lord Red Mask","player_choice":"Wore Mask","floor":38.0,"gold_loss":0.0,"damage_taken":0.0},{"cards_removed":["Escape Plan"],"damage_healed":0.0,"max_hp_gain":0.0,"max_hp_loss":0.0,"gold_gain":0.0,"event_name":"Falling","player_choice":"Removed Skill","floor":39.0,"gold_loss":0.0,"damage_taken":0.0},{"damage_healed":0,"gold_gain":0,"player_choice":"Upgrade","damage_taken":0,"relics_obtained":["Mark of the Bloom"],"max_hp_gain":0,"max_hp_loss":0,"event_name":"MindBloom","floor":48,"gold_loss":0,"cards_upgraded":["Defend_G","Defend_G","Defend_G","Defend_G","Defend_G","Strike_G","Strike_G","Strike_G","Survivor","All Out Attack","Underhanded Strike","PiercingWail","Well Laid Plans","Slice","Unload","Deflect","Dagger Spray"]}],"is_beta":false,"boss_relics":[{"not_picked":["Snecko Eye","Runic Pyramid"],"picked":"Busted Crown"},{"not_picked":["Pandora\u0027s Box","WristBlade"],"picked":"Ring of the Serpent"}],"items_purged_floors":[8,19],"is_endless":false,"potions_floor_spawned":[1,2,12,13,24,25,27,31,35,45],"ascension_level":7}