{"gold_per_floor":[111,121,23,36,36,36,62,62,62,62,62,3,3,36,36,110,110,123,123,142,14,26,26,26],"floor_reached":24,"playtime":1053,"items_purged":["Strike_G"],"score":364,"play_id":"825e3868-8f39-41cf-bd1e-aae587d5759d","local_time":"20190224150440","is_ascension_mode":true,"campfire_choices":[{"data":"Poisoned Stab","floor":6.0,"key":"SMITH"},{"data":"Night Terror","floor":8.0,"key":"SMITH"},{"floor":10.0,"key":"REST"},{"data":"Neutralize","floor":13.0,"key":"SMITH"},{"data":"Cloak And Dagger","floor":15.0,"key":"SMITH"},{"data":"Wraith Form v2","floor":23.0,"key":"SMITH"}],"neow_cost":"NONE","seed_source_timestamp":492629055509603,"circlet_count":0,"master_deck":["AscendersBane","Defend_G","Defend_G","Defend_G","Defend_G","Defend_G","Strike_G","Strike_G","Strike_G","Strike_G","Survivor","Neutralize+1","Poisoned Stab+1","Finesse","Dagger Spray","Night Terror+1","Cloak And Dagger+1","Escape Plan","Wraith Form v2+1","Terror+1","Dash+1","Leg Sweep"],"special_seed":0,"relics":["Ring of the Snake","NeowsBlessing","WingedGreaves","Blue Candle","Strawberry","Coffee Dripper"],"potions_floor_usage":[24],"damage_taken":[{"damage":0.0,"enemies":"Cultist","floor":1.0,"turns":1.0},{"damage":0.0,"enemies":"2 Louse","floor":2.0,"turns":1.0},{"damage":0.0,"enemies":"Jaw Worm","floor":4.0,"turns":1.0},{"damage":46.0,"enemies":"Lagavulin","floor":7.0,"turns":8.0},{"damage":32.0,"enemies":"3 Sentries","floor":14.0,"turns":8.0},{"damage":14.0,"enemies":"Hexaghost","floor":16.0,"turns":10.0},{"damage":2.0,"enemies":"Chosen","floor":18.0,"turns":6.0},{"damage":25.0,"enemies":"2 Thieves","floor":20.0,"turns":4.0},{"damage":14.0,"enemies":"Chosen and Byrds","floor":22.0,"turns":5.0},{"damage":24,"enemies":"Gremlin Leader","floor":24,"turns":9}],"seed_played":"-5329747687453852607","potions_obtained":[{"floor":4.0,"key":"Regen Potion"},{"floor":11.0,"key":"SneckoOil"},{"floor":11.0,"key":"FearPotion"},{"floor":22.0,"key":"SkillPotion"}],"is_trial":false,"path_per_floor":["M","M","$","M","$","R","E","R","T","R","?","$","R","E","R","B",null,"M","?","M","$","M","R","E"],"character_chosen":"THE_SILENT","items_purchased":["Finesse","Cloak And Dagger","AttackPotion"],"campfire_rested":1,"item_purchase_floors":[3,12,21],"current_hp_per_floor":[59,59,59,59,59,59,26,26,26,45,45,45,45,20,20,6,56,54,54,29,29,15,15,0],"gold":26,"neow_bonus":"THREE_ENEMY_KILL","is_prod":false,"is_daily":false,"chose_seed":false,"campfire_upgraded":5,"win_rate":0,"timestamp":1551017080,"path_taken":["M","M","$","?","$","R","E","R","T","R","?","?","R","E","R","BOSS","M","?","M","$","M","R","E"],"build_version":"2019-01-23","purchased_purges":1,"victory":false,"max_hp_per_floor":[66,66,66,66,66,66,66,66,66,66,66,66,66,73,73,73,73,73,73,73,73,73,73,73],"card_choices":[{"not_picked":["Slice","Calculated Gamble","Terror"],"picked":"SKIP","floor":1.0},{"not_picked":["Slice","Calculated Gamble","Terror"],"picked":"SKIP","floor":1.0},{"not_picked":["Expertise","Bane"],"picked":"Poisoned Stab","floor":2.0},{"not_picked":["Dodge and Roll","Riddle With Holes"],"picked":"Dagger Spray","floor":4.0},{"not_picked":["PiercingWail","Tactician"],"picked":"Night Terror","floor":7.0},{"not_picked":["Dagger Throw","Endless Agony"],"picked":"Escape Plan","floor":14.0},{"not_picked":["Venomology","Phantasmal Killer"],"picked":"Wraith Form v2","floor":16.0},{"not_picked":["Poisoned Stab","Dodge and Roll"],"picked":"Terror+1","floor":18.0},{"not_picked":["Dagger Spray+1","Blade Dance"],"picked":"Dash+1","floor":20.0},{"not_picked":["Poisoned Stab","Backflip"],"picked":"Leg Sweep","floor":22.0}],"player_experience":410067,"relics_obtained":[{"floor":7.0,"key":"WingedGreaves"},{"floor":9.0,"key":"Blue Candle"},{"floor":14.0,"key":"Strawberry"}],"event_choices":[{"damage_healed":0.0,"max_hp_gain":0.0,"max_hp_loss":0.0,"gold_gain":0.0,"event_name":"Lab","player_choice":"Got Potions","floor":11.0,"gold_loss":0.0,"damage_taken":0.0},{"damage_healed":0.0,"max_hp_gain":0.0,"max_hp_loss":0.0,"gold_gain":0.0,"event_name":"Beggar","player_choice":"Ignored","floor":19.0,"gold_loss":0.0,"damage_taken":0.0}],"is_beta":false,"boss_relics":[{"not_picked":["Lizard Tail","HoveringKite"],"picked":"Coffee Dripper"}],"items_purged_floors":[21],"is_endless":false,"potions_floor_spawned":[4,22],"killed_by":"Gremlin Leader","ascension_level":16}