{"path_per_floor":["M","?","$","?","?","E","M","R","T","M","M","M","E","M","R"],"character_chosen":"IRONCLAD","items_purchased":["Flex","Anger"],"gold_per_floor":[19,79,2,77,77,111,135,135,135,153,167,182,520,539,539],"floor_reached":16,"campfire_rested":1,"playtime":1946,"current_hp_per_floor":[80,80,80,69,69,50,55,55,55,61,57,59,38,37,61],"items_purged":[],"gold":539,"score":112,"play_id":"37bc29a6-ceb7-4855-9768-8fe0ed2ac739","is_prod":false,"is_daily":false,"is_ascension_mode":false,"campfire_upgraded":1,"path_taken":["M","?","$","?","?","E","M","R","T","M","M","?","E","M","R","BOSS"],"build_version":"2018-02-15-PROD1","purchased_purges":0,"victory":false,"master_deck":["Strike_R","Strike_R","Strike_R","Strike_R","Strike_R","Defend_R","Defend_R","Defend_R","Defend_R+1","Bash","Blood for Blood","Flex+1","Anger+1","Injury","Dropkick","Impervious","Armaments","Flex","Anger","Anger","Infernal Blade"],"max_hp_per_floor":[80,80,80,80,80,80,80,80,80,80,80,80,80,80,80],"relics":["Burning Blood","Champion Belt","Golden Idol","War Paint","Unceasing Top","Old Coin"],"card_choices":[{"not_picked":["Whirlwind","Battle Trance"],"picked":"Blood for Blood"},{"not_picked":["Bloodletting","True Grit"],"picked":"Dropkick"},{"not_picked":["Bloodletting","Second Wind"],"picked":"Impervious"},{"not_picked":["Shrug It Off","True Grit"],"picked":"Armaments"},{"not_picked":["Twin Strike","Disarm"],"picked":"Flex"},{"not_picked":["Pommel Strike","Thunderclap"],"picked":"Anger"},{"not_picked":["Clash","Iron Wave"],"picked":"Anger"},{"not_picked":["Dual Wield","Rupture"],"picked":"Infernal Blade"}],"player_experience":4153,"potions_floor_usage":[16,16,16],"damage_taken":[{"damage":1,"enemies":"Small Slimes","floor":1,"turns":5},{"damage":25,"enemies":"3 Sentries","floor":6,"turns":10},{"damage":1,"enemies":"Jaw Worm","floor":7,"turns":3},{"damage":0,"enemies":"2 Louse","floor":10,"turns":2},{"damage":10,"enemies":"Large Slime","floor":11,"turns":8},{"damage":4,"enemies":"Exordium Wildlife","floor":12,"turns":7},{"damage":27,"enemies":"Gremlin Nob","floor":13,"turns":5},{"damage":7,"enemies":"Blue Slaver","floor":14,"turns":4},{"damage":89,"enemies":"Hexaghost","floor":16,"turns":15}],"event_choices":[{"event_name":"Golden Wing","player_choice":"Gained Gold","floor":2,"damage_taken":0},{"event_name":"World of Goop","player_choice":"Gather Gold","floor":4,"damage_taken":0},{"event_name":"Golden Idol","player_choice":"Take Wound","floor":5,"damage_taken":0}],"boss_relics":[],"potions_floor_spawned":[1,10,14],"seed_played":"16981937022963172","killed_by":"Hexaghost","ascension_level":0,"is_trial":false}