{"path_per_floor":["M","?","?","?","?","E","R","M","T","M","E","M","M","$","R","B",null,"M","?","M","?"],"character_chosen":"IRONCLAD","items_purchased":["Metallicize"],"gold_per_floor":[117,117,117,117,117,150,150,166,234,247,279,291,304,153,153,249,249,269,269,284,284,284],"floor_reached":22,"campfire_rested":2,"playtime":1359,"current_hp_per_floor":[80,73,57,57,57,24,48,54,54,59,50,56,51,51,75,39,80,57,57,46,46,0],"items_purged":["Strike_R"],"gold":284,"score":249,"play_id":"3bf26991-c1f9-4c53-b386-70a1eb068298","local_time":"20180331204240","is_prod":false,"is_daily":false,"is_ascension_mode":true,"campfire_upgraded":0,"timestamp":1522554160,"path_taken":["M","?","?","?","?","E","R","M","T","M","E","M","M","$","R","BOSS","M","?","M","?","M"],"build_version":"2018-03-29v2","purchased_purges":1,"victory":false,"master_deck":["Bash+1","Dual Wield","Twin Strike","Clothesline","Shrug It Off","Flex","Metallicize","Berserk","Disarm","Warcry","Warcry","Uppercut","Headbutt","Cleave","Entrench","Bite","Bite","Bite","Bite","Bite"],"max_hp_per_floor":[80,80,80,80,80,80,80,80,80,80,80,80,80,80,80,80,80,80,80,80,56,56],"relics":["Burning Blood","Juzu Bracelet","Question Card","Darkstone Periapt","Meat on the Bone","Pandora\u0027s Box"],"card_choices":[{"not_picked":["Warcry","True Grit","Armaments"],"picked":"Twin Strike","floor":8},{"not_picked":["Brutality","Clash","Perfected Strike"],"picked":"Clothesline","floor":10},{"not_picked":["Thunderclap","Twin Strike","Pummel"],"picked":"Shrug It Off","floor":11},{"not_picked":["Headbutt","Twin Strike","Infernal Blade"],"picked":"Flex","floor":12},{"not_picked":["Brutality","Impervious","Immolate"],"picked":"Berserk","floor":16},{"not_picked":["Rupture","Ghostly Armor","Sword Boomerang"],"picked":"Cleave","floor":18}],"player_experience":213282,"potions_floor_usage":[16,16],"damage_taken":[{"damage":2,"enemies":"Small Slimes","floor":1,"turns":4},{"damage":39,"enemies":"3 Sentries","floor":6,"turns":11},{"damage":0,"enemies":"2 Louse","floor":8,"turns":4},{"damage":1,"enemies":"Cultist","floor":10,"turns":3},{"damage":15,"enemies":"Gremlin Nob","floor":11,"turns":4},{"damage":0,"enemies":"Looter","floor":12,"turns":3},{"damage":23,"enemies":"Exordium Thugs","floor":13,"turns":6},{"damage":54,"enemies":"Slime Boss","floor":16,"turns":14},{"damage":41,"enemies":"Chosen","floor":18,"turns":6},{"damage":29,"enemies":"Shell Parasite","floor":20,"turns":8},{"damage":51,"enemies":"Snake Plant","floor":22,"turns":4}],"event_choices":[{"event_name":"Scrap Ooze","player_choice":"success","floor":2,"damage_taken":7},{"event_name":"Shining Light","player_choice":"Entered Light","floor":3,"damage_taken":0},{"event_name":"Upgrade Shrine","player_choice":"Upgraded","floor":4,"damage_taken":0},{"event_name":"Living Wall","player_choice":"Change","floor":5,"damage_taken":0},{"event_name":"Transmorgrifier","player_choice":"Transform","floor":19,"damage_taken":0},{"event_name":"Vampires","player_choice":"Became a vampire","floor":21,"damage_taken":0}],"boss_relics":[{"not_picked":["Tiny House","Black Star"],"picked":"Pandora\u0027s Box"}],"potions_floor_spawned":[6,8,20],"seed_played":"1264851371994357150","killed_by":"Snake Plant","ascension_level":3,"is_trial":false}