{"gold_per_floor":[117,132,132,132,22,22,38,70,70,96,116,116,148,160,160,262,262,273,254,254,271,271,300,300,300,300,300,318,32,43,77,77,182,182,200,220,220,239,255,284,297,297,297,323,340,367,383,402,402,402],"floor_reached":51,"playtime":4296,"items_purged":["Regret","Strike_G"],"score":851,"play_id":"d0e34748-5172-4de8-9379-c8774c56ead7","local_time":"20181010153928","is_ascension_mode":false,"campfire_choices":[{"data":"Footwork","floor":6.0,"key":"SMITH"},{"data":"Tools of the Trade","floor":12.0,"key":"SMITH"},{"data":"Envenom","floor":15.0,"key":"SMITH"},{"data":"Footwork","floor":25.0,"key":"SMITH"},{"data":"Dash","floor":27.0,"key":"SMITH"},{"data":"A Thousand Cuts","floor":32.0,"key":"SMITH"},{"data":"Malaise","floor":42.0,"key":"SMITH"},{"data":"Burst","floor":49,"key":"SMITH"}],"neow_cost":"NONE","seed_source_timestamp":0,"circlet_count":0,"master_deck":["Defend_G","Defend_G","Defend_G","Defend_G","Defend_G+1","Strike_G+1","Strike_G+1","Survivor","Neutralize","Poisoned Stab","Dodge and Roll","Deflect","Heel Hook","Footwork+1","Cloak And Dagger","Tools of the Trade+1","Crippling Poison+1","Deadly Poison","Dash+1","Envenom+1","Burst+1","Backflip","Prepared","Footwork+1","A Thousand Cuts+1","Escape Plan+1","Envenom","Deadly Poison","Dash+1","Pain","Calculated Gamble+1","Cloak And Dagger+1","Malaise+1","Backflip","Sucker Punch+1"],"special_seed":0,"relics":["Ring of the Snake","Ornamental Fan","Meat on the Bone","Ninja Scroll","The Courier","War Paint","Sozu","Nilry\u0027s Codex","Mango","Whetstone","Shuriken","Kunai","Runic Pyramid","WarpedTongs","Anchor","Dodecahedron","Omamori","Bird Faced Urn"],"potions_floor_usage":[],"damage_taken":[{"damage":0.0,"enemies":"Jaw Worm","floor":1.0,"turns":4.0},{"damage":1.0,"enemies":"Small Slimes","floor":2.0,"turns":4.0},{"damage":0.0,"enemies":"Cultist","floor":7.0,"turns":3.0},{"damage":14.0,"enemies":"Gremlin Nob","floor":8.0,"turns":5.0},{"damage":4.0,"enemies":"Lagavulin","floor":10.0,"turns":9.0},{"damage":0.0,"enemies":"Exordium Wildlife","floor":11.0,"turns":2.0},{"damage":2.0,"enemies":"3 Sentries","floor":13.0,"turns":10.0},{"damage":3.0,"enemies":"Exordium Thugs","floor":14.0,"turns":4.0},{"damage":11.0,"enemies":"Hexaghost","floor":16.0,"turns":7.0},{"damage":2.0,"enemies":"Shell Parasite","floor":18.0,"turns":4.0},{"damage":3.0,"enemies":"2 Thieves","floor":19.0,"turns":4.0},{"damage":0.0,"enemies":"Shelled Parasite and Fungi","floor":21.0,"turns":8.0},{"damage":2.0,"enemies":"Book of Stabbing","floor":23.0,"turns":8.0},{"damage":3.0,"enemies":"Cultist and Chosen","floor":28.0,"turns":9.0},{"damage":13.0,"enemies":"Sentry and Sphere","floor":30.0,"turns":6.0},{"damage":25.0,"enemies":"Gremlin Leader","floor":31.0,"turns":8.0},{"damage":10.0,"enemies":"Collector","floor":33.0,"turns":9.0},{"damage":0.0,"enemies":"3 Shapes","floor":35.0,"turns":4.0},{"damage":1.0,"enemies":"Orb Walker","floor":36.0,"turns":3.0},{"damage":2.0,"enemies":"Spire Growth","floor":38.0,"turns":5.0},{"damage":1.0,"enemies":"4 Shapes","floor":39.0,"turns":6.0},{"damage":4.0,"enemies":"2 Orb Walkers","floor":40.0,"turns":6.0},{"damage":4.0,"enemies":"Maw","floor":41.0,"turns":7.0},{"damage":4.0,"enemies":"Nemesis","floor":44.0,"turns":9.0},{"damage":0.0,"enemies":"3 Darklings","floor":45.0,"turns":3.0},{"damage":2,"enemies":"2 Orb Walkers","floor":46,"turns":7},{"damage":5,"enemies":"Sphere and 2 Shapes","floor":47,"turns":6},{"damage":3,"enemies":"Spire Growth","floor":48,"turns":6},{"damage":9,"enemies":"Awakened One","floor":50,"turns":18}],"seed_played":"-3340450067843995714","potions_obtained":[{"floor":1.0,"key":"AttackPotion"},{"floor":8.0,"key":"LiquidBronze"},{"floor":10.0,"key":"GhostInAJar"},{"floor":13.0,"key":"SpeedPotion"}],"is_trial":false,"path_per_floor":["M","M","?","?","$","R","M","E","T","E","M","R","E","M","R","B",null,"M","M","?","M","?","E","?","R","T","R","M","$","M","E","R","B",null,"M","M","?","M","M","E","M","R","T","E","M","E","M","M","R","B"],"character_chosen":"THE_SILENT","items_purchased":["Footwork","Shuriken"],"campfire_rested":0,"item_purchase_floors":[5,29],"current_hp_per_floor":[70,69,69,69,69,69,69,55,55,51,51,51,49,46,46,47,70,68,65,49,49,49,61,61,61,61,61,58,58,45,32,32,34,84,84,83,83,81,80,76,72,72,72,68,68,66,73,84,84,84],"gold":402,"neow_bonus":"TRANSFORM_CARD","is_prod":false,"is_daily":false,"chose_seed":false,"campfire_upgraded":8,"win_rate":0,"timestamp":1539211168,"path_taken":["M","M","?","?","$","R","M","E","T","E","?","R","E","?","R","BOSS","M","M","?","M","?","E","?","R","T","R","M","$","M","E","R","BOSS","M","M","?","?","M","E","M","R","T","E","M","E","M","M","R","BOSS"],"build_version":"2018-10-04v2","purchased_purges":2,"victory":true,"max_hp_per_floor":[70,70,70,70,70,70,70,70,70,70,70,70,70,70,70,70,70,70,70,70,70,70,84,84,84,84,84,84,84,84,84,84,84,84,84,84,84,84,84,84,84,84,84,84,84,84,84,84,84,84],"card_choices":[{"not_picked":["Masterful Stab","PiercingWail"],"picked":"Dodge and Roll","floor":1.0},{"not_picked":["Sucker Punch","Blade Dance"],"picked":"Deflect","floor":2.0},{"not_picked":["Outmaneuver","Bane"],"picked":"Cloak And Dagger","floor":7.0},{"not_picked":["Blade Dance","Acrobatics"],"picked":"Tools of the Trade","floor":8.0},{"not_picked":["Dagger Throw","Concentrate"],"picked":"Crippling Poison","floor":10.0},{"not_picked":["Dagger Spray","Bullet Time"],"picked":"Deadly Poison","floor":11.0},{"not_picked":["Concentrate","Acrobatics"],"picked":"Dash","floor":13.0},{"not_picked":["Blade Dance","Dagger Throw"],"picked":"Envenom","floor":14.0},{"not_picked":["Doppelganger","Phantasmal Killer"],"picked":"Burst","floor":16.0},{"not_picked":["Blade Dance","Eviscerate","Sucker Punch"],"picked":"SKIP","floor":18.0},{"not_picked":["Choke+1","Cloak And Dagger"],"picked":"Backflip","floor":19.0},{"not_picked":["Quick Slash","Distraction"],"picked":"Prepared","floor":21.0},{"not_picked":["Flechettes","Dagger Throw","All Out Attack+1"],"picked":"SKIP","floor":23.0},{"not_picked":["Dodge and Roll+1","Masterful Stab+1"],"picked":"A Thousand Cuts","floor":28.0},{"not_picked":["PiercingWail","Setup","Outmaneuver"],"picked":"SKIP","floor":30.0},{"not_picked":["All Out Attack","Bane"],"picked":"Escape Plan+1","floor":31.0},{"not_picked":["Night Terror","Bullet Time"],"picked":"Envenom","floor":33.0},{"not_picked":["PiercingWail+1","Prepared"],"picked":"Deadly Poison","floor":35.0},{"not_picked":["Distraction","Noxious Fumes+1"],"picked":"Dash+1","floor":36.0},{"not_picked":["Acrobatics","Prepared"],"picked":"Calculated Gamble+1","floor":38.0},{"not_picked":["Underhanded Strike+1","Quick Slash+1"],"picked":"Cloak And Dagger+1","floor":39.0},{"not_picked":["Masterful Stab","Grand Finale"],"picked":"Malaise","floor":40.0},{"not_picked":["Well Laid Plans","Flying Knee+1","Tactician+1"],"picked":"SKIP","floor":41.0},{"not_picked":["Tools of the Trade","Setup+1","Distraction+1"],"picked":"SKIP","floor":44.0},{"not_picked":["Deflect","Acrobatics+1"],"picked":"Backflip","floor":45.0},{"not_picked":["Outmaneuver","Doppelganger","Distraction"],"picked":"SKIP","floor":46},{"not_picked":["Blade Dance+1","Caltrops+1"],"picked":"Sucker Punch+1","floor":47},{"not_picked":["Dagger Throw+1","Skewer","Deflect"],"picked":"SKIP","floor":48}],"player_experience":915989,"relics_obtained":[{"floor":8.0,"key":"Meat on the Bone"},{"floor":9.0,"key":"Ninja Scroll"},{"floor":10.0,"key":"The Courier"},{"floor":13.0,"key":"War Paint"},{"floor":20.0,"key":"Nilry\u0027s Codex"},{"floor":23.0,"key":"Mango"},{"floor":26.0,"key":"Whetstone"},{"floor":31.0,"key":"Kunai"},{"floor":40.0,"key":"Anchor"},{"floor":43.0,"key":"Dodecahedron"},{"floor":44.0,"key":"Omamori"},{"floor":46,"key":"Bird Faced Urn"}],"event_choices":[{"event_name":"Big Fish","player_choice":"Box","floor":3.0,"damage_taken":0.0},{"event_name":"Transmorgrifier","player_choice":"Transform","floor":4.0,"damage_taken":0.0},{"event_name":"Cursed Tome","player_choice":"Obtained Book","floor":20.0,"damage_taken":0.0},{"event_name":"Ghosts","player_choice":"Ignored","floor":22.0,"damage_taken":0.0},{"event_name":"The Library","player_choice":"Read","floor":24.0,"damage_taken":0.0},{"event_name":"Accursed Blacksmith","player_choice":"Rummage","floor":37.0,"damage_taken":0.0}],"is_beta":false,"boss_relics":[{"not_picked":["WristBlade","Tiny House"],"picked":"Sozu"},{"not_picked":["Lizard Tail","HoveringKite"],"picked":"Runic Pyramid"}],"items_purged_floors":[5,29],"is_endless":false,"potions_floor_spawned":[1,8,10,13,14,19,21,28,35,38,44,46,47],"ascension_level":0}