{"path_per_floor":["M","?","?","M","$","R","E","M","T","R","M","$","?","E","R","B",null,"M","?","?","$","?","R","E","R","T","R","E","M"],"character_chosen":"THE_SILENT","items_purchased":["Noxious Fumes","Bronze Scales","Noxious Fumes"],"gold_per_floor":[118,118,118,138,70,70,105,123,123,123,137,15,15,50,50,154,154,174,174,174,84,9,9,40,40,93,93,127,138,138],"floor_reached":30,"campfire_rested":1,"playtime":1227,"current_hp_per_floor":[75,75,75,75,75,75,44,44,44,69,58,58,58,48,48,40,73,71,71,71,71,71,71,48,48,48,48,12,8,0],"items_purged":["Strike_G"],"gold":138,"score":408,"play_id":"8c496967-dd43-4f71-aedf-a2fff581d8ba","local_time":"20180520183613","is_prod":false,"is_daily":false,"chose_seed":false,"is_ascension_mode":true,"campfire_upgraded":5,"timestamp":1526866573,"campfire_choices":[{"data":"Neutralize","floor":6,"key":"SMITH"},{"floor":10,"key":"REST"},{"data":"Noxious Fumes","floor":15,"key":"SMITH"},{"data":"Envenom","floor":23,"key":"SMITH"},{"data":"Noxious Fumes","floor":25,"key":"SMITH"},{"data":"Footwork","floor":27,"key":"SMITH"}],"path_taken":["M","?","?","M","?","R","E","?","T","R","M","$","?","E","R","BOSS","M","?","?","$","?","R","E","R","T","R","E","M","M"],"build_version":"2018-05-17","seed_source_timestamp":238589603696835,"purchased_purges":1,"victory":false,"master_deck":["Defend_G","Defend_G","Defend_G","Defend_G","Defend_G","Strike_G","Strike_G","Survivor","Neutralize+1","AscendersBane","Backstab","Malaise","Noxious Fumes+1","Predator","Dagger Spray","Poisoned Stab","Dash","Envenom+1","Bane","Footwork+1","Noxious Fumes+1","Bane","Deflect"],"max_hp_per_floor":[84,84,84,84,84,84,84,84,84,84,84,84,84,84,84,84,84,84,84,84,84,84,84,84,84,84,84,84,84,84],"relics":["Ring of the Snake","The Courier","Orichalcum","Bronze Scales","Peace Pipe","Velvet Choker","Omamori","Regal Pillow","Art of War"],"card_choices":[{"not_picked":["Backflip","Acrobatics"],"picked":"Backstab","floor":1},{"not_picked":["Dodge and Roll","Deflect"],"picked":"Malaise","floor":4},{"not_picked":["Outmaneuver","PiercingWail"],"picked":"Predator","floor":7},{"not_picked":["Riddle With Holes","Slice"],"picked":"Dagger Spray","floor":8},{"not_picked":["Deflect","Backflip"],"picked":"Poisoned Stab","floor":11},{"not_picked":["Underhanded Strike","PiercingWail"],"picked":"Dash","floor":14},{"not_picked":["Die Die Die","Burst"],"picked":"Envenom","floor":16},{"not_picked":["Endless Agony","Caltrops"],"picked":"Bane","floor":18},{"not_picked":["Tactician","Cloak And Dagger","Phantasmal Killer"],"picked":"SKIP","floor":24},{"not_picked":["Acrobatics+1","Concentrate+1"],"picked":"Bane","floor":28},{"not_picked":["Predator","Prepared"],"picked":"Deflect","floor":29}],"player_experience":459078,"potions_floor_usage":[14,24,28],"damage_taken":[{"damage":2,"enemies":"Cultist","floor":1,"turns":4},{"damage":0,"enemies":"Jaw Worm","floor":4,"turns":5},{"damage":31,"enemies":"Lagavulin","floor":7,"turns":10},{"damage":0,"enemies":"Small Slimes","floor":8,"turns":5},{"damage":11,"enemies":"2 Fungi Beasts","floor":11,"turns":3},{"damage":10,"enemies":"3 Sentries","floor":14,"turns":5},{"damage":8,"enemies":"The Guardian","floor":16,"turns":9},{"damage":2,"enemies":"3 Byrds","floor":18,"turns":3},{"damage":23,"enemies":"Gremlin Leader","floor":24,"turns":7},{"damage":36,"enemies":"Slavers","floor":28,"turns":4},{"damage":4,"enemies":"Shell Parasite","floor":29,"turns":5},{"damage":9,"enemies":"Snake Plant","floor":30,"turns":1}],"relics_obtained":[{"floor":7,"key":"The Courier"},{"floor":9,"key":"Orichalcum"},{"floor":14,"key":"Peace Pipe"},{"floor":24,"key":"Omamori"},{"floor":26,"key":"Regal Pillow"},{"floor":28,"key":"Art of War"}],"event_choices":[{"event_name":"Living Wall","player_choice":"Forget","floor":2,"damage_taken":0},{"event_name":"Purifier","player_choice":"One Purge","floor":3,"damage_taken":0},{"event_name":"The Cleric","player_choice":"Leave","floor":13,"damage_taken":0},{"event_name":"The Library","player_choice":"Read","floor":19,"damage_taken":0},{"event_name":"Drug Dealer","player_choice":"Ignored","floor":20,"damage_taken":0},{"event_name":"Beggar","player_choice":"Gave Gold","floor":22,"damage_taken":0}],"boss_relics":[{"not_picked":["Orrery","Calling Bell"],"picked":"Velvet Choker"}],"potions_floor_spawned":[1,8,11,24],"seed_played":"-2948891384077404942","killed_by":"Snake Plant","ascension_level":10,"potions_obtained":[{"floor":1,"key":"LiquidBronze"},{"floor":8,"key":"Ancient Potion"},{"floor":11,"key":"Poison Potion"},{"floor":24,"key":"Explosive Potion"}],"is_trial":false}