{"gold_per_floor":[118,129,12,27,27,61,61,89,89,109,109,125,125,160,160,259,259,278,96,146,45,6,6,38,48,71,71,83,102,115,115],"floor_reached":31,"playtime":9720,"items_purged":["Strike_R","Strike_R"],"score":465,"play_id":"cbd30866-a86b-4c6a-a208-90dd0ccd09ac","local_time":"20190201230258","is_ascension_mode":true,"campfire_choices":[{"data":"True Grit","floor":7.0,"key":"SMITH"},{"data":"Body Slam","floor":11.0,"key":"SMITH"},{"data":"Bash","floor":13.0,"key":"SMITH"},{"data":"Evolve","floor":15.0,"key":"SMITH"},{"data":"True Grit","floor":23.0,"key":"SMITH"},{"floor":27.0,"key":"REST"}],"neow_cost":"NONE","seed_source_timestamp":36534604849024,"circlet_count":0,"master_deck":["AscendersBane","Strike_R","Defend_R","Defend_R","Defend_R","Bash+1","True Grit+1","Reckless Charge","Evolve+1","Cleave","Body Slam+1","Feed","Reckless Charge","Wild Strike","Offering","Battle Trance+1","Evolve+1","Inflame+1","Shrug It Off","Impervious","True Grit+1","Shrug It Off","Double Tap"],"special_seed":0,"relics":["Burning Blood","NeowsBlessing","The Courier","Omamori","Frozen Egg 2","Pen Nib","Astrolabe","Dodecahedron","Blood Vial"],"potions_floor_usage":[],"damage_taken":[{"damage":0.0,"enemies":"Cultist","floor":1.0,"turns":1.0},{"damage":0.0,"enemies":"Jaw Worm","floor":2.0,"turns":1.0},{"damage":0.0,"enemies":"Small Slimes","floor":4.0,"turns":1.0},{"damage":23.0,"enemies":"Lagavulin","floor":6.0,"turns":7.0},{"damage":21.0,"enemies":"3 Sentries","floor":8.0,"turns":8.0},{"damage":4.0,"enemies":"3 Louse","floor":10.0,"turns":5.0},{"damage":11.0,"enemies":"Blue Slaver","floor":12.0,"turns":4.0},{"damage":21.0,"enemies":"Gremlin Nob","floor":14.0,"turns":4.0},{"damage":12.0,"enemies":"Slime Boss","floor":16.0,"turns":9.0},{"damage":8.0,"enemies":"Spheric Guardian","floor":18.0,"turns":3.0},{"damage":38.0,"enemies":"Book of Stabbing","floor":24.0,"turns":5.0},{"damage":14.0,"enemies":"3 Byrds","floor":25.0,"turns":6.0},{"damage":38.0,"enemies":"Shelled Parasite and Fungi","floor":28.0,"turns":7.0},{"damage":16,"enemies":"Sentry and Sphere","floor":29,"turns":6},{"damage":21,"enemies":"Snake Plant","floor":30,"turns":4},{"damage":20,"enemies":"3 Cultists","floor":31,"turns":3}],"seed_played":"-5186433458058829380","potions_obtained":[{"floor":4.0,"key":"SteroidPotion"},{"floor":10.0,"key":"SpeedPotion"},{"floor":12.0,"key":"Weak Potion"},{"floor":14.0,"key":"SpeedPotion"},{"floor":24.0,"key":"Regen Potion"},{"floor":28.0,"key":"Regen Potion"}],"is_trial":false,"path_per_floor":["M","M","$","M","$","E","R","E","T","M","R","M","R","E","R","B",null,"M","$","?","$","$","R","E","M","T","R","M","M","M","M"],"character_chosen":"IRONCLAD","items_purchased":["Evolve","Strength Potion","Impervious","True Grit","Shrug It Off"],"campfire_rested":1,"item_purchase_floors":[3,3,19,21,22],"current_hp_per_floor":[78,80,80,80,80,63,63,48,48,50,50,45,45,30,30,24,66,64,64,64,64,64,64,35,30,30,55,28,23,13,0],"gold":115,"neow_bonus":"THREE_ENEMY_KILL","is_prod":false,"is_daily":false,"chose_seed":false,"campfire_upgraded":5,"win_rate":0,"timestamp":1549058578,"path_taken":["M","?","?","M","$","E","R","E","T","M","R","M","R","E","R","BOSS","M","$","?","?","$","R","E","M","T","R","?","M","M","M"],"build_version":"2019-01-23","purchased_purges":2,"victory":false,"max_hp_per_floor":[80,80,80,80,80,80,80,80,80,80,80,80,80,80,80,80,80,80,80,80,80,80,80,83,86,86,86,89,92,95,95],"card_choices":[{"not_picked":["Armaments","Sword Boomerang"],"picked":"True Grit","floor":1.0},{"not_picked":["Corruption","Anger"],"picked":"Reckless Charge","floor":2.0},{"not_picked":["Dropkick","Heavy Blade"],"picked":"Cleave","floor":4.0},{"not_picked":["Havoc","Sever Soul"],"picked":"Body Slam","floor":6.0},{"not_picked":["Dual Wield","Intimidate","Perfected Strike"],"picked":"SKIP","floor":8.0},{"not_picked":["Pommel Strike","Heavy Blade"],"picked":"Feed","floor":10.0},{"not_picked":["Warcry","Thunderclap"],"picked":"Reckless Charge","floor":12.0},{"not_picked":["Thunderclap","Bludgeon"],"picked":"Wild Strike","floor":14.0},{"not_picked":["Double Tap","Berserk+1"],"picked":"Offering","floor":16.0},{"not_picked":["Wild Strike","Iron Wave"],"picked":"Shrug It Off","floor":18.0},{"not_picked":["Thunderclap","Burning Pact","Hemokinesis"],"picked":"SKIP","floor":24.0},{"not_picked":["True Grit","Flex","Anger+1"],"picked":"SKIP","floor":25.0},{"not_picked":["Body Slam","Pommel Strike","True Grit"],"picked":"SKIP","floor":28.0},{"not_picked":["Wild Strike","Flame Barrier"],"picked":"Double Tap","floor":29},{"not_picked":["Warcry","Carnage","Armaments+1"],"picked":"SKIP","floor":30}],"player_experience":247212,"relics_obtained":[{"floor":6.0,"key":"The Courier"},{"floor":8.0,"key":"Omamori"},{"floor":9.0,"key":"Frozen Egg 2"},{"floor":14.0,"key":"Pen Nib"},{"floor":24.0,"key":"Dodecahedron"},{"floor":26.0,"key":"Blood Vial"}],"event_choices":[{"damage_healed":0.0,"max_hp_gain":0.0,"max_hp_loss":0.0,"gold_gain":100.0,"event_name":"The Joust","player_choice":"Bet on Murderer","floor":20.0,"gold_loss":50.0,"damage_taken":0.0}],"is_beta":false,"boss_relics":[{"not_picked":["Snecko Eye","Tiny House"],"picked":"Astrolabe"}],"items_purged_floors":[19,21],"is_endless":false,"potions_floor_spawned":[4,10,12,14,24,28],"killed_by":"3 Cultists","ascension_level":12}