{"gold_per_floor":[113,128,144,219,229,259,259,274,274,50,50,77,89,89,89,194,244,256,244,244,256,256,285,285,301,301,301,333,353,353,372,372,474,474,490,504,520,538,280,298,298,318,318,318,328,52,83,100,100,100],"floor_reached":51,"playtime":2405,"items_purged":["Strike_B","Strike_B","Writhe"],"score":821,"play_id":"45250328-3bd2-46fd-9d1a-c4cae38161ac","local_time":"20180908144235","is_ascension_mode":true,"campfire_choices":[{"data":"Chill","floor":7.0,"key":"SMITH"},{"data":"Creative AI","floor":11.0,"key":"SMITH"},{"data":"Loop","floor":15.0,"key":"SMITH"},{"data":"Electrodynamics","floor":24.0,"key":"SMITH"},{"data":"Zap","floor":27.0,"key":"SMITH"},{"data":"Go for the Eyes","floor":30.0,"key":"SMITH"},{"data":"Ball Lightning","floor":32.0,"key":"SMITH"},{"floor":49.0,"key":"REST"}],"neow_cost":"NONE","seed_source_timestamp":0,"circlet_count":0,"master_deck":["Defend_B","Defend_B","Defend_B","Zap+1","Dualcast","Chill+1","Go for the Eyes+1","Cold Snap","Auto Shields","Cold Snap","BootSequence","Creative AI+1","Loop+1","Ball Lightning","Electrodynamics+1","Cold Snap","Conserve Battery","Leap","Go for the Eyes+1","Glacier+1","Ball Lightning+1","Ball Lightning","Seek","FTL","Conserve Battery","Capacitor","Seek","Storm","BootSequence+1","Force Field+1","White Noise+1","Thunder Strike","Barrage+1","Leap+1"],"special_seed":0,"relics":["Cracked Core","Bag of Preparation","Question Card","Gremlin Horn","Ancient Tea Set","Tiny House","MutagenicStrength","Symbiotic Virus","Ginger","Emotion Chip","Philosopher\u0027s Stone","Mummified Hand","Pear"],"potions_floor_usage":[50,50],"damage_taken":[{"damage":6.0,"enemies":"Jaw Worm","floor":1.0,"turns":4.0},{"damage":0.0,"enemies":"Cultist","floor":2.0,"turns":4.0},{"damage":0.0,"enemies":"2 Louse","floor":3.0,"turns":3.0},{"damage":0.0,"enemies":"Blue Slaver","floor":5.0,"turns":4.0},{"damage":0.0,"enemies":"3 Sentries","floor":6.0,"turns":6.0},{"damage":0.0,"enemies":"2 Fungi Beasts","floor":8.0,"turns":4.0},{"damage":11.0,"enemies":"Gremlin Nob","floor":12.0,"turns":6.0},{"damage":1.0,"enemies":"3 Louse","floor":13.0,"turns":4.0},{"damage":35.0,"enemies":"Slime Boss","floor":16.0,"turns":9.0},{"damage":0.0,"enemies":"Spheric Guardian","floor":18.0,"turns":5.0},{"damage":1.0,"enemies":"2 Thieves","floor":19.0,"turns":4.0},{"damage":3.0,"enemies":"3 Cultists","floor":21.0,"turns":4.0},{"damage":15.0,"enemies":"Gremlin Leader","floor":23.0,"turns":6.0},{"damage":0.0,"enemies":"Shelled Parasite and Fungi","floor":25.0,"turns":3.0},{"damage":4.0,"enemies":"Slavers","floor":28.0,"turns":5.0},{"damage":0.0,"enemies":"Snecko","floor":29.0,"turns":6.0},{"damage":0.0,"enemies":"Cultist and Chosen","floor":31.0,"turns":3.0},{"damage":38.0,"enemies":"Collector","floor":33.0,"turns":11.0},{"damage":0.0,"enemies":"3 Shapes","floor":35.0,"turns":1.0},{"damage":0.0,"enemies":"Orb Walker","floor":36.0,"turns":2.0},{"damage":0.0,"enemies":"Reptomancer","floor":37.0,"turns":5.0},{"damage":0.0,"enemies":"4 Shapes","floor":38.0,"turns":1.0},{"damage":26.0,"enemies":"Spire Growth","floor":40.0,"turns":6.0},{"damage":28.0,"enemies":"Maw","floor":42.0,"turns":8.0},{"damage":4.0,"enemies":"3 Darklings","floor":45.0,"turns":5.0},{"damage":41.0,"enemies":"Nemesis","floor":47.0,"turns":7.0},{"damage":0.0,"enemies":"4 Shapes","floor":48.0,"turns":1.0},{"damage":32,"enemies":"Donu and Deca","floor":50,"turns":8}],"seed_played":"1159747751082870490","potions_obtained":[{"floor":2.0,"key":"Explosive Potion"},{"floor":3.0,"key":"Strength Potion"},{"floor":5.0,"key":"Explosive Potion"},{"floor":17.0,"key":"SteroidPotion"},{"floor":18.0,"key":"FearPotion"},{"floor":21.0,"key":"Explosive Potion"},{"floor":28.0,"key":"SpeedPotion"},{"floor":35.0,"key":"FearPotion"},{"floor":37.0,"key":"Explosive Potion"},{"floor":40.0,"key":"Regen Potion"},{"floor":47.0,"key":"AttackPotion"}],"is_trial":false,"path_per_floor":["M","M","M","?","M","E","R","M","T","$","R","E","M","?","R","B",null,"M","M","?","M","?","E","R","M","T","R","E","M","R","M","R","B",null,"M","M","M","M","$","M","?","M","T","?","M","$","E","M","R","B"],"character_chosen":"DEFECT","items_purchased":["Creative AI","Seek","Storm","Thunder Strike"],"campfire_rested":1,"item_purchase_floors":[10,39,39,46],"current_hp_per_floor":[69,69,69,58,58,58,58,58,58,58,58,47,46,39,39,4,80,80,79,79,76,76,61,61,61,61,61,57,57,57,57,57,19,80,80,80,80,80,80,54,54,26,26,46,54,54,23,23,50,18],"gold":100,"neow_bonus":"TRANSFORM_CARD","is_prod":false,"is_daily":false,"chose_seed":false,"campfire_upgraded":7,"win_rate":0,"timestamp":1536442955,"path_taken":["M","M","M","?","M","E","R","M","T","$","R","E","M","?","R","BOSS","M","M","?","M","?","E","R","M","T","R","E","M","R","M","R","BOSS","M","M","M","M","$","M","?","M","T","?","M","$","E","M","R","BOSS"],"build_version":"2018-09-06","purchased_purges":3,"victory":true,"max_hp_per_floor":[75,75,75,75,75,75,75,75,75,75,75,75,75,75,75,75,80,80,80,80,80,80,80,80,80,80,80,80,80,80,80,80,80,80,80,80,80,80,80,80,80,80,80,80,80,80,90,90,90,90],"card_choices":[{"not_picked":["Conserve Battery","Gash"],"picked":"Go for the Eyes","floor":1.0},{"not_picked":["Stack","Lockon","Tempest"],"picked":"SKIP","floor":2.0},{"not_picked":["Redo","Static Discharge"],"picked":"Cold Snap","floor":3.0},{"not_picked":["Beam Cell","Sweeping Beam"],"picked":"Auto Shields","floor":5.0},{"not_picked":["Steam Power","Redo"],"picked":"Cold Snap","floor":6.0},{"not_picked":["Streamline","FTL"],"picked":"BootSequence","floor":8.0},{"not_picked":["Scrape","Conserve Battery","Undo"],"picked":"Loop","floor":12.0},{"not_picked":["Go for the Eyes","Barrage","Steam"],"picked":"Ball Lightning","floor":13.0},{"not_picked":["Fission","Biased Cognition","Meteor Strike"],"picked":"Electrodynamics","floor":16.0},{"not_picked":["Doom and Gloom","Storm","Leap"],"picked":"Cold Snap","floor":17.0},{"not_picked":["Rebound+1","Beam Cell","Tempest"],"picked":"Conserve Battery","floor":18.0},{"not_picked":["Self Repair","Chill","Turbo"],"picked":"Leap","floor":19.0},{"not_picked":["Cold Snap","Stack","Barrage"],"picked":"Go for the Eyes+1","floor":21.0},{"not_picked":["Fission","Genetic Algorithm","Turbo+1","Streamline+1"],"picked":"SKIP","floor":23.0},{"not_picked":["Leap+1","Coolheaded","Turbo"],"picked":"Glacier+1","floor":25.0},{"not_picked":["Compile Driver","Melter+1","Undo","Creative AI"],"picked":"SKIP","floor":28.0},{"not_picked":["Cold Snap","Leap","Aggregate+1"],"picked":"Ball Lightning","floor":29.0},{"not_picked":["Heatsinks","Go for the Eyes+1","Stack"],"picked":"Ball Lightning","floor":31.0},{"not_picked":["Fission","Meteor Strike","Amplify"],"picked":"Seek","floor":33.0},{"not_picked":["Gash","Fusion+1","Skim+1"],"picked":"FTL","floor":35.0},{"not_picked":["Sweeping Beam","Redo+1","Rebound+1"],"picked":"Conserve Battery","floor":36.0},{"not_picked":["White Noise","Electrodynamics","Glacier"],"picked":"Capacitor","floor":37.0},{"not_picked":["Stack","Turbo+1","Beam Cell","Go for the Eyes+1"],"picked":"SKIP","floor":38.0},{"not_picked":["Stack","Sunder+1","Storm+1"],"picked":"BootSequence+1","floor":40.0},{"not_picked":["Double Energy","Streamline","Scrape"],"picked":"Force Field+1","floor":42.0},{"not_picked":["Steam","Rip and Tear","Glacier+1"],"picked":"White Noise+1","floor":45.0},{"not_picked":["All For One","Storm+1","Gash+1"],"picked":"Barrage+1","floor":47.0},{"not_picked":["Capacitor","BootSequence","Hello World+1"],"picked":"Leap+1","floor":48.0}],"player_experience":821263,"relics_obtained":[{"floor":6.0,"key":"Bag of Preparation"},{"floor":9.0,"key":"Question Card"},{"floor":12.0,"key":"Gremlin Horn"},{"floor":23.0,"key":"Symbiotic Virus"},{"floor":26.0,"key":"Ginger"},{"floor":28.0,"key":"Emotion Chip"},{"floor":43.0,"key":"Mummified Hand"},{"floor":47.0,"key":"Pear"}],"event_choices":[{"event_name":"World of Goop","player_choice":"Gather Gold","floor":4.0,"damage_taken":0.0},{"event_name":"Scrap Ooze","player_choice":"success","floor":14.0,"damage_taken":7.0},{"event_name":"Back to Basics","player_choice":"Elegance","floor":20.0,"damage_taken":0.0},{"event_name":"Drug Dealer","player_choice":"Inject Mutagens","floor":22.0,"damage_taken":0.0},{"event_name":"Falling","player_choice":"Removed Skill","floor":41.0,"damage_taken":0.0},{"event_name":"Winding Halls","player_choice":"Writhe","floor":44.0,"damage_taken":0.0}],"is_beta":false,"boss_relics":[{"not_picked":["Orrery","FrozenCore"],"picked":"Tiny House"},{"not_picked":["Snecko Eye","Calling Bell"],"picked":"Philosopher\u0027s Stone"}],"items_purged_floors":[10,39,46],"is_endless":false,"potions_floor_spawned":[2,3,5,18,21,28,35,37,40,47],"ascension_level":1}