{"gold_per_floor":[111,127,127,138,63,63,92,92,172,172,207,220,237,250,250,325,325,343,343,343,359,12,41,41,68,92,106,106,116,116,129,129,129],"floor_reached":33,"playtime":1370,"items_purged":[],"score":632,"play_id":"91269b73-27dd-431d-9f6e-c96fdd860ed7","local_time":"20181017170211","is_ascension_mode":true,"campfire_choices":[{"data":"Zap","floor":6.0,"key":"SMITH"},{"data":"Loop","floor":10.0,"key":"SMITH"},{"data":"Loop","floor":15.0,"key":"SMITH"},{"data":"White Noise","floor":24,"key":"SMITH"},{"floor":28,"key":"REST"},{"data":"Loop","floor":32,"key":"SMITH"}],"neow_cost":"NONE","seed_source_timestamp":0,"circlet_count":0,"master_deck":["Strike_B+1","Strike_B+1","Defend_B+1","Defend_B+1","Defend_B+1","Defend_B+1","Zap+1","Dualcast+1","AscendersBane","Chill","Genetic Algorithm","Loop+1","White Noise+1","Go for the Eyes","Loop+1","Seek","Ball Lightning","Auto Shields","Loop+1","Ball Lightning+1","Conserve Battery","Ball Lightning+1","Force Field","Ball Lightning+1","Barrage+1"],"special_seed":0,"relics":["Cracked Core","Centennial Puzzle","Omamori","Blue Candle","Emotion Chip","Sozu","Molten Egg 2","Lee\u0027s Waffle","The Courier","Mummified Hand","Bag of Marbles"],"potions_floor_usage":[25,33],"damage_taken":[{"damage":3.0,"enemies":"Jaw Worm","floor":1.0,"turns":4.0},{"damage":0.0,"enemies":"Cultist","floor":2.0,"turns":4.0},{"damage":0.0,"enemies":"2 Louse","floor":4.0,"turns":2.0},{"damage":16.0,"enemies":"Lagavulin","floor":7.0,"turns":7.0},{"damage":10.0,"enemies":"3 Sentries","floor":11.0,"turns":11.0},{"damage":1.0,"enemies":"2 Fungi Beasts","floor":12.0,"turns":4.0},{"damage":2.0,"enemies":"Large Slime","floor":13.0,"turns":10.0},{"damage":2.0,"enemies":"3 Louse","floor":14.0,"turns":4.0},{"damage":0.0,"enemies":"The Guardian","floor":16.0,"turns":12.0},{"damage":6.0,"enemies":"Chosen","floor":18.0,"turns":7.0},{"damage":24,"enemies":"2 Thieves","floor":21,"turns":4},{"damage":11,"enemies":"Book of Stabbing","floor":23,"turns":6},{"damage":25,"enemies":"Slavers","floor":25,"turns":3},{"damage":22,"enemies":"Snake Plant","floor":27,"turns":3},{"damage":7,"enemies":"Centurion and Healer","floor":29,"turns":5},{"damage":0,"enemies":"Chosen and Byrds","floor":31,"turns":4},{"damage":51,"enemies":"Automaton","floor":33,"turns":6}],"seed_played":"4705440084901213295","potions_obtained":[{"floor":1.0,"key":"SteroidPotion"},{"floor":7.0,"key":"GamblersBrew"},{"floor":14.0,"key":"Explosive Potion"},{"floor":16.0,"key":"Energy Potion"}],"is_trial":false,"path_per_floor":["M","M","?","M","?","R","E","?","T","R","E","M","M","M","R","B",null,"M","?","?","M","$","E","R","E","T","M","R","M","?","M","R"],"character_chosen":"DEFECT","items_purchased":["Lee\u0027s Waffle","Loop","Ball Lightning+1","Conserve Battery"],"campfire_rested":1,"item_purchase_floors":[22,22,22,22],"current_hp_per_floor":[61,61,61,61,61,61,45,45,45,45,35,34,32,30,30,30,61,55,55,55,31,78,67,67,42,42,20,43,36,36,36,36,0],"gold":129,"neow_bonus":"RANDOM_COMMON_RELIC","is_prod":false,"is_daily":false,"chose_seed":false,"campfire_upgraded":5,"win_rate":0,"timestamp":1539820931,"path_taken":["M","M","?","M","?","R","E","?","T","R","E","M","M","?","R","BOSS","M","?","?","M","$","E","R","E","T","M","R","M","?","M","R","BOSS"],"build_version":"2018-10-11","purchased_purges":0,"victory":false,"max_hp_per_floor":[71,71,71,71,71,71,71,71,71,71,71,71,71,71,71,71,71,71,71,71,71,78,78,78,78,78,78,78,78,78,78,78,78],"card_choices":[{"not_picked":["Auto Shields","Ball Lightning"],"picked":"Chill","floor":1.0},{"not_picked":["Beam Cell","Tempest","Gash"],"picked":"SKIP","floor":2.0},{"not_picked":["Turbo","Darkness"],"picked":"Genetic Algorithm","floor":4.0},{"not_picked":["Hologram","Go for the Eyes"],"picked":"Loop","floor":7.0},{"not_picked":["Steam","Doom and Gloom"],"picked":"White Noise","floor":11.0},{"not_picked":["Gash","Recycle","Meteor Strike"],"picked":"SKIP","floor":12.0},{"not_picked":["Redo","Force Field"],"picked":"Go for the Eyes","floor":13.0},{"not_picked":["Melter","Beam Cell"],"picked":"Loop","floor":14.0},{"not_picked":["Buffer","Multi-Cast"],"picked":"Seek","floor":16.0},{"not_picked":["Barrage","Coolheaded"],"picked":"Ball Lightning","floor":18.0},{"not_picked":["Darkness+1","Hologram"],"picked":"Auto Shields","floor":21},{"not_picked":["Force Field","Beam Cell+1"],"picked":"Ball Lightning+1","floor":23},{"not_picked":["Hello World","Streamline+1","Gash+1"],"picked":"SKIP","floor":25},{"not_picked":["Beam Cell+1","Thunder Strike+1"],"picked":"Force Field","floor":27},{"not_picked":["Steam","Streamline+1"],"picked":"Ball Lightning+1","floor":29},{"not_picked":["Steam","Redo","Darkness"],"picked":"SKIP","floor":31}],"player_experience":951292,"relics_obtained":[{"floor":7.0,"key":"Omamori"},{"floor":9.0,"key":"Blue Candle"},{"floor":11.0,"key":"Emotion Chip"},{"floor":23,"key":"The Courier"},{"floor":25,"key":"Mummified Hand"},{"floor":26,"key":"Bag of Marbles"}],"event_choices":[{"event_name":"Transmorgrifier","player_choice":"Transform","floor":3.0,"damage_taken":0.0},{"event_name":"The Cleric","player_choice":"Card Removal","floor":5.0,"damage_taken":0.0},{"event_name":"Upgrade Shrine","player_choice":"Upgraded","floor":8.0,"damage_taken":0.0},{"event_name":"Back to Basics","player_choice":"Simplicity","floor":19,"damage_taken":0},{"event_name":"Addict","player_choice":"Stole Relic","floor":20,"damage_taken":0},{"event_name":"Transmorgrifier","player_choice":"Transform","floor":30,"damage_taken":0}],"is_beta":false,"boss_relics":[{"not_picked":["Black Star","Empty Cage"],"picked":"Sozu"}],"items_purged_floors":[],"is_endless":false,"potions_floor_spawned":[1,7,14,16,18,21,29],"killed_by":"Automaton","ascension_level":15}