{"gold_per_floor":[114,130,143,143,154,154,79,79,147,176,187,187,24,24,24,123,123,146,164,11,11,35,35,35,35,35,56,56,106,106,70,70,159,159,182,232,252,54,78,78,41,65,65,65,65],"floor_reached":45,"playtime":1479,"items_purged":["Strike_B","Defend_B"],"score":760,"play_id":"ebfe66fd-aced-4b44-aefc-641c8003db78","local_time":"20190307154538","is_ascension_mode":true,"campfire_choices":[{"data":"Zap","floor":6.0,"key":"SMITH"},{"data":"Barrage","floor":8.0,"key":"SMITH"},{"floor":15.0,"key":"REST"},{"floor":23.0,"key":"REST"},{"data":"Multi-Cast","floor":25.0,"key":"SMITH"},{"floor":28.0,"key":"REST"},{"data":"Echo Form","floor":32.0,"key":"SMITH"},{"data":"Defragment","floor":40.0,"key":"SMITH"},{"data":"Coolheaded","floor":44,"key":"SMITH"}],"neow_cost":"NONE","seed_source_timestamp":61021191336919,"circlet_count":0,"master_deck":["AscendersBane","Defend_B","Zap+1","Dualcast","Cold Snap","Ball Lightning","Leap","Barrage+1","Coolheaded+1","Echo Form+1","Multi-Cast+1","Rainbow+1","Streamline+1","Go for the Eyes+1","Conserve Battery","Darkness+1","Sweeping Beam","Leap","Darkness+1","Double Energy+1","Core Surge","Hologram+1","Coolheaded+1","Defragment+1","Leap+1","Capacitor"],"special_seed":0,"relics":["Cracked Core","Juzu Bracelet","Mercury Hourglass","Anchor","Golden Idol","Girya","Astrolabe","Toxic Egg 2","Bag of Preparation","Philosopher\u0027s Stone"],"potions_floor_usage":[45],"damage_taken":[{"damage":4.0,"enemies":"Jaw Worm","floor":1.0,"turns":4.0},{"damage":2.0,"enemies":"Cultist","floor":2.0,"turns":5.0},{"damage":0.0,"enemies":"2 Louse","floor":3.0,"turns":2.0},{"damage":0.0,"enemies":"Looter","floor":5.0,"turns":3.0},{"damage":33.0,"enemies":"Lagavulin","floor":10.0,"turns":5.0},{"damage":0.0,"enemies":"Blue Slaver","floor":11.0,"turns":2.0},{"damage":19.0,"enemies":"Slime Boss","floor":16.0,"turns":8.0},{"damage":20.0,"enemies":"3 Byrds","floor":18.0,"turns":3.0},{"damage":4.0,"enemies":"Spheric Guardian","floor":19.0,"turns":3.0},{"damage":21.0,"enemies":"Snake Plant","floor":22.0,"turns":5.0},{"damage":19.0,"enemies":"Centurion and Healer","floor":27.0,"turns":4.0},{"damage":8.0,"enemies":"Champ","floor":33.0,"turns":8.0},{"damage":3.0,"enemies":"3 Shapes","floor":35.0,"turns":4.0},{"damage":1.0,"enemies":"Orb Walker","floor":37.0,"turns":3.0},{"damage":4.0,"enemies":"Writhing Mass","floor":39.0,"turns":5.0},{"damage":5.0,"enemies":"Spire Growth","floor":42.0,"turns":4.0},{"damage":38,"enemies":"Nemesis","floor":45,"turns":4}],"seed_played":"740479041382798133","potions_obtained":[{"floor":5.0,"key":"Regen Potion"},{"floor":11.0,"key":"Weak Potion"},{"floor":19.0,"key":"EssenceOfSteel"},{"floor":27.0,"key":"Strength Potion"},{"floor":33.0,"key":"Poison Potion"},{"floor":39.0,"key":"Block Potion"},{"floor":42.0,"key":"FocusPotion"}],"is_trial":false,"path_per_floor":["M","M","M","?","M","R","?","R","T","E","M","?","$","?","R","B",null,"M","M","$","?","M","R","?","R","T","M","R","?","T","$","R","B",null,"M","?","M","$","M","R","$","M","T","R","E"],"character_chosen":"DEFECT","items_purchased":["Echo Form","Sweeping Beam","Leap","Double Energy+1","Defragment","Leap+1","Capacitor"],"campfire_rested":3,"item_purchase_floors":[13,20,20,31,38,38,41],"current_hp_per_floor":[60,58,58,58,58,58,58,58,58,39,39,39,39,13,32,13,51,31,27,27,27,6,25,25,25,25,6,25,25,25,25,25,17,52,49,43,42,42,38,38,38,33,33,33,0],"gold":65,"neow_bonus":"RANDOM_COMMON_RELIC","is_prod":false,"is_daily":false,"chose_seed":false,"campfire_upgraded":6,"win_rate":0,"timestamp":1551969938,"path_taken":["M","M","M","?","M","R","?","R","T","E","M","?","$","?","R","BOSS","M","M","$","?","M","R","?","R","T","M","R","?","?","?","R","BOSS","M","?","M","$","M","R","?","M","T","R","E"],"build_version":"2019-01-23","purchased_purges":2,"victory":false,"max_hp_per_floor":[71,71,71,71,71,71,71,71,71,71,71,64,64,64,64,64,64,64,64,64,64,64,64,64,64,64,64,64,64,64,64,64,64,64,64,64,64,64,64,64,64,64,64,64,64],"card_choices":[{"not_picked":["Turbo","Go for the Eyes"],"picked":"Cold Snap","floor":1.0},{"not_picked":["Beam Cell","Turbo"],"picked":"Ball Lightning","floor":2.0},{"not_picked":["Hologram","Gash"],"picked":"Leap","floor":3.0},{"not_picked":["Steam Power","Recycle","Cold Snap"],"picked":"SKIP","floor":5.0},{"not_picked":["Melter","Ball Lightning"],"picked":"Coolheaded","floor":10.0},{"not_picked":["Hello World","Rebound","Coolheaded"],"picked":"SKIP","floor":11.0},{"not_picked":["Amplify","Machine Learning"],"picked":"Multi-Cast","floor":16.0},{"not_picked":["Sweeping Beam","Force Field+1"],"picked":"Conserve Battery","floor":18.0},{"not_picked":["Scrape","Conserve Battery"],"picked":"Darkness","floor":19.0},{"not_picked":["Gash","Consume","Skim"],"picked":"SKIP","floor":22.0},{"not_picked":["Sweeping Beam","Barrage","Aggregate+1"],"picked":"SKIP","floor":27.0},{"not_picked":["Multi-Cast+1","Meteor Strike"],"picked":"Core Surge","floor":33.0},{"not_picked":["Turbo+1","Sweeping Beam"],"picked":"Hologram+1","floor":35.0},{"not_picked":["Cold Snap","Sweeping Beam"],"picked":"Coolheaded+1","floor":37.0},{"not_picked":["Stack+1","Rainbow+1","Chaos+1"],"picked":"SKIP","floor":39.0},{"not_picked":["Compile Driver","Aggregate+1","Sweeping Beam"],"picked":"SKIP","floor":42.0}],"player_experience":470977,"relics_obtained":[{"floor":9.0,"key":"Mercury Hourglass"},{"floor":10.0,"key":"Anchor"},{"floor":26.0,"key":"Toxic Egg 2"},{"floor":30.0,"key":"Bag of Preparation"}],"event_choices":[{"damage_healed":0.0,"max_hp_gain":0.0,"max_hp_loss":0.0,"gold_gain":0.0,"cards_transformed":["Strike_B"],"event_name":"Transmorgrifier","player_choice":"Transformed","floor":4.0,"gold_loss":0.0,"damage_taken":0.0,"cards_obtained":["Barrage"]},{"cards_removed":["Strike_B"],"damage_healed":0.0,"max_hp_gain":0.0,"max_hp_loss":0.0,"gold_gain":0.0,"event_name":"The Cleric","player_choice":"Card Removal","floor":7.0,"gold_loss":75.0,"damage_taken":0.0},{"damage_healed":0.0,"max_hp_gain":0.0,"max_hp_loss":7.0,"gold_gain":0.0,"event_name":"Golden Idol","player_choice":"Lose Max HP","floor":12.0,"gold_loss":0.0,"damage_taken":0.0,"relics_obtained":["Golden Idol"]},{"damage_healed":0.0,"max_hp_gain":0.0,"max_hp_loss":0.0,"gold_gain":0.0,"event_name":"Scrap Ooze","player_choice":"Success","floor":14.0,"gold_loss":0.0,"damage_taken":26.0,"relics_obtained":["Girya"]},{"damage_healed":0.0,"max_hp_gain":0.0,"max_hp_loss":0.0,"gold_gain":0.0,"event_name":"Accursed Blacksmith","player_choice":"Forge","floor":21.0,"gold_loss":0.0,"damage_taken":0.0,"cards_upgraded":["Darkness"]},{"damage_healed":0.0,"max_hp_gain":0.0,"max_hp_loss":0.0,"gold_gain":0.0,"event_name":"Duplicator","player_choice":"Copied","floor":24.0,"gold_loss":0.0,"damage_taken":0.0,"cards_obtained":["Darkness"]},{"damage_healed":0.0,"max_hp_gain":0.0,"max_hp_loss":0.0,"gold_gain":100.0,"event_name":"The Joust","player_choice":"Bet on Murderer","floor":29.0,"gold_loss":50.0,"damage_taken":0.0},{"damage_healed":0.0,"max_hp_gain":0.0,"max_hp_loss":0.0,"gold_gain":50.0,"event_name":"FaceTrader","player_choice":"Touch","floor":36.0,"gold_loss":0.0,"damage_taken":6.0}],"is_beta":false,"boss_relics":[{"not_picked":["Lizard Tail","Black Star"],"picked":"Astrolabe"},{"not_picked":["Cursed Key","White Beast Statue"],"picked":"Philosopher\u0027s Stone"}],"items_purged_floors":[20,38],"is_endless":false,"potions_floor_spawned":[5,11,19,27,33,35,39,42],"killed_by":"Nemesis","ascension_level":17}