{"gold_per_floor":[114,133,149,125,135,135,196,196,196,223,223,223,240,254,254,354,354,364,377,377,87,87,87,115,115,115,144,70,85,119,34,34,135,135,148,148,199,219,18,18,43,63,363,363,382,399,103,117,117,117],"floor_reached":51,"playtime":6795,"items_purged":[],"score":776,"play_id":"cee9abdf-0015-47c2-adf8-8ef896ad5f4e","local_time":"20190123123247","is_ascension_mode":true,"campfire_choices":[{"data":"Neutralize","floor":6.0,"key":"SMITH"},{"data":"Cloak And Dagger","floor":8.0,"key":"SMITH"},{"data":"Sucker Punch","floor":12.0,"key":"SMITH"},{"floor":15.0,"key":"REST"},{"data":"Footwork","floor":23.0,"key":"SMITH"},{"data":"Malaise","floor":25.0,"key":"SMITH"},{"data":"Bouncing Flask","floor":32.0,"key":"SMITH"},{"data":"Night Terror","floor":40,"key":"SMITH"},{"floor":44,"key":"REST"},{"floor":49,"key":"REST"}],"neow_cost":"NONE","seed_source_timestamp":0,"circlet_count":0,"master_deck":["Defend_G","Defend_G","Defend_G","Defend_G","Defend_G","Strike_G","Strike_G","Strike_G","Strike_G","Strike_G","Survivor","Neutralize+1","Blur","Catalyst","Cloak And Dagger+1","Sucker Punch+1","Footwork+1","Predator+1","Deadly Poison","Quick Slash+1","Malaise+1","Flying Knee+1","Dodge and Roll","Well Laid Plans","Backstab+1","Accuracy","Choke+1","Bouncing Flask+1","PiercingWail","Night Terror+1","Deflect","Poisoned Stab+1","Leg Sweep+1","Deflect+1","Catalyst+1","Impatience","Backflip+1"],"special_seed":0,"relics":["Ring of the Snake","Anchor","Turnip","Molten Egg 2","Mummified Hand","Sozu","Oddly Smooth Stone","Bag of Marbles","Gremlin Horn","Centennial Puzzle","Red Mask","Snake Skull","Black Star","Calipers","HandDrill","Question Card","Mango","Old Coin","Toy Ornithopter"],"potions_floor_usage":[50],"damage_taken":[{"damage":3.0,"enemies":"Cultist","floor":1.0,"turns":5.0},{"damage":0.0,"enemies":"Jaw Worm","floor":2.0,"turns":6.0},{"damage":0.0,"enemies":"Small Slimes","floor":3.0,"turns":4.0},{"damage":0.0,"enemies":"Blue Slaver","floor":5.0,"turns":7.0},{"damage":48.0,"enemies":"Gremlin Nob","floor":7.0,"turns":8.0},{"damage":8.0,"enemies":"Lagavulin","floor":10.0,"turns":14.0},{"damage":0.0,"enemies":"Exordium Wildlife","floor":13.0,"turns":7.0},{"damage":0.0,"enemies":"Red Slaver","floor":14.0,"turns":2.0},{"damage":13.0,"enemies":"Hexaghost","floor":16.0,"turns":13.0},{"damage":14.0,"enemies":"Shell Parasite","floor":18.0,"turns":6.0},{"damage":0.0,"enemies":"Chosen","floor":19.0,"turns":5.0},{"damage":2.0,"enemies":"Colosseum Slavers","floor":20.0,"turns":5.0},{"damage":0.0,"enemies":"Book of Stabbing","floor":24.0,"turns":7.0},{"damage":8.0,"enemies":"Gremlin Leader","floor":27.0,"turns":7.0},{"damage":0.0,"enemies":"3 Cultists","floor":29.0,"turns":5.0},{"damage":2.0,"enemies":"Masked Bandits","floor":30.0,"turns":4.0},{"damage":16.0,"enemies":"Automaton","floor":33.0,"turns":9.0},{"damage":0.0,"enemies":"Orb Walker","floor":35.0,"turns":4.0},{"damage":3,"enemies":"2 Orb Walkers","floor":37,"turns":6},{"damage":2,"enemies":"3 Darklings","floor":38,"turns":9},{"damage":59,"enemies":"Giant Head","floor":41,"turns":10},{"damage":0,"enemies":"4 Shapes","floor":42,"turns":3},{"damage":0,"enemies":"Writhing Mass","floor":45,"turns":5},{"damage":3,"enemies":"Jaw Worm Horde","floor":46,"turns":5},{"damage":10,"enemies":"Transient","floor":48,"turns":5},{"damage":64,"enemies":"Awakened One","floor":50,"turns":19}],"seed_played":"-7848092590637579941","potions_obtained":[{"floor":1.0,"key":"PowerPotion"},{"floor":2.0,"key":"Regen Potion"},{"floor":10.0,"key":"Block Potion"}],"is_trial":false,"path_per_floor":["M","M","M","?","M","R","?","R","T","E","?","R","M","M","R","B",null,"M","M","?","$","?","R","E","R","T","E","$","M","?","?","R","B",null,"M","?","?","M","$","R","E","M","T","R","M","M","$","M","R","B",null],"character_chosen":"THE_SILENT","items_purchased":["Oddly Smooth Stone","Well Laid Plans","Endless Agony+1","Choke+1","HandDrill","Toy Ornithopter","Impatience"],"campfire_rested":3,"item_purchase_floors":[21,21,21,28,39,47,47],"current_hp_per_floor":[67,67,67,67,67,67,19,19,19,11,11,11,11,11,32,19,70,56,56,54,54,47,47,47,47,47,39,39,39,37,37,37,21,70,70,70,67,65,65,65,20,20,20,45,45,42,42,32,57,13],"gold":117,"neow_bonus":"RANDOM_COMMON_RELIC","is_prod":false,"is_daily":false,"chose_seed":false,"campfire_upgraded":7,"win_rate":0,"timestamp":1548243167,"path_taken":["M","M","M","?","M","R","?","R","T","E","?","R","M","M","R","BOSS","M","M","?","$","?","R","E","R","T","E","$","?","?","?","R","BOSS","M","?","?","M","$","R","E","M","T","R","M","M","?","?","R","BOSS"],"build_version":"2018-12-20","purchased_purges":0,"victory":true,"max_hp_per_floor":[70,70,70,70,70,70,70,70,70,70,70,70,70,70,70,70,70,70,70,70,70,70,70,70,70,70,70,70,70,70,70,70,70,70,70,70,70,70,70,70,84,84,84,84,84,84,84,84,84,84],"card_choices":[{"not_picked":["Reflex","Tactician"],"picked":"Blur","floor":1.0},{"not_picked":["Poisoned Stab","Quick Slash"],"picked":"Catalyst","floor":2.0},{"not_picked":["PiercingWail","Dagger Spray"],"picked":"Cloak And Dagger","floor":3.0},{"not_picked":["Wraith Form v2","Dagger Throw"],"picked":"Sucker Punch","floor":5.0},{"not_picked":["Terror","Deadly Poison"],"picked":"Footwork","floor":7.0},{"not_picked":["Sucker Punch+1","PiercingWail"],"picked":"Predator+1","floor":10.0},{"not_picked":["Escape Plan","Poisoned Stab+1"],"picked":"Deadly Poison","floor":13.0},{"not_picked":["Deadly Poison","Outmaneuver"],"picked":"Quick Slash+1","floor":14.0},{"not_picked":["Unload+1","Adrenaline"],"picked":"Malaise","floor":16.0},{"not_picked":["Well Laid Plans","Bane+1"],"picked":"Flying Knee+1","floor":18.0},{"not_picked":["Skewer+1","Escape Plan"],"picked":"Dodge and Roll","floor":19.0},{"not_picked":["Leg Sweep","Deflect"],"picked":"Backstab+1","floor":24.0},{"not_picked":["PiercingWail","Backstab+1"],"picked":"Accuracy","floor":27.0},{"not_picked":["Dagger Spray+1","Catalyst"],"picked":"Bouncing Flask","floor":29.0},{"not_picked":["Slice+1","Reflex"],"picked":"PiercingWail","floor":30.0},{"not_picked":["Phantasmal Killer","Tools of the Trade"],"picked":"Night Terror","floor":33.0},{"not_picked":["Bane+1","Dash+1"],"picked":"Deflect","floor":35.0},{"not_picked":["PiercingWail","Blade Dance+1"],"picked":"Poisoned Stab+1","floor":37},{"not_picked":["Bullet Time","Underhanded Strike+1"],"picked":"Leg Sweep+1","floor":38},{"not_picked":["Reflex","Deadly Poison","Slice+1"],"picked":"SKIP","floor":41},{"not_picked":["Masterful Stab+1","Acrobatics","Die Die Die+1"],"picked":"Deflect+1","floor":42},{"not_picked":["Blade Dance","Accuracy+1","Bouncing Flask"],"picked":"Catalyst+1","floor":45},{"not_picked":["Predator+1","Deflect+1","Backflip","Accuracy"],"picked":"SKIP","floor":46},{"not_picked":["Dodge and Roll+1","Deflect+1","Dagger Spray+1"],"picked":"Backflip+1","floor":48}],"player_experience":114569,"relics_obtained":[{"floor":9.0,"key":"Molten Egg 2"},{"floor":10.0,"key":"Mummified Hand"},{"floor":24.0,"key":"Bag of Marbles"},{"floor":26.0,"key":"Gremlin Horn"},{"floor":27.0,"key":"Centennial Puzzle"},{"floor":30.0,"key":"Red Mask"},{"floor":37,"key":"Calipers"},{"floor":41,"key":"Question Card"},{"floor":41,"key":"Mango"},{"floor":43,"key":"Old Coin"}],"event_choices":[{"damage_healed":0.0,"max_hp_gain":0.0,"max_hp_loss":0.0,"gold_gain":0.0,"event_name":"World of Goop","player_choice":"Left Gold","floor":4.0,"gold_loss":24.0,"damage_taken":0.0},{"damage_healed":0.0,"max_hp_gain":0.0,"max_hp_loss":0.0,"gold_gain":0.0,"event_name":"Dead Adventurer","player_choice":"Searched \u00273\u0027 times","floor":7.0,"gold_loss":0.0,"damage_taken":0.0,"relics_obtained":["Turnip"]},{"damage_healed":0.0,"max_hp_gain":0.0,"max_hp_loss":0.0,"gold_gain":0.0,"event_name":"Liars Game","player_choice":"Ignored","floor":11.0,"gold_loss":0.0,"damage_taken":0.0},{"damage_healed":0.0,"max_hp_gain":0.0,"max_hp_loss":0.0,"gold_gain":0.0,"event_name":"Colosseum","player_choice":"Fight","floor":20.0,"gold_loss":0.0,"damage_taken":0.0},{"damage_healed":0.0,"max_hp_gain":0.0,"max_hp_loss":0.0,"gold_gain":0.0,"event_name":"Colosseum","player_choice":"Fled From Nobs","floor":20.0,"gold_loss":0.0,"damage_taken":0.0},{"damage_healed":0.0,"max_hp_gain":0.0,"max_hp_loss":0.0,"gold_gain":0.0,"event_name":"Knowing Skull","player_choice":"","floor":22.0,"potions_obtained":[],"gold_loss":0.0,"damage_taken":7.0,"cards_obtained":[]},{"damage_healed":0.0,"max_hp_gain":0.0,"max_hp_loss":0.0,"gold_gain":0.0,"event_name":"Masked Bandits","player_choice":"Fought Bandits","floor":30.0,"gold_loss":0.0,"damage_taken":0.0},{"damage_healed":0.0,"max_hp_gain":0.0,"max_hp_loss":0.0,"gold_gain":0.0,"event_name":"Addict","player_choice":"Obtained Relic","floor":31.0,"gold_loss":85.0,"damage_taken":0.0,"relics_obtained":["Snake Skull"]},{"cards_removed":["Endless Agony"],"damage_healed":0.0,"max_hp_gain":0.0,"max_hp_loss":0.0,"gold_gain":0.0,"event_name":"Falling","player_choice":"Removed Attack","floor":36.0,"gold_loss":0.0,"damage_taken":0.0},{"damage_healed":0,"gold_gain":0,"player_choice":"Fight","damage_taken":0,"max_hp_gain":0,"max_hp_loss":0,"event_name":"Mysterious Sphere","floor":37,"gold_loss":0}],"is_beta":false,"boss_relics":[{"not_picked":["Lizard Tail","Philosopher\u0027s Stone"],"picked":"Sozu"},{"not_picked":["Coffee Dripper","Velvet Choker"],"picked":"Black Star"}],"items_purged_floors":[],"is_endless":false,"potions_floor_spawned":[1,2,10,19,24,27,33,38,46,48],"ascension_level":1}