{"path_per_floor":["M","?","?","M","M","E","M","M","T","R","M","$","R","M","R","B",null,"M","M","?","M","M","R","$","E","T","$","?","?","E","M","R","B",null,"M","M","?","M","M","E","$","E","T","?","R","?","?","M","R","B"],"character_chosen":"IRONCLAD","items_purchased":["Matryoshka","Flex"],"gold_per_floor":[12,12,12,28,40,69,79,96,396,396,414,85,85,104,104,209,209,226,241,241,256,273,273,173,200,200,75,75,75,109,124,124,228,228,247,259,0,15,29,57,33,68,68,68,68,68,68,81,81,81],"floor_reached":51,"campfire_rested":1,"playtime":5930,"current_hp_per_floor":[80,80,64,68,74,52,54,46,46,46,45,45,45,43,43,14,80,74,78,63,50,62,62,62,67,74,74,74,74,82,87,87,61,92,92,86,86,90,59,73,73,42,42,42,42,42,65,69,92,59],"items_purged":["Fiend Fire","Strike_R","Strike_R"],"gold":81,"score":699,"play_id":"3a525aaa-8c41-4304-8ff7-56fa59b5b828","local_time":"20180330220436","is_prod":false,"is_daily":false,"is_ascension_mode":false,"campfire_upgraded":6,"timestamp":1522472676,"path_taken":["M","?","?","M","M","E","M","M","T","R","M","$","R","M","R","BOSS","M","M","?","M","M","R","$","E","T","$","?","?","E","M","R","BOSS","M","M","?","M","?","E","$","E","T","?","R","?","?","M","R","BOSS"],"build_version":"2018-03-29v2","purchased_purges":3,"victory":true,"master_deck":["Strike_R+1","Defend_R+1","Defend_R+1","Defend_R+1","Twin Strike","Clothesline+1","Pommel Strike+1","Flex+1","Reaper","Inflame+1","Shockwave+1","Clash","Metallicize+1","Whirlwind+1","Iron Wave+1","Berserk","Heavy Blade+1","Iron Wave+1","Clash","Flex","Fire Breathing+1","Shrug It Off+1","Dramatic Entrance","Writhe"],"max_hp_per_floor":[80,80,80,80,80,80,80,80,80,80,80,80,80,80,80,80,80,80,80,85,85,85,85,85,85,92,92,92,92,92,92,92,92,92,92,92,92,92,92,92,92,92,92,92,92,92,92,92,92,92],"relics":["Burning Blood","Kunai","Old Coin","Matryoshka","Sozu","Oddly Smooth Stone","War Paint","Strawberry","Anchor","Velvet Choker","Red Mask","Prayer Wheel","Letter Opener","Pen Nib","Centennial Puzzle"],"card_choices":[{"not_picked":["Uppercut","True Grit"],"picked":"Twin Strike","floor":5},{"not_picked":["Twin Strike","Sentinel"],"picked":"Clothesline","floor":7},{"not_picked":["Armaments","Pummel"],"picked":"Pommel Strike","floor":11},{"not_picked":["Havoc","Dropkick"],"picked":"Flex","floor":14},{"not_picked":["Double Tap","Immolate"],"picked":"Reaper","floor":16},{"not_picked":["Reckless Charge","Armaments"],"picked":"Inflame","floor":18},{"not_picked":["Shrug It Off","Clothesline"],"picked":"Shockwave","floor":19},{"not_picked":["Evolve","Flex"],"picked":"Clash","floor":22},{"not_picked":["Flame Barrier","Power Through"],"picked":"Metallicize","floor":25},{"not_picked":["Sword Boomerang","True Grit"],"picked":"Whirlwind","floor":30},{"not_picked":["Juggernaut","Dropkick"],"picked":"Iron Wave","floor":31},{"not_picked":["Brutality","Bludgeon"],"picked":"Berserk","floor":33},{"not_picked":["Pummel","Clothesline"],"picked":"Heavy Blade","floor":35},{"not_picked":["Pummel","Seeing Red"],"picked":"Iron Wave","floor":36},{"not_picked":["Shrug It Off","Feed"],"picked":"Clash","floor":40},{"not_picked":["Twin Strike","Inflame"],"picked":"Fire Breathing","floor":42},{"not_picked":["Thunderclap","Twin Strike"],"picked":"Shrug It Off","floor":43},{"not_picked":["Panacea","Deep Breath"],"picked":"Dramatic Entrance","floor":46}],"player_experience":192239,"potions_floor_usage":[16,16,50],"damage_taken":[{"damage":1,"enemies":"Jaw Worm","floor":1,"turns":5},{"damage":2,"enemies":"2 Louse","floor":4,"turns":3},{"damage":0,"enemies":"Small Slimes","floor":5,"turns":2},{"damage":28,"enemies":"Gremlin Nob","floor":6,"turns":4},{"damage":4,"enemies":"Blue Slaver","floor":7,"turns":5},{"damage":14,"enemies":"Large Slime","floor":8,"turns":7},{"damage":7,"enemies":"Looter","floor":11,"turns":3},{"damage":8,"enemies":"Exordium Wildlife","floor":14,"turns":5},{"damage":65,"enemies":"Hexaghost","floor":16,"turns":13},{"damage":12,"enemies":"Shell Parasite","floor":18,"turns":5},{"damage":8,"enemies":"Chosen","floor":19,"turns":4},{"damage":34,"enemies":"Slaver and Parasite","floor":21,"turns":9},{"damage":9,"enemies":"Snecko","floor":22,"turns":4},{"damage":24,"enemies":"Gremlin Leader","floor":25,"turns":7},{"damage":14,"enemies":"Book of Stabbing","floor":30,"turns":5},{"damage":8,"enemies":"Snake Plant","floor":31,"turns":4},{"damage":39,"enemies":"Champ","floor":33,"turns":14},{"damage":0,"enemies":"Orb Walker","floor":35,"turns":3},{"damage":12,"enemies":"3 Darklings","floor":36,"turns":3},{"damage":8,"enemies":"Sphere and 2 Shapes","floor":38,"turns":4},{"damage":39,"enemies":"4 Shapes","floor":39,"turns":4},{"damage":12,"enemies":"2 Orb Walkers","floor":40,"turns":4},{"damage":47,"enemies":"Nemesis","floor":42,"turns":5},{"damage":17,"enemies":"Maw","floor":48,"turns":6},{"damage":49,"enemies":"Time Eater","floor":50,"turns":13}],"event_choices":[{"event_name":"Living Wall","player_choice":"Change","floor":2,"damage_taken":0},{"event_name":"Shining Light","player_choice":"Entered Light","floor":3,"damage_taken":0},{"event_name":"Forgotten Altar","player_choice":"Shed Blood","floor":20,"damage_taken":0},{"event_name":"Bonfire Elementals","player_choice":"BASIC","floor":28,"damage_taken":0},{"event_name":"Drug Dealer","player_choice":"Ignored","floor":29,"damage_taken":0},{"event_name":"Tomb of Lord Red Mask","player_choice":"Paid","floor":37,"damage_taken":0},{"event_name":"The Moai Head","player_choice":"Ignored","floor":44,"damage_taken":0},{"event_name":"SensoryStone","player_choice":"Memory 1","floor":46,"damage_taken":0},{"event_name":"Winding Halls","player_choice":"Writhe","floor":47,"damage_taken":0}],"boss_relics":[{"not_picked":["Calling Bell","Eternal Feather"],"picked":"Sozu"},{"not_picked":["Astrolabe","Runic Dome"],"picked":"Velvet Choker"}],"potions_floor_spawned":[5,8,11,19,22,31,38,42],"seed_played":"-7032810943831327651","ascension_level":0,"is_trial":false}