{"gold_per_floor":[215,63,63,75,90,90,120,120,120,133,133,146,146],"floor_reached":13,"playtime":497,"items_purged":["Strike_B"],"score":106,"play_id":"bd58af15-f301-49c4-8e49-249b4d091cac","local_time":"20190427193544","is_ascension_mode":true,"campfire_choices":[{"data":"Capacitor","floor":6,"key":"SMITH"},{"data":"Zap","floor":8,"key":"SMITH"},{"data":"Coolheaded","floor":11,"key":"SMITH"}],"neow_cost":"NONE","seed_source_timestamp":1472285399371389,"circlet_count":0,"master_deck":["Strike_B+1","Strike_B","Strike_B","Defend_B","Defend_B+1","Defend_B","Defend_B","Zap+1","Dualcast","Capacitor+1","Coolheaded+1"],"relics":["Cracked Core","The Courier","Oddly Smooth Stone"],"potions_floor_usage":[],"damage_taken":[{"damage":0,"enemies":"Small Slimes","floor":1,"turns":3},{"damage":0,"enemies":"Jaw Worm","floor":4,"turns":3},{"damage":2,"enemies":"2 Louse","floor":5,"turns":3},{"damage":27,"enemies":"Lagavulin","floor":7,"turns":7},{"damage":6,"enemies":"Large Slime","floor":10,"turns":5},{"damage":13,"enemies":"Exordium Wildlife","floor":12,"turns":4},{"damage":19,"enemies":"3 Sentries","floor":13,"turns":4}],"seed_played":"3844756588188199677","potions_obtained":[{"floor":5,"key":"Energy Potion"},{"floor":7,"key":"Energy Potion"},{"floor":10,"key":"Explosive Potion"}],"is_trial":false,"path_per_floor":["M","$","?","M","M","R","E","R","T","M","R","M","E"],"character_chosen":"DEFECT","items_purchased":["Capacitor"],"campfire_rested":0,"item_purchase_floors":[2],"current_hp_per_floor":[75,75,60,60,58,58,31,31,31,25,25,12,0],"gold":146,"neow_bonus":"HUNDRED_GOLD","is_prod":false,"is_daily":false,"chose_seed":false,"campfire_upgraded":3,"win_rate":0,"timestamp":1556408144,"path_taken":["M","$","?","M","M","R","E","R","T","M","R","M","E"],"build_version":"2019-01-23","purchased_purges":1,"victory":false,"max_hp_per_floor":[75,75,75,75,75,75,75,75,75,75,75,75,75],"card_choices":[{"not_picked":["Steam","Barrage","Lockon"],"picked":"SKIP","floor":1},{"not_picked":["Barrage","Rip and Tear","Sunder"],"picked":"SKIP","floor":4},{"not_picked":["Ball Lightning","Gash","Hologram"],"picked":"SKIP","floor":5},{"not_picked":["Sweeping Beam","Sunder","Steam"],"picked":"SKIP","floor":7},{"not_picked":["Compile Driver","Hologram"],"picked":"Coolheaded","floor":10},{"not_picked":["Fusion","Turbo","Coolheaded"],"picked":"SKIP","floor":12}],"player_experience":102452,"relics_obtained":[{"floor":7,"key":"The Courier"},{"floor":9,"key":"Oddly Smooth Stone"}],"event_choices":[{"damage_healed":0,"gold_gain":0,"player_choice":"Entered Light","damage_taken":15,"max_hp_gain":0,"max_hp_loss":0,"event_name":"Shining Light","floor":3,"gold_loss":0,"cards_upgraded":["Strike_B","Defend_B"]}],"is_beta":false,"boss_relics":[],"items_purged_floors":[2],"is_endless":false,"potions_floor_spawned":[5,7,10,12],"killed_by":"3 Sentries","ascension_level":5}