{"gold_per_floor":[117,136,146,156,169,197,197,225,225,244,270,545,545,555,555,555],"floor_reached":16,"playtime":822,"items_purged":[],"score":114,"play_id":"524e5f09-2ebe-4bf3-9878-df1fffc4f5e8","local_time":"20181002132851","is_ascension_mode":false,"campfire_choices":[{"data":"Neutralize","floor":13,"key":"SMITH"},{"data":"Dash","floor":15,"key":"SMITH"}],"neow_cost":"NONE","seed_source_timestamp":19654233347181,"circlet_count":0,"master_deck":["Defend_G","Defend_G","Defend_G","Defend_G","Strike_G","Strike_G","Strike_G","Strike_G","Strike_G","Survivor","Neutralize+1","Deflect","Prepared","Dash+1","Dagger Spray","Crippling Poison","Dodge and Roll","Cloak And Dagger","Regret","Calculated Gamble","Dash","Regret","Quick Slash"],"relics":["Ring of the Snake","Regal Pillow","Meat on the Bone","Blood Vial","Paper Crane","Juzu Bracelet"],"potions_floor_usage":[6,8],"damage_taken":[{"damage":2,"enemies":"Small Slimes","floor":1,"turns":3},{"damage":0,"enemies":"Jaw Worm","floor":2,"turns":4},{"damage":0,"enemies":"Cultist","floor":3,"turns":4},{"damage":7,"enemies":"Exordium Thugs","floor":4,"turns":6},{"damage":0,"enemies":"2 Fungi Beasts","floor":5,"turns":3},{"damage":16,"enemies":"Gremlin Nob","floor":6,"turns":5},{"damage":6,"enemies":"3 Sentries","floor":8,"turns":6},{"damage":6,"enemies":"Large Slime","floor":10,"turns":8},{"damage":12,"enemies":"Exordium Wildlife","floor":14,"turns":4},{"damage":41,"enemies":"Hexaghost","floor":16,"turns":16}],"seed_played":"4136505310755673741","potions_obtained":[{"floor":4,"key":"GamblersBrew"},{"floor":5,"key":"Fire Potion"},{"floor":6,"key":"SteroidPotion"},{"floor":14,"key":"Swift Potion"}],"is_trial":false,"path_per_floor":["M","M","M","M","M","E","?","E","T","M","T","?","R","M","R"],"character_chosen":"THE_SILENT","items_purchased":[],"campfire_rested":0,"item_purchase_floors":[],"current_hp_per_floor":[68,68,68,61,61,45,45,39,39,47,47,47,47,37,37,0],"gold":555,"neow_bonus":"TRANSFORM_CARD","is_prod":false,"is_daily":false,"chose_seed":false,"campfire_upgraded":2,"win_rate":0,"timestamp":1538512131,"path_taken":["M","M","M","M","M","E","?","E","T","M","?","?","R","M","R","BOSS"],"build_version":"2018-09-27","purchased_purges":0,"victory":false,"max_hp_per_floor":[70,70,70,70,70,70,70,70,70,70,70,70,70,70,70,70],"card_choices":[{"not_picked":["Slice","Flying Knee"],"picked":"Prepared","floor":1},{"not_picked":["Quick Slash","Endless Agony"],"picked":"Dash","floor":2},{"not_picked":["Deadly Poison","All Out Attack"],"picked":"Dagger Spray","floor":3},{"not_picked":["PiercingWail","Dagger Throw"],"picked":"Crippling Poison","floor":4},{"not_picked":["Bane","Bouncing Flask"],"picked":"Dodge and Roll","floor":5},{"not_picked":["Dodge and Roll","Blade Dance"],"picked":"Cloak And Dagger","floor":6},{"not_picked":["Finisher","Tactician"],"picked":"Calculated Gamble","floor":8},{"not_picked":["Wraith Form v2","Skewer"],"picked":"Dash","floor":10},{"not_picked":["Flying Knee","Bane"],"picked":"Quick Slash","floor":14}],"player_experience":846783,"relics_obtained":[{"floor":6,"key":"Regal Pillow"},{"floor":8,"key":"Blood Vial"},{"floor":9,"key":"Paper Crane"},{"floor":11,"key":"Juzu Bracelet"}],"event_choices":[{"event_name":"Big Fish","player_choice":"Box","floor":7,"damage_taken":0},{"event_name":"Golden Shrine","player_choice":"Desecrate","floor":12,"damage_taken":0}],"is_beta":false,"boss_relics":[],"items_purged_floors":[],"is_endless":false,"potions_floor_spawned":[4,5,6,14],"killed_by":"Hexaghost","ascension_level":0}