{"path_per_floor":["M","?","M","M","?","R","E","R","T","R","M","M","M","M","R","B",null,"M","$"],"character_chosen":"IRONCLAD","items_purchased":[],"gold_per_floor":[112,142,159,173,123,123,157,157,157,157,176,192,211,229,229,330,330,347,297,237],"floor_reached":20,"campfire_rested":1,"playtime":1734,"current_hp_per_floor":[80,80,78,78,78,78,42,42,42,42,35,33,35,41,80,19,65,25,25,0],"items_purged":["Regret"],"gold":237,"score":220,"play_id":"588fa1ab-546d-4da6-8117-6f708dc14fc1","local_time":"20180415191458","is_prod":false,"is_daily":false,"chose_seed":false,"is_ascension_mode":true,"campfire_upgraded":3,"timestamp":1523844898,"path_taken":["M","?","M","?","?","R","E","R","T","R","M","M","M","M","R","BOSS","M","$","M"],"build_version":"2018-04-12","seed_source_timestamp":336364144345912,"purchased_purges":1,"victory":false,"master_deck":["Strike_R","Strike_R","Strike_R","Strike_R","Defend_R","Defend_R","Defend_R","Defend_R","Bash+1","Cleave+1","Shrug It Off","Headbutt","Battle Trance+1","Flex","Disarm","Battle Trance","Reckless Charge","Immolate","Decay","Regret","Regret","Cleave+1"],"max_hp_per_floor":[80,80,80,80,80,80,80,80,80,80,80,80,80,80,80,80,80,80,80,80],"relics":["Burning Blood","Regal Pillow","Tiny Chest","Dream Catcher","Smiling Mask","Calling Bell","Toolbox","Omamori","Peace Pipe"],"card_choices":[{"not_picked":["Pummel","Rampage"],"picked":"Cleave","floor":1},{"not_picked":["Armaments","Whirlwind"],"picked":"Shrug It Off","floor":3},{"not_picked":["Warcry","Heavy Blade"],"picked":"Headbutt","floor":4},{"not_picked":["Rampage","Clothesline"],"picked":"Battle Trance","floor":7},{"not_picked":["Evolve","Perfected Strike"],"picked":"Flex","floor":11},{"not_picked":["Flex","Burning Pact"],"picked":"Disarm","floor":12},{"not_picked":["Reaper","Pommel Strike"],"picked":"Battle Trance","floor":13},{"not_picked":["Bloodletting","True Grit"],"picked":"Reckless Charge","floor":14},{"not_picked":["Brutality","Limit Break"],"picked":"Immolate","floor":16},{"not_picked":["Dual Wield","Rupture"],"picked":"Cleave","floor":18}],"player_experience":287702,"potions_floor_usage":[7,13,16],"damage_taken":[{"damage":6,"enemies":"Small Slimes","floor":1,"turns":5},{"damage":8,"enemies":"Cultist","floor":3,"turns":4},{"damage":6,"enemies":"2 Louse","floor":4,"turns":3},{"damage":42,"enemies":"Lagavulin","floor":7,"turns":6},{"damage":13,"enemies":"Blue Slaver","floor":11,"turns":3},{"damage":8,"enemies":"3 Louse","floor":12,"turns":3},{"damage":4,"enemies":"Gremlin Gang","floor":13,"turns":2},{"damage":0,"enemies":"2 Fungi Beasts","floor":14,"turns":2},{"damage":82,"enemies":"Hexaghost","floor":16,"turns":12},{"damage":46,"enemies":"Shell Parasite","floor":18,"turns":6},{"damage":25,"enemies":"2 Thieves","floor":20,"turns":2}],"event_choices":[{"event_name":"Big Fish","player_choice":"Box","floor":2,"damage_taken":0},{"event_name":"The Cleric","player_choice":"Card Removal","floor":5,"damage_taken":0}],"boss_relics":[{"not_picked":["Philosopher\u0027s Stone","Astrolabe"],"picked":"Calling Bell"}],"potions_floor_spawned":[3,4,11,12,18],"seed_played":"3915176361750413532","killed_by":"2 Thieves","ascension_level":5,"is_trial":false}