{"gold_per_floor":[218,218,218,90,115,115,135,135,135,135,35,35,68,68,68,191,191,211,86,86,86,102,102,121,151,151,1,52,68,68,81,81,184,184,201,201],"floor_reached":36,"playtime":1736,"items_purged":["Strike_G","Defend_G","Strike_G","Strike_G"],"score":416,"play_id":"46dfb184-99e9-4e96-b942-fada427d5dc7","local_time":"20190421192344","is_ascension_mode":true,"campfire_choices":[{"data":"Cloak And Dagger","floor":6,"key":"SMITH"},{"data":"Flechettes","floor":8,"key":"SMITH"},{"data":"Backflip","floor":12,"key":"SMITH"},{"floor":15,"key":"REST"},{"data":"Adrenaline","floor":23,"key":"SMITH"},{"floor":30,"key":"REST"},{"data":"Deadly Poison","floor":32,"key":"SMITH"}],"neow_cost":"NONE","seed_source_timestamp":951889453121834,"circlet_count":0,"master_deck":["Defend_G","Defend_G","Defend_G","Strike_G","Survivor","Neutralize","Backflip+1","Cloak And Dagger+1","Flechettes+1","Adrenaline+1","Necronomicurse","Deadly Poison+1"],"relics":["Ring of the Snake","Bloody Idol","Bottled Lightning","Du-Vu Doll","Necronomicon","Pen Nib","Mummified Hand","Snake Skull","Fusion Hammer"],"potions_floor_usage":[25,33,33],"damage_taken":[{"damage":3,"enemies":"Jaw Worm","floor":1,"turns":7},{"damage":3,"enemies":"Small Slimes","floor":5,"turns":4},{"damage":0,"enemies":"Cultist","floor":7,"turns":4},{"damage":22,"enemies":"Gremlin Nob","floor":13,"turns":4},{"damage":15,"enemies":"The Guardian","floor":16,"turns":15},{"damage":5,"enemies":"2 Thieves","floor":18,"turns":4},{"damage":0,"enemies":"3 Byrds","floor":22,"turns":5},{"damage":22,"enemies":"Centurion and Healer","floor":24,"turns":6},{"damage":47,"enemies":"Slavers","floor":25,"turns":12},{"damage":0,"enemies":"3 Cultists","floor":29,"turns":4},{"damage":3,"enemies":"Shelled Parasite and Fungi","floor":31,"turns":5},{"damage":39,"enemies":"Collector","floor":33,"turns":9},{"damage":12,"enemies":"3 Shapes","floor":35,"turns":3},{"damage":103,"enemies":"2 Orb Walkers","floor":36,"turns":5}],"seed_played":"-2526613138706802733","potions_obtained":[{"floor":1,"key":"FairyPotion"},{"floor":7,"key":"Regen Potion"},{"floor":13,"key":"SpeedPotion"},{"floor":25,"key":"Poison Potion"}],"is_trial":false,"path_per_floor":["M","?","?","$","M","R","M","R","T","?","$","R","E","?","R","B",null,"M","$","?","?","M","R","M","E","T","$","T","M","R","M","R","B",null,"M","?"],"character_chosen":"THE_SILENT","items_purchased":["Cloak And Dagger"],"campfire_rested":2,"item_purchase_floors":[4],"current_hp_per_floor":[67,50,50,50,47,47,47,47,47,40,40,40,18,18,39,24,70,65,65,49,49,54,54,37,10,10,10,15,20,41,43,43,9,70,63,0],"gold":201,"neow_bonus":"HUNDRED_GOLD","is_prod":false,"is_daily":false,"chose_seed":false,"campfire_upgraded":5,"win_rate":0,"timestamp":1555889024,"path_taken":["M","?","?","$","?","R","M","R","T","?","$","R","E","?","R","BOSS","M","$","?","?","M","R","M","E","T","?","?","?","R","M","R","BOSS","M","?"],"build_version":"2019-01-23","purchased_purges":4,"victory":false,"max_hp_per_floor":[70,70,70,70,70,70,70,70,70,70,70,70,70,70,70,70,70,70,70,70,70,70,70,70,70,70,70,70,70,70,70,70,70,70,70,70],"card_choices":[{"not_picked":["Eviscerate","Accuracy"],"picked":"Backflip","floor":1},{"not_picked":["PiercingWail","Poisoned Stab","Dodge and Roll"],"picked":"SKIP","floor":5},{"not_picked":["Blade Dance","Caltrops"],"picked":"Flechettes","floor":7},{"not_picked":["Wraith Form v2","Backflip","Catalyst"],"picked":"SKIP","floor":13},{"not_picked":["Grand Finale","Storm of Steel"],"picked":"Adrenaline","floor":16},{"not_picked":["Poisoned Stab+1","Slice","Catalyst"],"picked":"SKIP","floor":18},{"not_picked":["Cloak And Dagger+1","Backflip","Flying Knee"],"picked":"SKIP","floor":22},{"not_picked":["Cloak And Dagger+1","Backflip","Flying Knee"],"picked":"SKIP","floor":22},{"not_picked":["Catalyst","Acrobatics"],"picked":"Deadly Poison","floor":24},{"not_picked":["Deflect","Bouncing Flask+1","Flying Knee"],"picked":"SKIP","floor":25},{"not_picked":["Caltrops","Acrobatics","Accuracy"],"picked":"SKIP","floor":29},{"not_picked":["Concentrate","Poisoned Stab","PiercingWail"],"picked":"SKIP","floor":31},{"not_picked":["Quick Slash+1","Masterful Stab","Choke+1"],"picked":"SKIP","floor":35}],"player_experience":71704,"relics_obtained":[{"floor":9,"key":"Bottled Lightning"},{"floor":13,"key":"Du-Vu Doll"},{"floor":20,"key":"Necronomicon"},{"floor":25,"key":"Pen Nib"},{"floor":26,"key":"Mummified Hand"},{"floor":28,"key":"Snake Skull"}],"event_choices":[{"damage_healed":0,"gold_gain":0,"player_choice":"Take Damage","damage_taken":17,"relics_obtained":["Golden Idol"],"max_hp_gain":0,"max_hp_loss":0,"event_name":"Golden Idol","floor":2,"gold_loss":0},{"cards_removed":["Defend_G"],"damage_healed":0,"gold_gain":0,"player_choice":"Forget","damage_taken":0,"max_hp_gain":0,"max_hp_loss":0,"event_name":"Living Wall","floor":3,"gold_loss":0},{"cards_removed":["Strike_G"],"damage_healed":0,"gold_gain":0,"player_choice":"Card Removal","damage_taken":7,"max_hp_gain":0,"max_hp_loss":0,"event_name":"Golden Wing","floor":10,"gold_loss":0},{"damage_healed":0,"gold_gain":0,"player_choice":"Bought 0 Potions","damage_taken":0,"max_hp_gain":0,"max_hp_loss":0,"event_name":"The Woman in Blue","floor":14,"gold_loss":0},{"damage_healed":0,"gold_gain":0,"player_choice":"Obtained Book","damage_taken":16,"max_hp_gain":0,"max_hp_loss":0,"event_name":"Cursed Tome","floor":20,"gold_loss":0},{"damage_healed":0,"gold_gain":0,"player_choice":"Gave Idol","damage_taken":0,"relics_obtained":["Bloody Idol"],"max_hp_gain":0,"max_hp_loss":0,"event_name":"Forgotten Altar","floor":21,"relics_lost":["Golden Idol"],"gold_loss":0},{"damage_healed":0,"gold_gain":0,"player_choice":"Fight","damage_taken":0,"max_hp_gain":0,"max_hp_loss":0,"event_name":"Mysterious Sphere","floor":36,"gold_loss":0}],"is_beta":false,"boss_relics":[{"not_picked":["HoveringKite","Pandora\u0027s Box","Astrolabe"]},{"not_picked":["Lizard Tail","Runic Dome"],"picked":"Fusion Hammer"}],"items_purged_floors":[4,11,19,27],"is_endless":false,"potions_floor_spawned":[1,7,13,18,22,25],"killed_by":"2 Orb Walkers","ascension_level":2}