{"gold_per_floor":[16,16,35,35,35,35,55,55,81,98,112,131,56,91,91,191,191,146,146,146,146,71,71,71,71,71,71,71,71,71,71,71,71,71,71,71,71,71,71,71,71,71,71,71,71,71,71,71,71,71],"floor_reached":51,"playtime":3106,"items_purged":["Strike_B"],"score":713,"play_id":"90278c0a-2708-44a8-a46d-ccfbbcb162ce","local_time":"20180714145428","is_ascension_mode":true,"campfire_choices":[{"data":"Zap","floor":6.0,"key":"SMITH"},{"data":"Steam","floor":8.0,"key":"SMITH"},{"floor":15.0,"key":"REST"},{"floor":23.0,"key":"REST"},{"data":"Electrodynamics","floor":28.0,"key":"SMITH"},{"data":"Static Discharge","floor":32.0,"key":"SMITH"},{"data":"Thunder Strike","floor":40.0,"key":"SMITH"},{"data":"Loop","floor":42.0,"key":"SMITH"},{"floor":49.0,"key":"REST"}],"neow_cost":"NO_GOLD","seed_source_timestamp":0,"circlet_count":0,"master_deck":["Strike_B+1","Defend_B+1","Defend_B+1","Defend_B+1","Defend_B+1","Zap+1","Dualcast+1","All For One+1","Streamline+1","Thunder Strike+1","Steam+1","Tempest+1","FTL+1","Loop+1","Ball Lightning+1","Electrodynamics+1","BootSequence+1","Stack+1","Conserve Battery+1","Reboot+1","Static Discharge+1","Go for the Eyes+1","Ball Lightning+1","Stack+1","Redo+1","Fission+1","Tempest+1"],"special_seed":0,"relics":["Cracked Core","Happy Flower","Whetstone","Bag of Marbles","Ectoplasm","Prayer Wheel","Bottled Tornado","Sozu","Potion Belt","Mark of the Bloom","Tiny Chest"],"potions_floor_usage":[],"damage_taken":[{"damage":8.0,"enemies":"2 Louse","floor":1.0,"turns":2.0},{"damage":1.0,"enemies":"Cultist","floor":3.0,"turns":3.0},{"damage":8.0,"enemies":"Small Slimes","floor":7.0,"turns":2.0},{"damage":4.0,"enemies":"Gremlin Gang","floor":10.0,"turns":3.0},{"damage":7.0,"enemies":"2 Fungi Beasts","floor":11.0,"turns":2.0},{"damage":2.0,"enemies":"Lots of Slimes","floor":12.0,"turns":2.0},{"damage":23.0,"enemies":"Lagavulin","floor":14.0,"turns":4.0},{"damage":6.0,"enemies":"Slime Boss","floor":16.0,"turns":5.0},{"damage":30.0,"enemies":"2 Thieves","floor":18.0,"turns":3.0},{"damage":0.0,"enemies":"3 Byrds","floor":19.0,"turns":3.0},{"damage":4.0,"enemies":"Centurion and Healer","floor":20.0,"turns":4.0},{"damage":26.0,"enemies":"Snake Plant","floor":21.0,"turns":4.0},{"damage":10.0,"enemies":"3 Cultists","floor":24.0,"turns":3.0},{"damage":13.0,"enemies":"Book of Stabbing","floor":27.0,"turns":4.0},{"damage":0.0,"enemies":"Centurion and Healer","floor":30.0,"turns":4.0},{"damage":3.0,"enemies":"Snake Plant","floor":31.0,"turns":3.0},{"damage":56.0,"enemies":"Collector","floor":33.0,"turns":7.0},{"damage":1.0,"enemies":"Orb Walker","floor":35.0,"turns":3.0},{"damage":0.0,"enemies":"Flame Bruiser 1 Orb","floor":36.0,"turns":3.0},{"damage":5.0,"enemies":"4 Shapes","floor":38.0,"turns":2.0},{"damage":0.0,"enemies":"Flame Bruiser 2 Orb","floor":39.0,"turns":3.0},{"damage":4.0,"enemies":"Sphere and 2 Shapes","floor":41.0,"turns":3.0},{"damage":0.0,"enemies":"Transient","floor":45.0,"turns":5.0},{"damage":0.0,"enemies":"Flame Bruiser 2 Orb","floor":47.0,"turns":4.0},{"damage":19.0,"enemies":"Giant Head","floor":48.0,"turns":5.0},{"damage":37,"enemies":"Donu and Deca","floor":50,"turns":6}],"seed_played":"7385832552735835272","potions_obtained":[{"floor":3.0,"key":"Block Potion"},{"floor":5.0,"key":"LiquidBronze"},{"floor":5.0,"key":"FocusPotion"},{"floor":20.0,"key":"FairyPotion"},{"floor":24.0,"key":"PowerPotion"}],"is_trial":false,"path_per_floor":["M","?","M","?","?","R","M","R","T","M","M","M","$","E","R","B",null,"M","M","M","M","?","R","M","?","T","E","R","?","M","M","R","B",null,"M","M","?","M","M","R","M","R","T","?","M","?","M","E","R","B"],"character_chosen":"DEFECT","items_purchased":[],"campfire_rested":3,"item_purchase_floors":[],"current_hp_per_floor":[67,67,66,59,59,59,51,51,51,47,40,38,38,15,37,31,75,45,45,41,15,15,37,27,52,52,39,39,39,39,36,36,7,75,74,74,74,69,69,69,65,65,65,65,65,65,65,46,46,9],"gold":71,"neow_bonus":"THREE_RARE_CARDS","is_prod":false,"is_daily":false,"chose_seed":false,"campfire_upgraded":6,"win_rate":0.0,"timestamp":1531605268,"path_taken":["M","?","?","?","?","R","?","R","T","M","M","M","$","E","R","BOSS","M","M","M","M","?","R","M","?","T","E","R","?","M","M","R","BOSS","M","?","?","M","M","R","?","R","T","?","M","?","M","E","R","BOSS"],"build_version":"2018-07-12","purchased_purges":1,"victory":true,"max_hp_per_floor":[75,75,75,75,75,75,75,75,75,75,75,75,75,75,75,75,75,75,75,75,75,75,75,75,75,75,75,75,75,75,75,75,75,75,75,75,75,75,75,75,75,75,75,75,75,75,75,75,75,75],"card_choices":[{"not_picked":["Multi-Cast","Machine Learning"],"picked":"All For One","floor":0.0},{"not_picked":["Leap","Rip and Tear"],"picked":"Streamline","floor":1.0},{"not_picked":["Cold Snap","White Noise"],"picked":"Steam","floor":3.0},{"not_picked":["Turbo","Barrage"],"picked":"Reprogram","floor":7.0},{"not_picked":["Coolheaded","Rebound"],"picked":"Tempest","floor":10.0},{"not_picked":["Fusion","Stack"],"picked":"FTL","floor":11.0},{"not_picked":["Darkness","Compile Driver"],"picked":"Loop","floor":12.0},{"not_picked":["Undo","Leap"],"picked":"Ball Lightning","floor":14.0},{"not_picked":["Seek","Multi-Cast"],"picked":"Electrodynamics","floor":16.0},{"not_picked":["Rebound+1","Compile Driver","Hologram+1"],"picked":"SKIP","floor":18.0},{"not_picked":["Compile Driver","Beam Cell"],"picked":"BootSequence","floor":19.0},{"not_picked":["Lockon+1","Blizzard","Buffer"],"picked":"SKIP","floor":20.0},{"not_picked":["Turbo","Chaos"],"picked":"Stack+1","floor":21.0},{"not_picked":["Darkness+1","Reprogram+1"],"picked":"Conserve Battery","floor":24.0},{"not_picked":["Aggregate","Hologram"],"picked":"Reboot","floor":27.0},{"not_picked":["Conserve Battery","Barrage"],"picked":"Static Discharge","floor":30.0},{"not_picked":["Doom and Gloom","BootSequence","Rebound"],"picked":"SKIP","floor":30.0},{"not_picked":["Fusion","Leap"],"picked":"Go for the Eyes","floor":31.0},{"not_picked":["Sweeping Beam","Rebound","Melter"],"picked":"SKIP","floor":31.0},{"not_picked":["Cold Snap+1","Scrape+1"],"picked":"Ball Lightning+1","floor":35.0},{"not_picked":["Self Repair+1","Fusion"],"picked":"Stack+1","floor":35.0},{"not_picked":["Heatsinks+1","Coolheaded"],"picked":"Redo","floor":36.0},{"not_picked":["Multi-Cast","Cold Snap","Glacier"],"picked":"SKIP","floor":36.0},{"not_picked":["Hologram+1","Rebound+1","Darkness"],"picked":"SKIP","floor":38.0},{"not_picked":["Tempest","Cold Snap+1","Sweeping Beam+1"],"picked":"SKIP","floor":38.0},{"not_picked":["Aggregate","Tempest","Scrape+1"],"picked":"SKIP","floor":39.0},{"not_picked":["Beam Cell+1","Self Repair+1","Streamline"],"picked":"SKIP","floor":39.0},{"not_picked":["Rebound+1","Go for the Eyes+1","Turbo"],"picked":"SKIP","floor":41.0},{"not_picked":["Consume+1","Fusion","Cold Snap"],"picked":"SKIP","floor":41.0},{"not_picked":["Stack+1","Beam Cell"],"picked":"Fission","floor":45.0},{"not_picked":["Gash","Redo","Sweeping Beam"],"picked":"SKIP","floor":45.0},{"not_picked":["Gash","Redo","Sweeping Beam"],"picked":"SKIP","floor":45.0},{"not_picked":["Conserve Battery","Beam Cell"],"picked":"Tempest+1","floor":47.0},{"not_picked":["Consume+1","Genetic Algorithm+1","Compile Driver"],"picked":"SKIP","floor":47.0},{"not_picked":["Reboot","Gash+1","Buffer"],"picked":"SKIP","floor":48.0}],"player_experience":581440,"relics_obtained":[{"floor":9.0,"key":"Whetstone"},{"floor":14.0,"key":"Bag of Marbles"},{"floor":26.0,"key":"Prayer Wheel"},{"floor":27.0,"key":"Bottled Tornado"},{"floor":43.0,"key":"Potion Belt"},{"floor":48.0,"key":"Tiny Chest"}],"event_choices":[{"event_name":"Living Wall","player_choice":"Change","floor":2.0,"damage_taken":0.0},{"event_name":"Scrap Ooze","player_choice":"success","floor":4.0,"damage_taken":7.0},{"event_name":"The Lab","player_choice":"Got Potions","floor":5.0,"damage_taken":0.0},{"event_name":"Beggar","player_choice":"Gave Gold","floor":22.0,"damage_taken":0.0},{"event_name":"The Library","player_choice":"Heal","floor":25.0,"damage_taken":0.0},{"event_name":"Nest","player_choice":"Stole From Cult","floor":29.0,"damage_taken":0.0},{"event_name":"SecretPortal","player_choice":"Rejected Portal.","floor":37.0,"damage_taken":0.0},{"event_name":"Falling","player_choice":"Removed Attack","floor":44.0,"damage_taken":0.0},{"event_name":"MindBloom","player_choice":"Upgrade","floor":46.0,"damage_taken":0.0}],"boss_relics":[{"not_picked":["Inserter","White Beast Statue"],"picked":"Ectoplasm"},{"not_picked":["Cursed Key","Pandora\u0027s Box"],"picked":"Sozu"}],"items_purged_floors":[13],"is_endless":false,"potions_floor_spawned":[3,12,14,20,21,24,27,31,36,38,39,47],"ascension_level":1}