{"path_per_floor":["M","M","M","?","M","R","E","R","T","?","E","M","E","M","R","B",null,"M","M","$","?","M","R","M"],"character_chosen":"IRONCLAD","items_purchased":["Madness","Iron Wave"],"gold_per_floor":[14,27,40,40,58,58,83,83,83,83,116,133,164,174,174,279,309,319,307,162,162,176,176,187],"floor_reached":25,"campfire_rested":1,"playtime":2086,"current_hp_per_floor":[96,96,96,96,82,82,40,40,40,64,55,52,42,20,48,39,101,91,59,59,59,57,57,21],"items_purged":[],"gold":187,"score":250,"play_id":"b9d17762-8b78-4a85-95a4-d1d5acb32f53","is_prod":false,"is_daily":false,"is_ascension_mode":false,"campfire_upgraded":3,"path_taken":["M","M","M","?","M","R","E","R","T","?","E","M","E","M","R","BOSS","M","M","$","?","M","R","M","E"],"build_version":"2018-02-15-PROD1","purchased_purges":0,"victory":false,"master_deck":["Strike_R","Strike_R","Strike_R","Strike_R","Strike_R+1","Defend_R+1","Defend_R","Defend_R","Defend_R","Bash+1","Disarm+1","Seeing Red","Seeing Red","Warcry","Iron Wave","Parasite","Bludgeon+1","Spot Weakness","Flex","Blood for Blood","Reaper+1","Anger","Flex","Warcry","Madness","Iron Wave","Pommel Strike","Shockwave"],"max_hp_per_floor":[96,96,96,96,96,96,96,96,96,96,96,96,96,96,96,96,101,101,101,101,101,101,101,101],"relics":["Burning Blood","Lantern","Matryoshka","Pen Nib","Whetstone","Tiny House","Regal Pillow"],"card_choices":[{"not_picked":["Heavy Blade","Rage"],"picked":"Disarm"},{"not_picked":["Flex","Wild Strike"],"picked":"Seeing Red"},{"not_picked":["Heavy Blade","Clash"],"picked":"Seeing Red"},{"not_picked":["Headbutt","Combust"],"picked":"Warcry"},{"not_picked":["Searing Blow","Reckless Charge"],"picked":"Iron Wave"},{"not_picked":["Dark Embrace","Immolate"],"picked":"Bludgeon"},{"not_picked":["Sever Soul","Iron Wave"],"picked":"Spot Weakness"},{"not_picked":["Clash","Cleave"],"picked":"Flex"},{"not_picked":["Reckless Charge","Headbutt"],"picked":"Blood for Blood"},{"not_picked":["Limit Break","Dark Embrace"],"picked":"Reaper"},{"not_picked":["Inflame","Sword Boomerang"],"picked":"Anger"},{"not_picked":["Clash","Hemokinesis"],"picked":"Flex"},{"not_picked":["Power Through","Corruption"],"picked":"Warcry"},{"not_picked":["Warcry","Battle Trance"],"picked":"Pommel Strike"},{"not_picked":["Fiend Fire","Rampage"],"picked":"Shockwave"}],"player_experience":38450,"potions_floor_usage":[11,13,16,16,25,25],"damage_taken":[{"damage":3,"enemies":"Small Slimes","floor":1,"turns":3},{"damage":0,"enemies":"Jaw Worm","floor":2,"turns":5},{"damage":3,"enemies":"Cultist","floor":3,"turns":4},{"damage":20,"enemies":"3 Louse","floor":5,"turns":4},{"damage":48,"enemies":"Gremlin Nob","floor":7,"turns":5},{"damage":15,"enemies":"3 Sentries","floor":11,"turns":10},{"damage":9,"enemies":"Blue Slaver","floor":12,"turns":4},{"damage":16,"enemies":"Gremlin Nob","floor":13,"turns":5},{"damage":28,"enemies":"Lots of Slimes","floor":14,"turns":5},{"damage":15,"enemies":"The Guardian","floor":16,"turns":7},{"damage":16,"enemies":"Shell Parasite","floor":18,"turns":6},{"damage":38,"enemies":"2 Thieves","floor":19,"turns":4},{"damage":14,"enemies":"Snecko","floor":22,"turns":4},{"damage":50,"enemies":"3 Cultists","floor":24,"turns":6},{"damage":32,"enemies":"Slavers","floor":25,"turns":1}],"event_choices":[{"event_name":"The Cleric","player_choice":"Leave","floor":4,"damage_taken":0},{"event_name":"Mushrooms","player_choice":"Healed and dodged fight","floor":10,"damage_taken":0},{"event_name":"The Mausoleum","player_choice":"Yes","floor":21,"damage_taken":0}],"boss_relics":[{"not_picked":["Runic Dome","Question Card"],"picked":"Tiny House"}],"potions_floor_spawned":[2,5,7,11,16,18],"seed_played":"-806344147239579513","killed_by":"Slavers","ascension_level":0,"is_trial":false}