{"gold_per_floor":[112,126,137,137,312,312,328,79,79,79,92,112,112],"floor_reached":13,"playtime":861,"items_purged":["Doubt"],"score":127,"play_id":"8417f03f-e434-4ef5-81e6-05bf25f24916","local_time":"20190121112905","is_ascension_mode":true,"campfire_choices":[{"data":"Zap","floor":6,"key":"SMITH"},{"data":"Dualcast","floor":10,"key":"SMITH"}],"neow_cost":"TEN_PERCENT_HP_LOSS","seed_source_timestamp":1109894838574,"circlet_count":0,"master_deck":["AscendersBane","Strike_B","Strike_B","Defend_B","Defend_B","Defend_B","Defend_B","Zap+1","Dualcast+1","Steam","Defragment","Tempest","Conserve Battery","Leap","Loop","Coolheaded"],"relics":["Cracked Core","Du-Vu Doll","Bottled Flame"],"potions_floor_usage":[12,13,13],"damage_taken":[{"damage":3,"enemies":"2 Louse","floor":1,"turns":3},{"damage":1,"enemies":"Jaw Worm","floor":2,"turns":3},{"damage":0,"enemies":"Small Slimes","floor":3,"turns":3},{"damage":15,"enemies":"Exordium Thugs","floor":7,"turns":4},{"damage":7,"enemies":"Large Slime","floor":11,"turns":5},{"damage":6,"enemies":"2 Fungi Beasts","floor":12,"turns":3},{"damage":52,"enemies":"Gremlin Nob","floor":13,"turns":4}],"seed_played":"-1340875622188477898","potions_obtained":[{"floor":1,"key":"SmokeBomb"},{"floor":11,"key":"FocusPotion"},{"floor":12,"key":"PowerPotion"}],"is_trial":false,"path_per_floor":["M","M","M","?","?","R","M","$","T","R","M","M","E"],"character_chosen":"DEFECT","items_purchased":["Leap","Loop","Swift Potion"],"campfire_rested":0,"item_purchase_floors":[8,8,8],"current_hp_per_floor":[65,64,64,57,57,57,42,42,42,42,35,29,0],"gold":112,"neow_bonus":"TRANSFORM_TWO_CARDS","is_prod":false,"is_daily":false,"chose_seed":false,"campfire_upgraded":2,"win_rate":0,"timestamp":1548091745,"path_taken":["M","M","M","?","?","R","M","$","T","R","M","M","E"],"build_version":"2019-01-17v2","purchased_purges":1,"victory":false,"max_hp_per_floor":[68,68,68,68,68,68,68,68,68,68,68,68,68],"card_choices":[{"not_picked":["Sweeping Beam","Reprogram"],"picked":"Tempest","floor":1},{"not_picked":["Steam","Turbo"],"picked":"Conserve Battery","floor":2},{"not_picked":["Redo","Scrape","Streamline"],"picked":"SKIP","floor":3},{"not_picked":["Scrape","Rebound","Stack"],"picked":"SKIP","floor":7},{"not_picked":["Redo","Turbo"],"picked":"Coolheaded","floor":11},{"not_picked":["Darkness","Leap","Stack"],"picked":"SKIP","floor":12}],"player_experience":478484,"relics_obtained":[{"floor":9,"key":"Bottled Flame"}],"event_choices":[{"damage_healed":0,"gold_gain":0,"player_choice":"Success","damage_taken":7,"relics_obtained":["Du-Vu Doll"],"max_hp_gain":0,"max_hp_loss":0,"event_name":"Scrap Ooze","floor":4,"gold_loss":0},{"damage_healed":0,"gold_gain":175,"player_choice":"AGREE","damage_taken":0,"max_hp_gain":0,"max_hp_loss":0,"event_name":"Liars Game","floor":5,"gold_loss":0,"cards_obtained":["Doubt"]}],"is_beta":false,"boss_relics":[],"items_purged_floors":[8],"is_endless":false,"potions_floor_spawned":[1,11,12],"killed_by":"Gremlin Nob","ascension_level":13}