{"gold_per_floor":[218,293,293,313,238,238,278,278,278,278,296,26,46,46,46,135,135,135,135,135,135,135,135,135,135,135,135,135,135,135,32,32,32,32,32,32,32,0,0,0,0,0,0,0,0,0,0,0,0,0,0],"floor_reached":51,"playtime":4793,"items_purged":["Strike_B"],"score":1535,"play_id":"c6c553b4-a19b-451b-a881-348c65fb8d8b","local_time":"20190301172452","is_ascension_mode":true,"campfire_choices":[{"data":"Zap","floor":6.0,"key":"SMITH"},{"data":"Dualcast","floor":8.0,"key":"SMITH"},{"data":"Chill","floor":10.0,"key":"SMITH"},{"data":"Biased Cognition","floor":15.0,"key":"SMITH"},{"data":"Darkness","floor":23.0,"key":"SMITH"},{"data":"Reinforced Body","floor":25.0,"key":"SMITH"},{"data":"Coolheaded","floor":32.0,"key":"SMITH"},{"data":"Panacea","floor":40.0,"key":"SMITH"},{"floor":42.0,"key":"REST"},{"data":"Electrodynamics","floor":44.0,"key":"SMITH"},{"data":"Meteor Strike","floor":46.0,"key":"SMITH"},{"floor":49.0,"key":"REST"}],"neow_cost":"NONE","seed_source_timestamp":6353822326333,"circlet_count":0,"master_deck":["AscendersBane","Strike_B+1","Defend_B+1","Defend_B+1","Defend_B+1","Defend_B+1","Zap+1","Dualcast+1","Chill+1","Sweeping Beam+1","Ball Lightning+1","Chaos+1","Biased Cognition+1","Compile Driver+1","Cold Snap+1","Electrodynamics+1","Darkness+1","Steam+1","Creative AI+1","Compile Driver+1","Reinforced Body+1","Coolheaded+1","Panacea+1","Meteor Strike+1","Recycle+1","Capacitor+1"],"special_seed":0,"relics":["Cracked Core","Golden Idol","Matryoshka","Art of War","Omamori","Ectoplasm","Nunchaku","Vajra","Cables","Singing Bowl","Meat on the Bone","Bag of Marbles","Snecko Eye","Red Mask","Bird Faced Urn","Regal Pillow","Bronze Scales","Thread and Needle","Mark of the Bloom","Oddly Smooth Stone"],"potions_floor_usage":[],"damage_taken":[{"damage":7.0,"enemies":"Jaw Worm","floor":1.0,"turns":3.0},{"damage":0.0,"enemies":"Small Slimes","floor":4.0,"turns":3.0},{"damage":6.0,"enemies":"3 Sentries","floor":7.0,"turns":9.0},{"damage":0.0,"enemies":"2 Louse","floor":11.0,"turns":2.0},{"damage":0.0,"enemies":"Gremlin Gang","floor":13.0,"turns":3.0},{"damage":16.0,"enemies":"The Guardian","floor":16.0,"turns":9.0},{"damage":0.0,"enemies":"3 Byrds","floor":18.0,"turns":4.0},{"damage":2.0,"enemies":"Shell Parasite","floor":19.0,"turns":3.0},{"damage":9.0,"enemies":"Snake Plant","floor":20.0,"turns":3.0},{"damage":10.0,"enemies":"Centurion and Healer","floor":22.0,"turns":5.0},{"damage":8.0,"enemies":"Gremlin Leader","floor":24.0,"turns":4.0},{"damage":11.0,"enemies":"Slavers","floor":27.0,"turns":6.0},{"damage":0.0,"enemies":"Gremlin Leader","floor":29.0,"turns":6.0},{"damage":14.0,"enemies":"Champ","floor":33.0,"turns":8.0},{"damage":0.0,"enemies":"3 Shapes","floor":35.0,"turns":3.0},{"damage":3.0,"enemies":"Orb Walker","floor":36.0,"turns":3.0},{"damage":0.0,"enemies":"2 Orb Walkers","floor":39.0,"turns":3.0},{"damage":60.0,"enemies":"Reptomancer","floor":41.0,"turns":7.0},{"damage":16.0,"enemies":"Nemesis","floor":45.0,"turns":6.0},{"damage":2.0,"enemies":"Donu and Deca","floor":50.0,"turns":10.0},{"damage":61,"enemies":"Time Eater","floor":51,"turns":5}],"seed_played":"-5180833495904329430","potions_obtained":[{"floor":4.0,"key":"Fire Potion"},{"floor":11.0,"key":"SkillPotion"},{"floor":19.0,"key":"LiquidBronze"},{"floor":24.0,"key":"Regen Potion"},{"floor":29.0,"key":"Strength Potion"},{"floor":36.0,"key":"SpeedPotion"},{"floor":41.0,"key":"Block Potion"}],"is_trial":false,"path_per_floor":["M","?","?","M","?","R","E","R","T","R","M","$","M","?","R","B",null,"M","M","M","?","M","R","E","R","T","E","T","E","?","$","R","B",null,"M","M","?","?","?","R","E","R","T","R","E","R","?","T","R","B","B"],"character_chosen":"DEFECT","items_purchased":["Biased Cognition","Compile Driver","Panacea"],"campfire_rested":2,"item_purchase_floors":[12,12,31],"current_hp_per_floor":[57,46,46,46,46,46,40,40,40,40,40,40,40,40,40,24,54,54,52,43,43,33,33,25,25,25,29,29,43,43,43,43,41,60,62,59,68,68,70,70,36,72,72,72,62,62,62,62,62,60,0],"gold":0,"neow_bonus":"HUNDRED_GOLD","is_prod":false,"is_daily":false,"chose_seed":false,"campfire_upgraded":10,"win_rate":0,"timestamp":1551482692,"path_taken":["M","?","?","?","?","R","E","R","T","R","M","$","M","?","R","BOSS","M","?","?","?","?","R","E","R","T","E","?","E","?","$","R","BOSS","M","M","?","?","?","R","E","R","T","R","E","R","?","?","R","BOSS","BOSS"],"build_version":"2019-01-23","purchased_purges":1,"victory":false,"max_hp_per_floor":[71,71,64,64,64,64,64,64,64,64,64,64,64,64,64,64,64,64,64,64,64,64,64,64,64,64,64,64,66,66,66,66,66,66,68,68,68,68,70,70,72,72,72,72,72,72,72,72,72,72,72],"card_choices":[{"not_picked":["Gash","Hologram"],"picked":"Chill","floor":1.0},{"not_picked":["Rebound","Redo"],"picked":"Sweeping Beam","floor":4.0},{"not_picked":["Stack","Scrape"],"picked":"Ball Lightning","floor":7.0},{"not_picked":["Redo","Turbo"],"picked":"Chaos","floor":11.0},{"not_picked":["Storm","Skim"],"picked":"Cold Snap","floor":13.0},{"not_picked":["Biased Cognition","Meteor Strike"],"picked":"Electrodynamics","floor":16.0},{"not_picked":["Compile Driver","Stack","Streamline"],"picked":"SKIP","floor":18.0},{"not_picked":["Heatsinks","Force Field"],"picked":"Darkness","floor":19.0},{"not_picked":["Hello World","Redo"],"picked":"Steam","floor":20.0},{"not_picked":["Beam Cell","Go for the Eyes"],"picked":"Compile Driver","floor":22.0},{"not_picked":["Turbo","Steam"],"picked":"Reinforced Body","floor":24.0},{"not_picked":["Loop","Scrape"],"picked":"Coolheaded","floor":27.0},{"not_picked":["Compile Driver","Undo","Ball Lightning"],"picked":"Singing Bowl","floor":29.0},{"not_picked":["Reboot","Buffer"],"picked":"Meteor Strike","floor":33.0},{"not_picked":["Melter","Lockon","Redo"],"picked":"Singing Bowl","floor":35.0},{"not_picked":["Beam Cell","Darkness"],"picked":"Recycle+1","floor":36.0},{"not_picked":["Streamline","Steam","Cold Snap"],"picked":"Singing Bowl","floor":39.0},{"not_picked":["Steam","Stack","Amplify"],"picked":"Singing Bowl","floor":41.0},{"not_picked":["Genetic Algorithm","Auto Shields+1"],"picked":"Capacitor+1","floor":45.0}],"player_experience":602882,"relics_obtained":[{"floor":7.0,"key":"Matryoshka"},{"floor":9.0,"key":"Art of War"},{"floor":9.0,"key":"Omamori"},{"floor":24.0,"key":"Nunchaku"},{"floor":26.0,"key":"Vajra"},{"floor":26.0,"key":"Cables"},{"floor":27.0,"key":"Singing Bowl"},{"floor":28.0,"key":"Meat on the Bone"},{"floor":29.0,"key":"Bag of Marbles"},{"floor":39.0,"key":"Bird Faced Urn"},{"floor":41.0,"key":"Regal Pillow"},{"floor":43.0,"key":"Bronze Scales"},{"floor":45.0,"key":"Thread and Needle"},{"floor":48.0,"key":"Oddly Smooth Stone"}],"event_choices":[{"damage_healed":0.0,"max_hp_gain":0.0,"max_hp_loss":0.0,"gold_gain":75.0,"event_name":"World of Goop","player_choice":"Gather Gold","floor":2.0,"gold_loss":0.0,"damage_taken":11.0},{"damage_healed":0.0,"max_hp_gain":0.0,"max_hp_loss":7.0,"gold_gain":0.0,"event_name":"Golden Idol","player_choice":"Lose Max HP","floor":3.0,"gold_loss":0.0,"damage_taken":0.0,"relics_obtained":["Golden Idol"]},{"cards_removed":["Strike_B"],"damage_healed":0.0,"max_hp_gain":0.0,"max_hp_loss":0.0,"gold_gain":0.0,"event_name":"The Cleric","player_choice":"Card Removal","floor":5.0,"gold_loss":75.0,"damage_taken":0.0},{"damage_healed":0.0,"max_hp_gain":0.0,"max_hp_loss":0.0,"gold_gain":0.0,"event_name":"Accursed Blacksmith","player_choice":"Forge","floor":14.0,"gold_loss":0.0,"damage_taken":0.0,"cards_upgraded":["Chaos"]},{"damage_healed":0.0,"max_hp_gain":0.0,"max_hp_loss":0.0,"gold_gain":0.0,"cards_transformed":["Strike_B"],"event_name":"Transmorgrifier","player_choice":"Transformed","floor":21.0,"gold_loss":0.0,"damage_taken":0.0,"cards_obtained":["Creative AI"]},{"damage_healed":0.0,"max_hp_gain":0.0,"max_hp_loss":0.0,"gold_gain":0.0,"event_name":"The Mausoleum","player_choice":"Ignored","floor":30.0,"gold_loss":0.0,"damage_taken":0.0},{"damage_healed":14.0,"max_hp_gain":0.0,"max_hp_loss":0.0,"gold_gain":0.0,"event_name":"Winding Halls","player_choice":"Writhe","floor":37.0,"gold_loss":0.0,"damage_taken":0.0,"cards_obtained":["Writhe"]},{"damage_healed":0.0,"max_hp_gain":0.0,"max_hp_loss":0.0,"gold_gain":0.0,"event_name":"Tomb of Lord Red Mask","player_choice":"Paid","floor":38.0,"gold_loss":32.0,"damage_taken":0.0,"relics_obtained":["Red Mask"]},{"damage_healed":0.0,"max_hp_gain":0.0,"max_hp_loss":0.0,"gold_gain":0.0,"event_name":"Mysterious Sphere","player_choice":"Fight","floor":39.0,"gold_loss":0.0,"damage_taken":0.0},{"damage_healed":0.0,"max_hp_gain":0.0,"max_hp_loss":0.0,"gold_gain":0.0,"event_name":"MindBloom","player_choice":"Upgrade","floor":47.0,"gold_loss":0.0,"damage_taken":0.0,"cards_upgraded":["Strike_B","Defend_B","Defend_B","Defend_B","Defend_B","Sweeping Beam","Ball Lightning","Compile Driver","Cold Snap","Steam","Creative AI","Compile Driver"],"relics_obtained":["Mark of the Bloom"]}],"is_beta":false,"boss_relics":[{"not_picked":["Lizard Tail","Coffee Dripper"],"picked":"Ectoplasm"},{"not_picked":["Black Star","Pandora\u0027s Box"],"picked":"Snecko Eye"}],"items_purged_floors":[12],"is_endless":false,"potions_floor_spawned":[4,11,19,24,29,33,35,36,41],"killed_by":"Time Eater","ascension_level":20}