{"gold_per_floor":[109,123,123,137,151,151,184,199,199,199,230,230,230,258,258,329,329,345,355,403,422,422,422,447,447,474,474,505,22,50,67,67,139,139,156,201,201,201,51,51,51,84,84,112,112,112,42,52,52,52],"floor_reached":51,"playtime":3478,"items_purged":["Catalyst"],"score":1456,"play_id":"c8c28754-fbba-45b5-8fdb-07950c8e8a8c","local_time":"20190219115215","is_ascension_mode":true,"campfire_choices":[{"data":"Neutralize","floor":6.0,"key":"SMITH"},{"data":"After Image","floor":10.0,"key":"SMITH"},{"data":"Blade Dance","floor":13.0,"key":"SMITH"},{"data":"Cloak And Dagger","floor":15.0,"key":"SMITH"},{"data":"Malaise","floor":23.0,"key":"SMITH"},{"data":"Adrenaline","floor":25.0,"key":"SMITH"},{"data":"Caltrops","floor":27.0,"key":"SMITH"},{"data":"Accuracy","floor":32.0,"key":"SMITH"},{"data":"A Thousand Cuts","floor":40.0,"key":"SMITH"},{"data":"Finisher","floor":45.0,"key":"SMITH"},{"floor":49.0,"key":"REST"}],"neow_cost":"NONE","seed_source_timestamp":0,"circlet_count":0,"master_deck":["AscendersBane","Defend_G+1","Defend_G+1","Defend_G+1","Defend_G+1","Strike_G+1","Survivor+1","Neutralize+1","Unload+1","Backflip+1","Adrenaline+1","Backstab+1","After Image+1","Blade Dance+1","Cloak And Dagger+1","Malaise+1","Leg Sweep+1","Quick Slash+1","Dagger Throw+1","Caltrops+1","Accuracy+1","Caltrops+1","Bandage Up+1","A Thousand Cuts+1","Dagger Spray+1","Adrenaline+1","PiercingWail+1","Bane+1","Calculated Gamble+1","Crippling Poison+1","Finisher+1","Panacea+1","Accuracy+1","Terror+1","Well Laid Plans+1","Infinite Blades+1","Blade Dance+1"],"special_seed":0,"relics":["Ring of the Snake","Bottled Lightning","Shuriken","Anchor","Thread and Needle","Eternal Feather","Bronze Scales","Calipers","Orichalcum","Strawberry","Dodecahedron","Vajra","Astrolabe","Bird Faced Urn","Pantograph","Frozen Egg 2","Bottled Flame","Kunai","Mark of the Bloom"],"potions_floor_usage":[50,50],"damage_taken":[{"damage":1.0,"enemies":"Cultist","floor":1.0,"turns":4.0},{"damage":0.0,"enemies":"2 Louse","floor":2.0,"turns":3.0},{"damage":0.0,"enemies":"Small Slimes","floor":4.0,"turns":3.0},{"damage":1.0,"enemies":"2 Fungi Beasts","floor":5.0,"turns":4.0},{"damage":14.0,"enemies":"3 Sentries","floor":7.0,"turns":12.0},{"damage":0.0,"enemies":"Blue Slaver","floor":8.0,"turns":5.0},{"damage":13.0,"enemies":"Gremlin Nob","floor":11.0,"turns":4.0},{"damage":1.0,"enemies":"3 Sentries","floor":14.0,"turns":6.0},{"damage":0.0,"enemies":"Hexaghost","floor":16.0,"turns":11.0},{"damage":0.0,"enemies":"3 Byrds","floor":18.0,"turns":6.0},{"damage":0.0,"enemies":"Spheric Guardian","floor":19.0,"turns":3.0},{"damage":0.0,"enemies":"Cultist and Chosen","floor":21.0,"turns":7.0},{"damage":1.0,"enemies":"Book of Stabbing","floor":24.0,"turns":6.0},{"damage":7.0,"enemies":"Slavers","floor":28.0,"turns":5.0},{"damage":2.0,"enemies":"Gremlin Leader","floor":30.0,"turns":7.0},{"damage":6.0,"enemies":"Shelled Parasite and Fungi","floor":31.0,"turns":5.0},{"damage":0.0,"enemies":"Champ","floor":33.0,"turns":9.0},{"damage":0.0,"enemies":"3 Shapes","floor":35.0,"turns":4.0},{"damage":7.0,"enemies":"2 Orb Walkers","floor":36.0,"turns":5.0},{"damage":34.0,"enemies":"Reptomancer","floor":42.0,"turns":5.0},{"damage":9.0,"enemies":"Nemesis","floor":44.0,"turns":7.0},{"damage":0.0,"enemies":"Orb Walker","floor":48.0,"turns":3.0},{"damage":47,"enemies":"Donu and Deca","floor":50,"turns":6}],"seed_played":"1038982957213155353","potions_obtained":[{"floor":2.0,"key":"Energy Potion"},{"floor":4.0,"key":"Ancient Potion"},{"floor":12.0,"key":"FearPotion"},{"floor":12.0,"key":"EntropicBrew"},{"floor":16.0,"key":"Dexterity Potion"},{"floor":28.0,"key":"Poison Potion"},{"floor":33.0,"key":"Fruit Juice"},{"floor":36.0,"key":"Fire Potion"},{"floor":48.0,"key":"LiquidBronze"}],"is_trial":false,"path_per_floor":["M","M","?","M","M","R","E","M","T","R","E","?","R","E","R","B",null,"M","M","T","M","?","R","E","R","T","R","E","$","E","M","R","B",null,"M","?","?","?","$","R","T","E","T","E","R","?","$","M","R","B",null],"character_chosen":"THE_SILENT","items_purchased":["Caltrops","Dodecahedron","Bandage Up","Accuracy","Terror","Infinite Blades+1"],"campfire_rested":1,"item_purchase_floors":[29,29,29,39,39,47],"current_hp_per_floor":[58,58,58,58,57,57,43,43,43,43,30,30,30,29,29,29,57,57,57,57,57,57,66,65,66,66,66,66,66,68,66,73,78,78,78,72,72,72,72,74,74,44,44,53,74,74,74,74,74,27],"gold":52,"neow_bonus":"ONE_RANDOM_RARE_CARD","is_prod":false,"is_daily":false,"chose_seed":false,"campfire_upgraded":10,"win_rate":0,"timestamp":1550573535,"path_taken":["M","M","?","M","?","R","E","M","T","R","E","?","R","E","R","BOSS","M","?","?","M","?","R","E","R","T","R","E","$","E","?","R","BOSS","M","?","?","?","$","R","?","E","T","E","R","?","$","M","R","BOSS"],"build_version":"2019-01-23","purchased_purges":1,"victory":true,"max_hp_per_floor":[66,66,66,66,66,66,66,66,66,66,66,66,66,66,66,66,66,66,66,66,66,66,66,66,66,66,66,73,73,73,73,73,78,78,78,78,74,74,74,74,74,74,74,74,74,74,74,74,74,74],"card_choices":[{"not_picked":["Flechettes","Choke"],"picked":"Backflip","floor":1.0},{"not_picked":["Backflip","Sucker Punch"],"picked":"Catalyst","floor":2.0},{"not_picked":["Dodge and Roll","Cloak And Dagger"],"picked":"Adrenaline","floor":4.0},{"not_picked":["Finisher","Deflect"],"picked":"Backstab","floor":5.0},{"not_picked":["Sucker Punch","Underhanded Strike"],"picked":"After Image","floor":7.0},{"not_picked":["Outmaneuver","Caltrops","Choke"],"picked":"SKIP","floor":8.0},{"not_picked":["Choke","Eviscerate"],"picked":"Blade Dance","floor":11.0},{"not_picked":["Flechettes","Acrobatics"],"picked":"Cloak And Dagger","floor":14.0},{"not_picked":["Venomology","Night Terror"],"picked":"Malaise","floor":16.0},{"not_picked":["Underhanded Strike","Quick Slash"],"picked":"Leg Sweep","floor":18.0},{"not_picked":["Distraction","Catalyst"],"picked":"Quick Slash","floor":19.0},{"not_picked":["Bane+1","Noxious Fumes+1"],"picked":"Dagger Throw","floor":21.0},{"not_picked":["Sucker Punch","Prepared+1","Acrobatics"],"picked":"SKIP","floor":24.0},{"not_picked":["Blade Dance","Sucker Punch"],"picked":"Accuracy","floor":28.0},{"not_picked":["Dodge and Roll","Outmaneuver+1"],"picked":"A Thousand Cuts","floor":30.0},{"not_picked":["Sucker Punch","Concentrate"],"picked":"Dagger Spray","floor":31.0},{"not_picked":["Night Terror","Wraith Form v2"],"picked":"Adrenaline","floor":33.0},{"not_picked":["Sucker Punch","Underhanded Strike"],"picked":"Crippling Poison+1","floor":35.0},{"not_picked":["Flying Knee+1","Unload"],"picked":"Finisher","floor":36.0},{"not_picked":["Secret Technique","Deep Breath"],"picked":"Panacea","floor":38.0},{"not_picked":["Setup","Quick Slash"],"picked":"Well Laid Plans","floor":42.0},{"not_picked":["Prepared","Choke","Eviscerate"],"picked":"SKIP","floor":44.0},{"not_picked":["Slice","Cloak And Dagger+1"],"picked":"Blade Dance+1","floor":48.0}],"player_experience":382704,"relics_obtained":[{"floor":7.0,"key":"Bottled Lightning"},{"floor":9.0,"key":"Shuriken"},{"floor":11.0,"key":"Anchor"},{"floor":14.0,"key":"Thread and Needle"},{"floor":20.0,"key":"Bronze Scales"},{"floor":24.0,"key":"Calipers"},{"floor":26.0,"key":"Orichalcum"},{"floor":28.0,"key":"Strawberry"},{"floor":30.0,"key":"Vajra"},{"floor":36.0,"key":"Bird Faced Urn"},{"floor":41.0,"key":"Pantograph"},{"floor":42.0,"key":"Frozen Egg 2"},{"floor":43.0,"key":"Bottled Flame"},{"floor":44.0,"key":"Kunai"}],"event_choices":[{"cards_removed":["Strike_G"],"damage_healed":0.0,"max_hp_gain":0.0,"max_hp_loss":0.0,"gold_gain":0.0,"event_name":"Bonfire Elementals","player_choice":"Offered Basic","floor":3.0,"gold_loss":0.0,"damage_taken":0.0},{"damage_healed":0.0,"max_hp_gain":0.0,"max_hp_loss":0.0,"gold_gain":0.0,"event_name":"Lab","player_choice":"Got Potions","floor":12.0,"gold_loss":0.0,"damage_taken":0.0},{"damage_healed":0.0,"max_hp_gain":0.0,"max_hp_loss":0.0,"gold_gain":0.0,"cards_transformed":["Strike_G"],"event_name":"Transmorgrifier","player_choice":"Transformed","floor":22.0,"gold_loss":0.0,"damage_taken":0.0,"cards_obtained":["Caltrops"]},{"damage_healed":0.0,"max_hp_gain":0.0,"max_hp_loss":0.0,"gold_gain":0.0,"event_name":"Mysterious Sphere","player_choice":"Fight","floor":36.0,"gold_loss":0.0,"damage_taken":0.0},{"damage_healed":0.0,"max_hp_gain":0.0,"max_hp_loss":4.0,"gold_gain":0.0,"event_name":"Winding Halls","player_choice":"Max HP","floor":37.0,"gold_loss":0.0,"damage_taken":0.0},{"damage_healed":0.0,"max_hp_gain":0.0,"max_hp_loss":0.0,"gold_gain":0.0,"event_name":"SensoryStone","player_choice":"Memory 1","floor":38.0,"gold_loss":0.0,"damage_taken":0.0},{"damage_healed":0.0,"max_hp_gain":0.0,"max_hp_loss":0.0,"gold_gain":0.0,"event_name":"MindBloom","player_choice":"Upgrade","floor":46.0,"gold_loss":0.0,"damage_taken":0.0,"cards_upgraded":["Defend_G","Defend_G","Defend_G","Defend_G","Strike_G","Survivor","Unload","Backflip","Backstab","Leg Sweep","Quick Slash","Dagger Throw","Caltrops","Bandage Up","Dagger Spray","Adrenaline","Panacea","Accuracy","Terror"],"relics_obtained":["Mark of the Bloom"]}],"is_beta":false,"boss_relics":[{"not_picked":["Empty Cage","Busted Crown"],"picked":"Eternal Feather"},{"not_picked":["HoveringKite","Calling Bell"],"picked":"Astrolabe"}],"items_purged_floors":[29],"is_endless":false,"potions_floor_spawned":[2,4,5,11,16,18,28,30,31,33,36,44,48],"ascension_level":14}