{"path_per_floor":["M","M","M","M","M","E","R","$","T","?","$","R","E","?","R","B",null,"M","$","M","?","M","E","R"],"character_chosen":"IRONCLAD","items_purchased":["Wild Strike"],"gold_per_floor":[10,26,42,60,72,104,104,29,56,231,131,131,163,163,163,265,265,255,77,96,11,29,60,60,60],"floor_reached":25,"campfire_rested":2,"playtime":2658,"current_hp_per_floor":[73,75,78,80,63,25,49,49,49,49,49,49,32,32,32,30,68,67,67,59,59,59,38,62,0],"items_purged":["Strike_R","Doubt","Strike_R"],"gold":60,"score":312,"play_id":"c6ac5a93-cb28-43de-906a-89bf4d2b63f6","local_time":"20180420113750","is_prod":false,"is_daily":false,"chose_seed":false,"is_ascension_mode":true,"campfire_upgraded":2,"timestamp":1524249470,"path_taken":["M","M","M","M","M","E","R","$","T","?","$","R","E","?","R","BOSS","M","$","M","?","M","E","R","E"],"build_version":"2018-04-19","seed_source_timestamp":1475494751024,"purchased_purges":4,"victory":false,"master_deck":["Strike_R","Defend_R","Defend_R+1","Defend_R","Defend_R+1","Bash+1","Cleave","Shrug It Off","Rage","Iron Wave+1","Iron Wave","Clothesline+1","Clash","Power Through","Offering","True Grit","Wild Strike","Body Slam","Offering"],"max_hp_per_floor":[80,80,80,80,80,80,80,80,80,80,80,80,80,80,80,80,80,80,80,80,80,80,80,80,80],"relics":["Burning Blood","Prayer Wheel","Orichalcum","War Paint","Cursed Key","Ancient Tea Set","Smiling Mask"],"card_choices":[{"not_picked":["Dual Wield","Havoc"],"picked":"Cleave","floor":1},{"not_picked":["Sever Soul","Bloodletting"],"picked":"Shrug It Off","floor":2},{"not_picked":["Armaments","Thunderclap"],"picked":"Rage","floor":3},{"not_picked":["Corruption","Cleave"],"picked":"Iron Wave","floor":4},{"not_picked":["Warcry","Flex"],"picked":"Iron Wave","floor":5},{"not_picked":["Fiend Fire","Twin Strike"],"picked":"Clothesline","floor":6},{"not_picked":["Body Slam","Evolve"],"picked":"Clash","floor":9},{"not_picked":["Shrug It Off","Cleave"],"picked":"Power Through","floor":13},{"not_picked":["Bludgeon","Double Tap"],"picked":"Offering","floor":16},{"not_picked":["Ghostly Armor","Perfected Strike"],"picked":"True Grit","floor":18},{"not_picked":["Sword Boomerang","Twin Strike"],"picked":"Body Slam","floor":22},{"not_picked":["Wild Strike","Shockwave"],"picked":"Offering","floor":23}],"player_experience":324597,"potions_floor_usage":[4,16,23,23],"damage_taken":[{"damage":5,"enemies":"Cultist","floor":1,"turns":5},{"damage":4,"enemies":"Small Slimes","floor":2,"turns":4},{"damage":3,"enemies":"Jaw Worm","floor":3,"turns":4},{"damage":2,"enemies":"Gremlin Gang","floor":4,"turns":4},{"damage":23,"enemies":"Large Slime","floor":5,"turns":14},{"damage":44,"enemies":"Lagavulin","floor":6,"turns":11},{"damage":23,"enemies":"Gremlin Nob","floor":13,"turns":6},{"damage":8,"enemies":"Hexaghost","floor":16,"turns":10},{"damage":7,"enemies":"2 Thieves","floor":18,"turns":4},{"damage":14,"enemies":"Spheric Guardian","floor":20,"turns":4},{"damage":6,"enemies":"Centurion and Healer","floor":22,"turns":8},{"damage":42,"enemies":"Book of Stabbing","floor":23,"turns":10},{"damage":62,"enemies":"Slavers","floor":25,"turns":6}],"event_choices":[{"event_name":"Liars Game","player_choice":"agreed","floor":10,"damage_taken":0},{"event_name":"Upgrade Shrine","player_choice":"Upgraded","floor":14,"damage_taken":0},{"event_name":"Addict","player_choice":"Obtained Relic","floor":21,"damage_taken":0}],"boss_relics":[{"not_picked":["Astrolabe","Black Blood"],"picked":"Cursed Key"}],"potions_floor_spawned":[3,5,6,20],"seed_played":"-8919442613836770790","killed_by":"Slavers","ascension_level":7,"is_trial":false}