{"gold_per_floor":[115,115,40,40,50,50,76,76,131,143,143,163,163,181,181,252,252,262,105,105,117,132,132,150,150,150,150,167,214,97,111,111,111],"floor_reached":33,"playtime":2360,"items_purged":["Strike_B","Strike_B"],"score":544,"play_id":"2cd2a7c0-25d1-4072-bb69-4cf551aa01f4","local_time":"20190301105003","is_ascension_mode":true,"campfire_choices":[{"data":"Zap","floor":6,"key":"SMITH"},{"data":"Dualcast","floor":8,"key":"SMITH"},{"data":"Hologram","floor":15,"key":"SMITH"},{"floor":23,"key":"REST"},{"floor":25,"key":"REST"},{"floor":32,"key":"REST"}],"neow_cost":"NONE","seed_source_timestamp":2948940879249,"circlet_count":0,"master_deck":["AscendersBane","Defend_B","Defend_B","Defend_B","Defend_B","Zap+1","Dualcast+1","Ball Lightning","Hologram+1","Compile Driver","Loop","Capacitor","Compile Driver","Echo Form","Barrage","Coolheaded","Biased Cognition","FTL","Glacier"],"relics":["FrozenCore","NeowsBlessing","Gambling Chip","Blue Candle","Omamori","Mummified Hand","Dream Catcher","Pocketwatch"],"potions_floor_usage":[16,16,21,22,31],"damage_taken":[{"damage":0,"enemies":"Small Slimes","floor":1,"turns":1},{"damage":0,"enemies":"2 Louse","floor":5,"turns":1},{"damage":0,"enemies":"Lagavulin","floor":7,"turns":1},{"damage":0,"enemies":"Cultist","floor":10,"turns":2},{"damage":9,"enemies":"3 Louse","floor":12,"turns":3},{"damage":15,"enemies":"Large Slime","floor":14,"turns":5},{"damage":21,"enemies":"The Guardian","floor":16,"turns":9},{"damage":15,"enemies":"3 Byrds","floor":18,"turns":5},{"damage":20,"enemies":"Shell Parasite","floor":21,"turns":4},{"damage":11,"enemies":"Cultist and Chosen","floor":22,"turns":6},{"damage":16,"enemies":"Snake Plant","floor":24,"turns":6},{"damage":21,"enemies":"3 Cultists","floor":28,"turns":6},{"damage":0,"enemies":"Centurion and Healer","floor":31,"turns":5},{"damage":44,"enemies":"Champ","floor":33,"turns":13}],"seed_played":"3324681808023596844","potions_obtained":[{"floor":1,"key":"Swift Potion"},{"floor":12,"key":"Energy Potion"},{"floor":18,"key":"FocusPotion"},{"floor":24,"key":"PowerPotion"}],"is_trial":false,"path_per_floor":["M","?","$","?","M","R","E","R","T","M","?","M","?","M","R","B",null,"M","$","?","M","M","R","M","R","T","?","M","T","?","M","R","B"],"character_chosen":"DEFECT","items_purchased":["Energy Potion"],"campfire_rested":3,"item_purchase_floors":[19],"current_hp_per_floor":[64,38,38,38,38,38,38,38,38,38,31,22,39,24,24,3,54,39,39,39,19,8,29,13,34,34,34,13,13,13,13,34,0],"gold":111,"neow_bonus":"THREE_ENEMY_KILL","is_prod":false,"is_daily":false,"chose_seed":false,"campfire_upgraded":3,"win_rate":0,"timestamp":1551459003,"path_taken":["M","?","$","?","?","R","E","R","T","M","?","M","?","M","R","BOSS","M","$","?","M","M","R","M","R","T","?","M","?","?","?","R","BOSS"],"build_version":"2019-01-23","purchased_purges":2,"victory":false,"max_hp_per_floor":[71,71,71,71,71,71,71,71,71,71,71,71,71,71,71,71,71,71,71,71,71,71,71,71,71,71,71,71,71,71,71,71,71],"card_choices":[{"not_picked":["Loop","Chaos"],"picked":"Ball Lightning","floor":1},{"not_picked":["Gash","Steam"],"picked":"Hologram","floor":5},{"not_picked":["Gash","Beam Cell"],"picked":"Compile Driver","floor":7},{"not_picked":["Compile Driver","Force Field"],"picked":"Loop","floor":10},{"not_picked":["Fusion","Self Repair"],"picked":"Capacitor","floor":12},{"not_picked":["Turbo","Stack"],"picked":"Compile Driver","floor":14},{"not_picked":["Electrodynamics","Biased Cognition"],"picked":"Echo Form","floor":16},{"not_picked":["Beam Cell","Conserve Battery"],"picked":"Barrage","floor":18},{"not_picked":["Force Field","Gash+1","Fusion"],"picked":"SKIP","floor":21},{"not_picked":["Lockon","Redo","Rebound"],"picked":"SKIP","floor":22},{"not_picked":["Barrage","Turbo"],"picked":"Coolheaded","floor":24},{"not_picked":["Meteor Strike","Compile Driver"],"picked":"FTL","floor":28},{"not_picked":["Steam","Darkness","Gash"],"picked":"SKIP","floor":31},{"not_picked":["Steam","Darkness","Gash"],"picked":"SKIP","floor":31},{"not_picked":["Go for the Eyes","Conserve Battery+1"],"picked":"Glacier","floor":32}],"player_experience":596730,"relics_obtained":[{"floor":7,"key":"Blue Candle"},{"floor":9,"key":"Omamori"},{"floor":26,"key":"Mummified Hand"},{"floor":29,"key":"Dream Catcher"}],"event_choices":[{"damage_healed":0,"gold_gain":0,"player_choice":"Success","damage_taken":26,"relics_obtained":["Gambling Chip"],"max_hp_gain":0,"max_hp_loss":0,"event_name":"Scrap Ooze","floor":2,"gold_loss":0},{"cards_removed":["Strike_B"],"damage_healed":0,"gold_gain":0,"player_choice":"Offered Basic","damage_taken":0,"max_hp_gain":0,"max_hp_loss":0,"event_name":"Bonfire Elementals","floor":4,"gold_loss":0},{"cards_removed":["Strike_B"],"damage_healed":0,"gold_gain":0,"player_choice":"Card Removal","damage_taken":7,"max_hp_gain":0,"max_hp_loss":0,"event_name":"Golden Wing","floor":11,"gold_loss":0},{"damage_healed":17,"gold_gain":0,"player_choice":"Healed and dodged fight","damage_taken":0,"max_hp_gain":0,"max_hp_loss":0,"event_name":"Mushrooms","floor":13,"gold_loss":0,"cards_obtained":["Parasite"]},{"damage_healed":0,"gold_gain":0,"player_choice":"Ignored","damage_taken":0,"max_hp_gain":0,"max_hp_loss":0,"event_name":"Vampires","floor":20,"gold_loss":0},{"damage_healed":0,"gold_gain":0,"player_choice":"Read","damage_taken":0,"max_hp_gain":0,"max_hp_loss":0,"event_name":"The Library","floor":27,"gold_loss":0,"cards_obtained":["Biased Cognition"]},{"damage_healed":0,"gold_gain":0,"player_choice":"Paid Gold","damage_taken":0,"relics_obtained":["Pocketwatch"],"max_hp_gain":0,"max_hp_loss":0,"event_name":"WeMeetAgain","floor":30,"gold_loss":117}],"is_beta":false,"boss_relics":[{"not_picked":["Empty Cage","Black Star"],"picked":"FrozenCore"}],"items_purged_floors":[3,19],"is_endless":false,"potions_floor_spawned":[1,12,14,18,24],"killed_by":"Champ","ascension_level":20}