{"gold_per_floor":[117,267,267,55,55,83,83,108,135,135,60,60,74,108,108,182,182,195,211,211,25,36,36,49,59,134,167,177,191,18,35,35,107,407,425,425,425,442,65,65,92,103,103,133,133,150,150,169,169,169,169],"floor_reached":52,"playtime":4710,"items_purged":["Regret","Shame"],"score":2125,"play_id":"4e402149-a6ee-473b-8d8c-3198d4cec92c","local_time":"20190428184557","is_ascension_mode":true,"campfire_choices":[{"data":"Tempest","floor":7.0,"key":"SMITH"},{"data":"Zap","floor":10.0,"key":"SMITH"},{"data":"Meteor Strike","floor":12.0,"key":"SMITH"},{"floor":15.0,"key":"REST"},{"floor":23.0,"key":"REST"},{"data":"Metamorphosis","floor":32.0,"key":"SMITH"},{"data":"Chill","floor":40.0,"key":"SMITH"},{"data":"Seek","floor":45.0,"key":"SMITH"},{"data":"Seek","floor":47.0,"key":"SMITH"},{"data":"Storm","floor":49.0,"key":"SMITH"}],"neow_cost":"NONE","seed_source_timestamp":1467769791054232,"circlet_count":0,"master_deck":["AscendersBane","Strike_B","Strike_B","Strike_B","Strike_B","Defend_B","Defend_B","Defend_B","Defend_B","Zap+1","Dualcast","Glacier","PanicButton","Turbo+1","Tempest+1","Glacier","Genetic Algorithm","Seek+1","Coolheaded+1","Cold Snap","Metamorphosis+1","White Noise+1","Static Discharge","Hello World","Chill+1","Force Field","Seek+1","Storm+1","Core Surge","Injury","Shame","Aggregate+1","Jack Of All Trades+1","Turbo+1","Chill+1","Double Energy+1","Electrodynamics"],"special_seed":0,"relics":["Cracked Core","NeowsBlessing","Dead Branch","Blood Vial","Bird Faced Urn","Regal Pillow","Pen Nib","Lizard Tail","Pear","Du-Vu Doll","Calling Bell","PreservedInsect","Toxic Egg 2","Old Coin","Sling","FossilizedHelix","Thread and Needle","Cables"],"potions_floor_usage":[50],"damage_taken":[{"damage":0.0,"enemies":"Jaw Worm","floor":1.0,"turns":1.0},{"damage":0.0,"enemies":"Lagavulin","floor":6.0,"turns":1.0},{"damage":0.0,"enemies":"Gremlin Nob","floor":8.0,"turns":1.0},{"damage":0.0,"enemies":"Small Slimes","floor":13.0,"turns":2.0},{"damage":15.0,"enemies":"Lagavulin","floor":14.0,"turns":4.0},{"damage":12.0,"enemies":"Hexaghost","floor":16.0,"turns":13.0},{"damage":9.0,"enemies":"Spheric Guardian","floor":18.0,"turns":7.0},{"damage":14.0,"enemies":"Shell Parasite","floor":19.0,"turns":4.0},{"damage":11.0,"enemies":"Centurion and Healer","floor":22.0,"turns":13.0},{"damage":0.0,"enemies":"Sentry and Sphere","floor":24.0,"turns":4.0},{"damage":0.0,"enemies":"Cultist and Chosen","floor":25.0,"turns":5.0},{"damage":12.0,"enemies":"Gremlin Leader","floor":27.0,"turns":5.0},{"damage":5.0,"enemies":"Centurion and Healer","floor":28.0,"turns":8.0},{"damage":11.0,"enemies":"3 Cultists","floor":29.0,"turns":7.0},{"damage":2.0,"enemies":"Chosen and Byrds","floor":31.0,"turns":7.0},{"damage":49.0,"enemies":"Collector","floor":33.0,"turns":4.0},{"damage":38.0,"enemies":"3 Darklings","floor":35.0,"turns":5.0},{"damage":17.0,"enemies":"3 Shapes","floor":38.0,"turns":5.0},{"damage":0.0,"enemies":"Giant Head","floor":41.0,"turns":2.0},{"damage":0.0,"enemies":"Spire Growth","floor":42.0,"turns":5.0},{"damage":0.0,"enemies":"Nemesis","floor":44.0,"turns":3.0},{"damage":0.0,"enemies":"Sphere and 2 Shapes","floor":46.0,"turns":5.0},{"damage":0.0,"enemies":"Transient","floor":48.0,"turns":6.0},{"damage":63,"enemies":"Time Eater","floor":50,"turns":11},{"damage":45,"enemies":"Awakened One","floor":51,"turns":8}],"seed_played":"-7063871145108260295","potions_obtained":[{"floor":1.0,"key":"FocusPotion"},{"floor":13.0,"key":"LiquidBronze"},{"floor":14.0,"key":"FearPotion"},{"floor":27.0,"key":"Poison Potion"},{"floor":28.0,"key":"PowerPotion"},{"floor":29.0,"key":"Block Potion"},{"floor":41.0,"key":"AttackPotion"},{"floor":46.0,"key":"SteroidPotion"}],"is_trial":false,"path_per_floor":["M","?","?","$","?","E","R","E","T","R","?","R","M","E","R","B",null,"M","M","?","$","M","R","M","M","T","E","M","M","$","M","R","B",null,"M","?","?","M","$","R","E","M","T","E","R","M","R","M","R","B","B",null],"character_chosen":"DEFECT","items_purchased":["PanicButton","Turbo","Metamorphosis","Seek","Sling","SkillPotion"],"campfire_rested":2,"item_purchase_floors":[4,4,21,30,39,39],"current_hp_per_floor":[64,64,64,64,64,64,64,66,66,66,66,66,68,55,71,59,68,63,51,51,51,46,71,71,71,81,71,76,70,70,78,78,32,69,43,43,91,80,80,80,88,91,91,91,91,91,91,91,91,32,51],"gold":169,"neow_bonus":"THREE_ENEMY_KILL","is_prod":false,"is_daily":false,"chose_seed":false,"campfire_upgraded":8,"win_rate":0,"timestamp":1556466357,"path_taken":["M","?","?","$","?","E","R","E","T","R","?","R","M","E","R","BOSS","M","M","?","$","M","R","M","M","T","E","M","M","$","M","R","BOSS","M","?","?","M","$","R","E","M","T","E","R","M","R","M","R","BOSS","BOSS"],"build_version":"2019-01-23","purchased_purges":2,"victory":true,"max_hp_per_floor":[71,71,71,71,71,71,71,71,71,71,71,71,71,71,71,71,71,71,71,71,71,71,71,71,71,81,81,81,81,81,81,81,81,81,81,81,91,91,91,91,91,91,91,91,91,91,91,91,91,91,91],"card_choices":[{"not_picked":["Aggregate","Go for the Eyes"],"picked":"Glacier","floor":1.0},{"not_picked":["Conserve Battery","Gash"],"picked":"Tempest","floor":6.0},{"not_picked":["Scrape","Stack"],"picked":"Meteor Strike","floor":8.0},{"not_picked":["Steam","Sweeping Beam"],"picked":"Glacier","floor":13.0},{"not_picked":["Coolheaded","Reprogram"],"picked":"Genetic Algorithm","floor":14.0},{"not_picked":["Buffer","Meteor Strike"],"picked":"Seek","floor":16.0},{"not_picked":["Stack","Gash"],"picked":"Coolheaded+1","floor":18.0},{"not_picked":["Ball Lightning","Gash"],"picked":"Cold Snap","floor":19.0},{"not_picked":["Streamline","Rebound","Sweeping Beam"],"picked":"SKIP","floor":22.0},{"not_picked":["Glacier","Heatsinks"],"picked":"White Noise+1","floor":24.0},{"not_picked":["Stack","Barrage"],"picked":"Static Discharge","floor":25.0},{"not_picked":["Gash","Turbo"],"picked":"Hello World","floor":27.0},{"not_picked":["Ball Lightning","Go for the Eyes"],"picked":"Chill","floor":28.0},{"not_picked":["Compile Driver+1","Steam"],"picked":"Force Field","floor":29.0},{"not_picked":["Barrage+1","Steam Power"],"picked":"Storm","floor":31.0},{"not_picked":["Hyperbeam","All For One"],"picked":"Core Surge","floor":33.0},{"not_picked":["Streamline","Steam+1"],"picked":"Aggregate+1","floor":35.0},{"not_picked":["Discovery+1","Thinking Ahead+1"],"picked":"Jack Of All Trades+1","floor":36.0},{"not_picked":["Ball Lightning","Coolheaded+1","Rebound"],"picked":"SKIP","floor":38.0},{"not_picked":["Consume+1","Rip and Tear"],"picked":"Turbo+1","floor":41.0},{"not_picked":["Storm","Barrage"],"picked":"Chill+1","floor":42.0},{"not_picked":["Undo+1","Coolheaded+1"],"picked":"Double Energy+1","floor":44.0},{"not_picked":["Beam Cell","Conserve Battery+1","Redo+1"],"picked":"SKIP","floor":46.0},{"not_picked":["Rebound+1","Steam+1"],"picked":"Electrodynamics","floor":48.0}],"player_experience":1258020,"relics_obtained":[{"floor":6.0,"key":"Blood Vial"},{"floor":8.0,"key":"Bird Faced Urn"},{"floor":9.0,"key":"Regal Pillow"},{"floor":14.0,"key":"Pen Nib"},{"floor":26.0,"key":"Pear"},{"floor":27.0,"key":"Du-Vu Doll"},{"floor":34.0,"key":"PreservedInsect"},{"floor":34.0,"key":"Toxic Egg 2"},{"floor":34.0,"key":"Old Coin"},{"floor":41.0,"key":"FossilizedHelix"},{"floor":43.0,"key":"Thread and Needle"},{"floor":44.0,"key":"Cables"}],"event_choices":[{"damage_healed":0.0,"max_hp_gain":0.0,"max_hp_loss":0.0,"gold_gain":150.0,"event_name":"Liars Game","player_choice":"AGREE","floor":2.0,"gold_loss":0.0,"damage_taken":0.0,"cards_obtained":["Doubt"]},{"damage_healed":0.0,"max_hp_gain":0.0,"max_hp_loss":0.0,"gold_gain":0.0,"event_name":"Big Fish","player_choice":"Box","floor":3.0,"gold_loss":0.0,"damage_taken":0.0,"relics_obtained":["Dead Branch"],"cards_obtained":["Regret"]},{"damage_healed":0.0,"max_hp_gain":0.0,"max_hp_loss":0.0,"gold_gain":0.0,"event_name":"Living Wall","player_choice":"Grow","floor":5.0,"gold_loss":0.0,"damage_taken":0.0,"cards_upgraded":["Turbo"]},{"cards_removed":["Doubt"],"damage_healed":0.0,"max_hp_gain":0.0,"max_hp_loss":0.0,"gold_gain":0.0,"event_name":"The Cleric","player_choice":"Card Removal","floor":11.0,"gold_loss":75.0,"damage_taken":0.0},{"damage_healed":0.0,"max_hp_gain":0.0,"max_hp_loss":0.0,"gold_gain":0.0,"event_name":"Beggar","player_choice":"Ignored","floor":20.0,"gold_loss":0.0,"damage_taken":0.0},{"damage_healed":0.0,"max_hp_gain":0.0,"max_hp_loss":0.0,"gold_gain":0.0,"event_name":"SensoryStone","player_choice":"Memory 1","floor":36.0,"gold_loss":0.0,"damage_taken":0.0},{"cards_removed":["Meteor Strike"],"damage_healed":38.0,"max_hp_gain":10.0,"max_hp_loss":0.0,"gold_gain":0.0,"event_name":"Bonfire Elementals","player_choice":"Offered Rare","floor":37.0,"gold_loss":0.0,"damage_taken":0.0}],"is_beta":false,"boss_relics":[{"not_picked":["Fusion Hammer","Busted Crown"],"picked":"Lizard Tail"},{"not_picked":["Snecko Eye","White Beast Statue"],"picked":"Calling Bell"}],"items_purged_floors":[4,39],"is_endless":false,"potions_floor_spawned":[1,13,14,24,27,28,29,41,46],"ascension_level":20}