{"gold_per_floor":[115,115,131,143,158,158,158,158,158,187,187,221,16,26,26,98,98,98,98,46,46,46,46,46,46,46,46,46,46,46,46,46,46,46,46,46,46,46,46,46,46,46,46,46,46,46,46,46,46,46],"floor_reached":51,"playtime":4624,"items_purged":["Strike_B"],"score":1244,"play_id":"be6c7156-1310-4a8b-944e-1b992e0941ac","local_time":"20190218135814","is_ascension_mode":true,"campfire_choices":[{"data":"Redo","floor":6.0,"key":"SMITH"},{"data":"Dualcast","floor":8.0,"key":"SMITH"},{"floor":11.0,"key":"REST"},{"data":"Darkness","floor":15.0,"key":"SMITH"},{"data":"Fusion","floor":24.0,"key":"SMITH"},{"data":"Hologram","floor":28.0,"key":"SMITH"},{"data":"Darkness","floor":30.0,"key":"SMITH"},{"data":"Ghostly","floor":32.0,"key":"SMITH"},{"data":"Seek","floor":40.0,"key":"SMITH"},{"data":"Biased Cognition","floor":42.0,"key":"SMITH"},{"data":"Go for the Eyes","floor":46.0,"key":"SMITH"},{"data":"Defragment","floor":49.0,"key":"SMITH"}],"neow_cost":"NONE","seed_source_timestamp":221428929805979,"circlet_count":0,"master_deck":["AscendersBane","Strike_B+1","Strike_B+1","Defend_B+1","Defend_B+1","Defend_B+1","Defend_B+1","Zap+1","Dualcast+1","Leap+1","BootSequence","Redo+1","Coolheaded","Cold Snap","Darkness+1","Self Repair","Hologram+1","Seek+1","Go for the Eyes+1","Ghostly","Ghostly+1","Ghostly","Ghostly+1","Ghostly","Fusion+1","Redo+1","Darkness+1","Biased Cognition+1","Defragment+1","BootSequence","Panacea"],"special_seed":0,"relics":["Cracked Core","Potion Belt","Matryoshka","Mercury Hourglass","Ectoplasm","War Paint","Kunai","Bronze Scales","Juzu Bracelet","DataDisk","Pen Nib","White Beast Statue","Pocketwatch","Bag of Marbles","Bottled Lightning","Boot"],"potions_floor_usage":[50,50,50,50],"damage_taken":[{"damage":0.0,"enemies":"Jaw Worm","floor":1.0,"turns":3.0},{"damage":1.0,"enemies":"Cultist","floor":3.0,"turns":3.0},{"damage":0.0,"enemies":"Small Slimes","floor":4.0,"turns":3.0},{"damage":9.0,"enemies":"3 Louse","floor":5.0,"turns":3.0},{"damage":26.0,"enemies":"Lagavulin","floor":10.0,"turns":8.0},{"damage":10.0,"enemies":"3 Sentries","floor":12.0,"turns":12.0},{"damage":1.0,"enemies":"2 Fungi Beasts","floor":14.0,"turns":3.0},{"damage":18.0,"enemies":"The Guardian","floor":16.0,"turns":11.0},{"damage":14.0,"enemies":"Spheric Guardian","floor":18.0,"turns":5.0},{"damage":1.0,"enemies":"Book of Stabbing","floor":23.0,"turns":7.0},{"damage":24.0,"enemies":"Slavers","floor":25.0,"turns":11.0},{"damage":0.0,"enemies":"Gremlin Leader","floor":29.0,"turns":8.0},{"damage":22.0,"enemies":"Automaton","floor":33.0,"turns":10.0},{"damage":17.0,"enemies":"3 Shapes","floor":35.0,"turns":3.0},{"damage":0.0,"enemies":"3 Darklings","floor":36.0,"turns":9.0},{"damage":6.0,"enemies":"Transient","floor":37.0,"turns":5.0},{"damage":0.0,"enemies":"2 Orb Walkers","floor":38.0,"turns":6.0},{"damage":0.0,"enemies":"Jaw Worm Horde","floor":39.0,"turns":4.0},{"damage":6.0,"enemies":"3 Darklings","floor":41.0,"turns":7.0},{"damage":0.0,"enemies":"Sphere and 2 Shapes","floor":44.0,"turns":4.0},{"damage":21.0,"enemies":"Giant Head","floor":45.0,"turns":9.0},{"damage":5,"enemies":"Awakened One","floor":50,"turns":11}],"seed_played":"1461101571182162358","potions_obtained":[{"floor":2.0,"key":"EntropicBrew"},{"floor":2.0,"key":"Ancient Potion"},{"floor":5.0,"key":"Regen Potion"},{"floor":10.0,"key":"Ancient Potion"},{"floor":35.0,"key":"Poison Potion"},{"floor":37.0,"key":"SpeedPotion"},{"floor":38.0,"key":"Explosive Potion"},{"floor":39.0,"key":"Energy Potion"},{"floor":44.0,"key":"FocusPotion"},{"floor":45.0,"key":"Poison Potion"}],"is_trial":false,"path_per_floor":["M","?","M","M","M","R","?","R","T","E","R","E","$","M","R","B",null,"M","?","$","?","?","E","R","E","T","?","R","E","R","?","R","B",null,"M","M","M","?","M","R","M","R","T","M","E","R","?","$","R","B",null],"character_chosen":"DEFECT","items_purchased":["Self Repair","Energy Potion","SpeedPotion"],"campfire_rested":1,"item_purchase_floors":[13,13,20],"current_hp_per_floor":[68,68,67,67,58,58,58,58,58,32,54,44,44,43,43,32,64,57,57,57,37,37,37,37,20,20,20,20,27,27,27,27,24,34,24,31,32,37,37,37,37,37,37,37,23,23,23,23,23,25],"gold":46,"neow_bonus":"UPGRADE_CARD","is_prod":false,"is_daily":false,"chose_seed":false,"campfire_upgraded":11,"win_rate":0,"timestamp":1550494694,"path_taken":["M","?","M","?","M","R","?","R","T","E","R","E","$","M","R","BOSS","M","?","$","?","?","E","R","E","T","?","R","E","R","?","R","BOSS","M","M","M","?","M","R","M","R","T","M","E","R","?","?","R","BOSS"],"build_version":"2019-01-23","purchased_purges":1,"victory":true,"max_hp_per_floor":[75,75,75,75,75,75,75,75,75,75,75,75,75,75,75,75,75,75,75,75,37,37,37,37,37,37,37,37,37,37,37,37,37,37,37,37,37,37,37,37,37,37,37,37,37,37,37,37,37,37],"card_choices":[{"not_picked":["Rebound","Chaos"],"picked":"Leap","floor":1.0},{"not_picked":["White Noise","Fusion"],"picked":"BootSequence","floor":3.0},{"not_picked":["Steam","Gash"],"picked":"Redo","floor":4.0},{"not_picked":["Barrage","Turbo"],"picked":"Coolheaded","floor":5.0},{"not_picked":["Echo Form","Storm"],"picked":"Cold Snap","floor":10.0},{"not_picked":["Streamline","Steam"],"picked":"Darkness","floor":12.0},{"not_picked":["Barrage","Capacitor"],"picked":"Hologram","floor":14.0},{"not_picked":["Reboot","Creative AI"],"picked":"Seek","floor":16.0},{"not_picked":["Compile Driver+1","Reprogram"],"picked":"Go for the Eyes","floor":18.0},{"not_picked":["Turbo+1","Undo"],"picked":"Fusion","floor":23.0},{"not_picked":["Streamline+1","Skim"],"picked":"Redo+1","floor":25.0},{"not_picked":["Go for the Eyes","Core Surge"],"picked":"Darkness","floor":29.0},{"not_picked":["Fission","Creative AI"],"picked":"Biased Cognition","floor":33.0},{"not_picked":["Hologram","Stack","Compile Driver"],"picked":"SKIP","floor":35.0},{"not_picked":["Leap","Steam"],"picked":"Defragment","floor":36.0},{"not_picked":["Fusion","Streamline","Coolheaded"],"picked":"SKIP","floor":37.0},{"not_picked":["Darkness","Streamline"],"picked":"BootSequence","floor":38.0},{"not_picked":["Sweeping Beam","Recycle","Conserve Battery"],"picked":"SKIP","floor":39.0},{"not_picked":["Rebound","Steam","Chaos+1"],"picked":"SKIP","floor":41.0},{"not_picked":["Hologram+1","Beam Cell+1","Gash"],"picked":"SKIP","floor":44.0},{"not_picked":["Turbo","Fission","Go for the Eyes"],"picked":"SKIP","floor":45.0},{"not_picked":["Discovery","Blind"],"picked":"Panacea","floor":47.0}],"player_experience":378080,"relics_obtained":[{"floor":9.0,"key":"Potion Belt"},{"floor":10.0,"key":"Matryoshka"},{"floor":12.0,"key":"Mercury Hourglass"},{"floor":23.0,"key":"Kunai"},{"floor":25.0,"key":"Bronze Scales"},{"floor":26.0,"key":"Juzu Bracelet"},{"floor":26.0,"key":"DataDisk"},{"floor":29.0,"key":"Pen Nib"},{"floor":38.0,"key":"Pocketwatch"},{"floor":43.0,"key":"Bag of Marbles"},{"floor":43.0,"key":"Bottled Lightning"},{"floor":45.0,"key":"Boot"}],"event_choices":[{"damage_healed":0.0,"max_hp_gain":0.0,"max_hp_loss":0.0,"gold_gain":0.0,"event_name":"Lab","player_choice":"Got Potions","floor":2.0,"gold_loss":0.0,"damage_taken":0.0},{"cards_removed":["Strike_B"],"damage_healed":0.0,"max_hp_gain":0.0,"max_hp_loss":0.0,"gold_gain":0.0,"event_name":"Living Wall","player_choice":"Forget","floor":7.0,"gold_loss":0.0,"damage_taken":0.0},{"damage_healed":0.0,"max_hp_gain":0.0,"max_hp_loss":0.0,"gold_gain":0.0,"event_name":"Back to Basics","player_choice":"Simplicity","floor":19.0,"gold_loss":0.0,"damage_taken":0.0,"cards_upgraded":["Strike_B","Strike_B","Defend_B","Defend_B","Defend_B","Defend_B"]},{"damage_healed":0.0,"max_hp_gain":0.0,"max_hp_loss":38.0,"gold_gain":0.0,"event_name":"Ghosts","player_choice":"Became a Ghost","floor":21.0,"gold_loss":0.0,"damage_taken":0.0,"cards_obtained":["Ghostly","Ghostly","Ghostly","Ghostly","Ghostly"]},{"damage_healed":0.0,"max_hp_gain":0.0,"max_hp_loss":0.0,"gold_gain":0.0,"event_name":"The Mausoleum","player_choice":"Opened","floor":22.0,"gold_loss":0.0,"damage_taken":0.0,"relics_obtained":["War Paint"],"cards_obtained":["Writhe"]},{"cards_removed":["Writhe"],"damage_healed":0.0,"max_hp_gain":0.0,"max_hp_loss":0.0,"gold_gain":0.0,"event_name":"Fountain of Cleansing","player_choice":"Removed Curses","floor":27.0,"gold_loss":0.0,"damage_taken":0.0},{"damage_healed":0.0,"max_hp_gain":0.0,"max_hp_loss":0.0,"gold_gain":0.0,"event_name":"Cursed Tome","player_choice":"Ignored","floor":31.0,"gold_loss":0.0,"damage_taken":0.0},{"damage_healed":0.0,"max_hp_gain":0.0,"max_hp_loss":0.0,"gold_gain":0.0,"event_name":"Mysterious Sphere","player_choice":"Fight","floor":38.0,"gold_loss":0.0,"damage_taken":0.0},{"damage_healed":0.0,"max_hp_gain":0.0,"max_hp_loss":0.0,"gold_gain":0.0,"event_name":"SensoryStone","player_choice":"Memory 1","floor":47.0,"gold_loss":0.0,"damage_taken":0.0}],"is_beta":false,"boss_relics":[{"not_picked":["Empty Cage","Snecko Eye"],"picked":"Ectoplasm"},{"not_picked":["Busted Crown","Pandora\u0027s Box"],"picked":"White Beast Statue"}],"items_purged_floors":[13],"is_endless":false,"potions_floor_spawned":[3,5,10,14,23,29,35,36,37,38,39,41,44,45],"ascension_level":13}