{"path_per_floor":["M","?","M","M","?","R","M","R","T","R","M","E","M","M","R","B",null,"M","M","?","?","T","R","M","R","T","M","$","R","?","E","R","B",null,"M","M","?","M"],"character_chosen":"THE_SILENT","items_purchased":["Shuriken","Lantern","Predator"],"gold_per_floor":[109,59,72,84,259,259,275,275,275,275,294,329,345,360,360,438,438,458,472,502,502,502,502,517,517,517,537,52,52,52,82,82,153,153,170,189,411,423,423],"floor_reached":39,"campfire_rested":3,"playtime":2524,"item_purchase_floors":[28,28,28],"current_hp_per_floor":[61,61,60,60,60,60,50,50,50,50,39,34,33,23,23,3,53,49,49,24,24,24,45,44,44,44,37,37,58,58,44,65,15,56,40,30,30,27,0],"items_purged":[],"gold":423,"score":665,"play_id":"0503555d-0ba3-4fd8-9fe0-30fdf5f24133","local_time":"20180602005435","is_prod":false,"is_daily":false,"chose_seed":false,"is_ascension_mode":true,"campfire_upgraded":5,"win_rate":0,"timestamp":1527926075,"campfire_choices":[{"data":"Neutralize","floor":6,"key":"SMITH"},{"data":"Dagger Spray","floor":8,"key":"SMITH"},{"data":"Terror","floor":10,"key":"SMITH"},{"data":"Glass Knife","floor":15,"key":"SMITH"},{"floor":23,"key":"REST"},{"data":"After Image","floor":25,"key":"SMITH"},{"floor":29,"key":"REST"},{"floor":32,"key":"REST"}],"path_taken":["M","?","M","?","?","R","M","R","T","R","M","E","?","?","R","BOSS","M","M","?","?","?","R","M","R","T","M","$","R","?","E","R","BOSS","M","M","?","M","?"],"build_version":"2018-05-31","seed_source_timestamp":4243528936867,"purchased_purges":0,"victory":false,"master_deck":["Survivor","Neutralize+1","AscendersBane","Flying Knee+1","Cloak And Dagger","Dagger Spray+1","Doubt","Terror+1","Flying Knee","Glass Knife+1","Underhanded Strike","After Image+1","Choke+1","Predator","Normality","Infinite Blades+1","Adrenaline","Backflip","Bane","Deadly Poison","Crippling Poison","Slice","Slice","Quick Slash","Distraction","Heel Hook"],"max_hp_per_floor":[70,70,70,70,70,70,70,70,70,70,70,70,70,70,70,70,70,70,70,70,70,70,70,70,70,70,70,70,70,70,70,70,70,70,70,70,70,70,70],"relics":["Ring of the Snake","Whetstone","Kunai","Sozu","Red Mask","Centennial Puzzle","Bottled Lightning","Shuriken","Lantern","Smiling Mask","The Courier","Pandora\u0027s Box"],"card_choices":[{"not_picked":["Sucker Punch","Distraction"],"picked":"Flying Knee","floor":1},{"not_picked":["Backflip","Finisher"],"picked":"Cloak And Dagger","floor":3},{"not_picked":["Endless Agony","Dodge and Roll"],"picked":"Dagger Spray","floor":4},{"not_picked":["Heel Hook","Bane"],"picked":"Terror","floor":7},{"not_picked":["Crippling Poison","Concentrate"],"picked":"Flying Knee","floor":11},{"not_picked":["Expertise","Deflect","Choke"],"picked":"SKIP","floor":12},{"not_picked":["All Out Attack","Dagger Spray"],"picked":"Glass Knife","floor":13},{"not_picked":["Catalyst","Deadly Poison"],"picked":"Underhanded Strike","floor":14},{"not_picked":["Unload","Tactician"],"picked":"After Image","floor":16},{"not_picked":["Bouncing Flask+1","Catalyst","Skewer+1"],"picked":"SKIP","floor":18},{"not_picked":["Flechettes","Dagger Throw"],"picked":"Choke+1","floor":19},{"not_picked":["Underhanded Strike","Deadly Poison","Dodge and Roll"],"picked":"SKIP","floor":24},{"not_picked":["Outmaneuver","Dagger Spray","Deadly Poison"],"picked":"SKIP","floor":27},{"not_picked":["Reflex","Finisher"],"picked":"Infinite Blades+1","floor":31},{"not_picked":["Unload","Venomology"],"picked":"Adrenaline","floor":33},{"not_picked":["Prepared+1","Bane+1","Poisoned Stab"],"picked":"SKIP","floor":35},{"not_picked":["Escape Plan","Acrobatics","Heel Hook"],"picked":"SKIP","floor":36},{"not_picked":["Prepared","Blur","Bane+1"],"picked":"SKIP","floor":38}],"player_experience":546689,"potions_floor_usage":[20],"damage_taken":[{"damage":2,"enemies":"Small Slimes","floor":1,"turns":4},{"damage":1,"enemies":"2 Louse","floor":3,"turns":4},{"damage":0,"enemies":"Cultist","floor":4,"turns":4},{"damage":10,"enemies":"Large Slime","floor":7,"turns":8},{"damage":11,"enemies":"Lots of Slimes","floor":11,"turns":4},{"damage":5,"enemies":"3 Sentries","floor":12,"turns":7},{"damage":1,"enemies":"Exordium Thugs","floor":13,"turns":5},{"damage":10,"enemies":"3 Louse","floor":14,"turns":3},{"damage":20,"enemies":"The Guardian","floor":16,"turns":12},{"damage":4,"enemies":"3 Byrds","floor":18,"turns":4},{"damage":0,"enemies":"Chosen","floor":19,"turns":3},{"damage":25,"enemies":"Masked Bandits","floor":20,"turns":4},{"damage":1,"enemies":"Snecko","floor":24,"turns":4},{"damage":7,"enemies":"Snake Plant","floor":27,"turns":2},{"damage":14,"enemies":"Book of Stabbing","floor":31,"turns":4},{"damage":50,"enemies":"Collector","floor":33,"turns":9},{"damage":16,"enemies":"3 Darklings","floor":35,"turns":5},{"damage":10,"enemies":"3 Shapes","floor":36,"turns":7},{"damage":3,"enemies":"Sphere and 2 Shapes","floor":38,"turns":3},{"damage":29,"enemies":"3 Darklings","floor":39,"turns":4}],"relics_obtained":[{"floor":9,"key":"Whetstone"},{"floor":12,"key":"Kunai"},{"floor":20,"key":"Red Mask"},{"floor":22,"key":"Centennial Puzzle"},{"floor":26,"key":"Bottled Lightning"},{"floor":31,"key":"The Courier"}],"event_choices":[{"event_name":"The Cleric","player_choice":"Card Removal","floor":2,"damage_taken":0},{"event_name":"Liars Game","player_choice":"agreed","floor":5,"damage_taken":0},{"event_name":"Masked Bandits","player_choice":"Fought over 472 gold","floor":20,"damage_taken":0},{"event_name":"Ghosts","player_choice":"Ignored","floor":21,"damage_taken":0},{"event_name":"Accursed Blacksmith","player_choice":"Rummage","floor":30,"damage_taken":0},{"event_name":"Tomb of Lord Red Mask","player_choice":"Wore Mask","floor":37,"damage_taken":0}],"boss_relics":[{"not_picked":["Snecko Eye","Calling Bell"],"picked":"Sozu"},{"not_picked":["Orrery","Astrolabe"],"picked":"Pandora\u0027s Box"}],"items_purged_floors":[],"potions_floor_spawned":[3,11,13,14,16,18,20,33,35],"seed_played":"5484189845815605100","killed_by":"3 Darklings","ascension_level":13,"potions_obtained":[{"floor":3,"key":"Energy Potion"},{"floor":11,"key":"AttackPotion"},{"floor":13,"key":"SpeedPotion"},{"floor":16,"key":"Explosive Potion"}],"is_trial":false}