{"gold_per_floor":[111,186,61,81,81,113,113,141,164,184,184,284,298,298,298,394,394,413,413,123,137,337,369,379,379,379,159,159,192,67,83,83,183,183,203,214,226,176,176,176,201,201,201,201,221,16,26,26,26,26],"floor_reached":51,"playtime":4097,"items_purged":["Parasite","Strike_R","Strike_R","Strike_R","Defend_R"],"score":999,"play_id":"2dbf692a-c031-464b-826b-f60c3cfb0730","local_time":"20190113201002","is_ascension_mode":true,"campfire_choices":[{"data":"Bash","floor":7.0,"key":"SMITH"},{"data":"Pommel Strike","floor":15.0,"key":"SMITH"},{"data":"Metallicize","floor":25.0,"key":"SMITH"},{"data":"Evolve","floor":28.0,"key":"SMITH"},{"data":"Shrug It Off","floor":32.0,"key":"SMITH"},{"data":"Barricade","floor":40,"key":"SMITH"},{"data":"Body Slam","floor":42,"key":"SMITH"},{"data":"Metallicize","floor":44,"key":"SMITH"},{"data":"Metallicize","floor":49,"key":"SMITH"}],"neow_cost":"CURSE","seed_source_timestamp":0,"circlet_count":0,"master_deck":["Strike_R","Defend_R","Defend_R","Defend_R","Bash+1","Reckless Charge","Shrug It Off+1","Clothesline+1","Whirlwind+1","Headbutt","Intimidate","Pommel Strike+1","Impervious","Metallicize+1","Master of Strategy","Pummel+1","Carnage+1","Evolve+1","Flash of Steel","Wild Strike","Spot Weakness","Barricade+1","Metallicize+1","Spot Weakness","Shrug It Off","Body Slam+1","Metallicize+1","Parasite","Reckless Charge+1","Metallicize+1"],"special_seed":0,"relics":["Burning Blood","Magic Flower","Anchor","Bronze Scales","Art of War","Coffee Dripper","MutagenicStrength","Blood Vial","Smiling Mask","Pen Nib","Orrery","Ancient Tea Set","Question Card","DollysMirror"],"potions_floor_usage":[50,50,50],"damage_taken":[{"damage":5.0,"enemies":"Small Slimes","floor":1.0,"turns":3.0},{"damage":0.0,"enemies":"Cultist","floor":4.0,"turns":4.0},{"damage":30.0,"enemies":"Lagavulin","floor":6.0,"turns":6.0},{"damage":27.0,"enemies":"3 Sentries","floor":8.0,"turns":8.0},{"damage":0.0,"enemies":"2 Louse","floor":10.0,"turns":2.0},{"damage":0.0,"enemies":"Gremlin Gang","floor":13.0,"turns":3.0},{"damage":26.0,"enemies":"Hexaghost","floor":16.0,"turns":9.0},{"damage":6.0,"enemies":"Shell Parasite","floor":18.0,"turns":4.0},{"damage":3.0,"enemies":"Spheric Guardian","floor":21.0,"turns":3.0},{"damage":25.0,"enemies":"Book of Stabbing","floor":23.0,"turns":5.0},{"damage":0.0,"enemies":"3 Cultists","floor":24.0,"turns":3.0},{"damage":33.0,"enemies":"Gremlin Leader","floor":29.0,"turns":7.0},{"damage":14.0,"enemies":"Snake Plant","floor":31.0,"turns":3.0},{"damage":22.0,"enemies":"Collector","floor":33.0,"turns":11.0},{"damage":0,"enemies":"Orb Walker","floor":35,"turns":2},{"damage":0,"enemies":"3 Darklings","floor":36,"turns":4},{"damage":32,"enemies":"Writhing Mass","floor":37,"turns":7},{"damage":4,"enemies":"Nemesis","floor":41,"turns":9},{"damage":2,"enemies":"Maw","floor":45,"turns":7},{"damage":9,"enemies":"Transient","floor":47,"turns":5},{"damage":21,"enemies":"Time Eater","floor":50,"turns":10}],"seed_played":"8066562357680328671","potions_obtained":[{"floor":4.0,"key":"Fire Potion"},{"floor":10.0,"key":"Explosive Potion"},{"floor":16.0,"key":"BloodPotion"},{"floor":18.0,"key":"Dexterity Potion"},{"floor":36,"key":"Fire Potion"},{"floor":45,"key":"Dexterity Potion"}],"is_trial":false,"path_per_floor":["M","?","$","M","?","E","R","E","T","M","?","?","M","?","R","B",null,"M","?","$","M","?","E","M","R","T","$","R","E","$","M","R","B",null,"M","M","M","$","?","R","E","R","T","R","M","$","M","?","R","B",null],"character_chosen":"IRONCLAD","items_purchased":["Shrug It Off","Master of Strategy","Evolve","Shrug It Off","Flash of Steel","EssenceOfSteel","DollysMirror"],"campfire_rested":0,"item_purchase_floors":[3,20,27,27,27,30,46],"current_hp_per_floor":[76,68,68,77,77,56,56,38,38,47,47,47,56,56,56,39,68,71,71,71,77,77,61,73,73,73,73,73,52,52,50,50,40,68,77,77,54,54,54,54,62,62,62,62,72,72,75,75,75,76],"gold":26,"neow_bonus":"ONE_RARE_RELIC","is_prod":false,"is_daily":false,"chose_seed":false,"campfire_upgraded":9,"win_rate":0,"timestamp":1547431802,"path_taken":["M","?","$","?","?","E","R","E","T","?","?","?","?","?","R","BOSS","M","?","$","M","?","E","?","R","T","$","R","E","?","M","R","BOSS","BOSS","M","M","M","$","?","R","E","R","T","R","M","$","M","?","R","BOSS"],"build_version":"2019-01-10","purchased_purges":5,"victory":true,"max_hp_per_floor":[80,80,77,77,77,77,77,77,77,77,77,77,77,77,77,77,77,77,77,77,77,77,77,77,77,77,77,77,77,77,77,77,77,77,77,77,77,77,77,77,77,77,77,77,77,77,77,77,77,77],"card_choices":[{"not_picked":["Warcry","Body Slam"],"picked":"Reckless Charge","floor":1.0},{"not_picked":["Metallicize","Iron Wave"],"picked":"Clothesline","floor":4.0},{"not_picked":["Perfected Strike","Twin Strike"],"picked":"Whirlwind","floor":6.0},{"not_picked":["Seeing Red","Sword Boomerang"],"picked":"Headbutt","floor":8.0},{"not_picked":["Iron Wave","Sword Boomerang"],"picked":"Intimidate","floor":10.0},{"not_picked":["Perfected Strike","Wild Strike"],"picked":"Pommel Strike","floor":13.0},{"not_picked":["Limit Break","Berserk"],"picked":"Impervious","floor":16.0},{"not_picked":["Headbutt+1","Perfected Strike"],"picked":"Metallicize","floor":18.0},{"not_picked":["Warcry","Twin Strike"],"picked":"Pummel+1","floor":21.0},{"not_picked":["Corruption","Headbutt+1"],"picked":"Carnage+1","floor":23.0},{"not_picked":["Havoc","Perfected Strike","Uppercut"],"picked":"SKIP","floor":24.0},{"not_picked":["Hemokinesis","Berserk"],"picked":"Wild Strike","floor":29.0},{"not_picked":["Combust","Clash"],"picked":"Spot Weakness","floor":31.0},{"not_picked":["Dark Embrace","Immolate"],"picked":"Barricade","floor":33},{"not_picked":["Disarm","Carnage+1"],"picked":"Metallicize","floor":34},{"not_picked":["Armaments","Sever Soul"],"picked":"Spot Weakness","floor":34},{"not_picked":["Sword Boomerang+1","Flex"],"picked":"Shrug It Off","floor":34},{"not_picked":["Battle Trance","Clash"],"picked":"Body Slam","floor":34},{"not_picked":["Shrug It Off+1","Dark Embrace"],"picked":"Metallicize","floor":35},{"not_picked":["Body Slam","Bloodletting","Flex"],"picked":"SKIP","floor":36},{"not_picked":["Perfected Strike","Disarm+1","Juggernaut"],"picked":"SKIP","floor":37},{"not_picked":["Perfected Strike+1","Rampage+1"],"picked":"Reckless Charge+1","floor":41},{"not_picked":["Sword Boomerang+1","Infernal Blade","Iron Wave","Havoc+1"],"picked":"SKIP","floor":45},{"not_picked":["Feel No Pain","True Grit+1","Whirlwind","Perfected Strike+1"],"picked":"SKIP","floor":47},{"not_picked":["Feel No Pain","True Grit+1","Whirlwind","Perfected Strike+1"],"picked":"SKIP","floor":47}],"player_experience":459511,"relics_obtained":[{"floor":6.0,"key":"Anchor"},{"floor":8.0,"key":"Bronze Scales"},{"floor":9.0,"key":"Art of War"},{"floor":23.0,"key":"Blood Vial"},{"floor":26.0,"key":"Smiling Mask"},{"floor":29.0,"key":"Pen Nib"},{"floor":41,"key":"Ancient Tea Set"},{"floor":43,"key":"Question Card"}],"event_choices":[{"damage_healed":0.0,"max_hp_gain":0.0,"max_hp_loss":0.0,"gold_gain":75.0,"event_name":"FaceTrader","player_choice":"Touch","floor":2.0,"gold_loss":0.0,"damage_taken":8.0},{"damage_healed":0.0,"max_hp_gain":0.0,"max_hp_loss":0.0,"gold_gain":0.0,"event_name":"Accursed Blacksmith","player_choice":"Forge","floor":5.0,"gold_loss":0.0,"damage_taken":0.0,"cards_upgraded":["Clothesline"]},{"damage_healed":0.0,"max_hp_gain":0.0,"max_hp_loss":0.0,"gold_gain":0.0,"event_name":"Living Wall","player_choice":"Grow","floor":11.0,"gold_loss":0.0,"damage_taken":0.0,"cards_upgraded":["Whirlwind"]},{"damage_healed":0.0,"max_hp_gain":0.0,"max_hp_loss":0.0,"gold_gain":100.0,"event_name":"Wheel of Change","player_choice":"Gold","floor":12.0,"gold_loss":0.0,"damage_taken":0.0},{"cards_removed":["Strike_R"],"damage_healed":0.0,"max_hp_gain":0.0,"max_hp_loss":0.0,"gold_gain":0.0,"event_name":"Bonfire Elementals","player_choice":"Offered Basic","floor":14.0,"gold_loss":0.0,"damage_taken":0.0},{"damage_healed":0.0,"max_hp_gain":0.0,"max_hp_loss":0.0,"gold_gain":0.0,"event_name":"Drug Dealer","player_choice":"Inject Mutagens","floor":19.0,"gold_loss":0.0,"damage_taken":0.0,"relics_obtained":["MutagenicStrength"]},{"damage_healed":0.0,"max_hp_gain":0.0,"max_hp_loss":0.0,"gold_gain":250.0,"event_name":"The Joust","player_choice":"Bet on Owner","floor":22.0,"gold_loss":50.0,"damage_taken":0.0},{"damage_healed":0,"gold_gain":0,"player_choice":"Ignored","damage_taken":0,"max_hp_gain":0,"max_hp_loss":0,"event_name":"Tomb of Lord Red Mask","floor":39,"gold_loss":0},{"cards_removed":["Shrug It Off"],"damage_healed":0,"gold_gain":0,"player_choice":"Removed Skill","damage_taken":0,"max_hp_gain":0,"max_hp_loss":0,"event_name":"Falling","floor":48,"gold_loss":0}],"is_beta":false,"boss_relics":[{"not_picked":["Velvet Choker","Calling Bell"],"picked":"Coffee Dripper"},{"not_picked":["Black Blood","Empty Cage"],"picked":"Orrery"}],"items_purged_floors":[3,20,27,30,38],"is_endless":false,"potions_floor_spawned":[4,10,16,18,36,45],"ascension_level":8}