{"gold_per_floor":[115,126,76,93,109,109,125,140,193,248,523,59,74,104,104,204,204,221,221,233,246,266,266,277,277,277,60,79,108,128,94,94,195,195,205,480,490,46,64,75,75,87,135,147,159,46,63,78,78,78],"floor_reached":51,"playtime":8779,"items_purged":["Regret","Regret","Strike_B"],"score":733,"play_id":"9efc2d50-d5f2-4051-82e7-281dd39f98b6","local_time":"20190120163308","is_ascension_mode":true,"campfire_choices":[{"data":"Zap","floor":6.0,"key":"SMITH"},{"data":"Dualcast","floor":15.0,"key":"SMITH"},{"data":"Buffer","floor":23.0,"key":"SMITH"},{"data":"Chaos","floor":25.0,"key":"SMITH"},{"data":"Hologram","floor":32.0,"key":"SMITH"},{"data":"Buffer","floor":45.0,"key":"SMITH"},{"floor":49.0,"key":"REST"}],"neow_cost":"TEN_PERCENT_HP_LOSS","seed_source_timestamp":0,"circlet_count":0,"master_deck":["Strike_B","Strike_B","Defend_B","Defend_B","Defend_B","Defend_B","Zap+1","Dualcast+1","Cold Snap","Streamline","Redo","Leap","Hologram+1","Auto Shields","Chaos+1","Conserve Battery+1","Redo+1","Self Repair","Leap+1","Buffer+1","Creative AI","Stack+1","RitualDagger","Ball Lightning","Streamline+1","Leap+1","Chaos+1","Electrodynamics","Leap+1","Loop","Buffer+1","Defragment+1","Loop+1","Conserve Battery+1","Force Field+1","The Bomb+1","Consume+1","Stack+1"],"special_seed":0,"relics":["Cracked Core","Ginger","Lantern","Mummified Hand","Toxic Egg 2","Gremlin Horn","Velvet Choker","Bronze Scales","Frozen Eye","Potion Belt","Inserter","Letter Opener","MawBank"],"potions_floor_usage":[50,50],"damage_taken":[{"damage":1.0,"enemies":"Jaw Worm","floor":1.0,"turns":3.0},{"damage":0.0,"enemies":"Small Slimes","floor":2.0,"turns":3.0},{"damage":1.0,"enemies":"Cultist","floor":4.0,"turns":3.0},{"damage":5.0,"enemies":"Looter","floor":5.0,"turns":3.0},{"damage":1.0,"enemies":"Red Slaver","floor":7.0,"turns":4.0},{"damage":0.0,"enemies":"3 Louse","floor":8.0,"turns":4.0},{"damage":10.0,"enemies":"3 Sentries","floor":10.0,"turns":10.0},{"damage":6.0,"enemies":"Exordium Wildlife","floor":13.0,"turns":3.0},{"damage":9.0,"enemies":"Lagavulin","floor":14.0,"turns":6.0},{"damage":10.0,"enemies":"The Guardian","floor":16.0,"turns":19.0},{"damage":0.0,"enemies":"Chosen","floor":18.0,"turns":5.0},{"damage":1.0,"enemies":"Spheric Guardian","floor":20.0,"turns":6.0},{"damage":1.0,"enemies":"Centurion and Healer","floor":21.0,"turns":8.0},{"damage":0.0,"enemies":"Cultist and Chosen","floor":22.0,"turns":9.0},{"damage":14.0,"enemies":"Sentry and Sphere","floor":24.0,"turns":5.0},{"damage":0.0,"enemies":"Snecko","floor":28.0,"turns":6.0},{"damage":9.0,"enemies":"Book of Stabbing","floor":29.0,"turns":8.0},{"damage":8.0,"enemies":"Shelled Parasite and Fungi","floor":30.0,"turns":5.0},{"damage":5.0,"enemies":"Champ","floor":33.0,"turns":16.0},{"damage":2.0,"enemies":"Orb Walker","floor":35.0,"turns":4.0},{"damage":1.0,"enemies":"3 Shapes","floor":37.0,"turns":3.0},{"damage":9.0,"enemies":"Sphere and 2 Shapes","floor":39.0,"turns":5.0},{"damage":0.0,"enemies":"Transient","floor":40.0,"turns":5.0},{"damage":16.0,"enemies":"3 Darklings","floor":42.0,"turns":6.0},{"damage":0.0,"enemies":"Spire Growth","floor":47.0,"turns":6.0},{"damage":8.0,"enemies":"4 Shapes","floor":48.0,"turns":4.0},{"damage":14,"enemies":"Time Eater","floor":50,"turns":10}],"seed_played":"-447637539100370313","potions_obtained":[{"floor":4.0,"key":"SkillPotion"},{"floor":5.0,"key":"EssenceOfSteel"},{"floor":8.0,"key":"Block Potion"},{"floor":30.0,"key":"SkillPotion"},{"floor":33.0,"key":"Weak Potion"},{"floor":35.0,"key":"Swift Potion"},{"floor":37.0,"key":"SkillPotion"},{"floor":39.0,"key":"Weak Potion"}],"is_trial":false,"path_per_floor":["M","M","?","M","M","R","M","M","T","?","?","$","M","E","R","B",null,"M","?","M","M","M","R","M","R","T","$","M","E","M","$","R","B",null,"M","?","M","$","M","M","?","M","T","?","R","$","M","M","R","B",null],"character_chosen":"DEFECT","items_purchased":["Toxic Egg 2","Conserve Battery+1","Redo+1","Self Repair","Frozen Eye","Leap+1","Loop","Letter Opener","Conserve Battery+1","Block Potion"],"campfire_rested":1,"item_purchase_floors":[12,12,12,12,27,27,31,38,38,38],"current_hp_per_floor":[67,67,67,66,61,61,60,60,60,50,50,50,51,49,49,46,68,68,62,68,68,68,68,61,61,61,61,68,66,65,65,65,60,68,68,68,67,67,58,58,58,49,49,49,49,49,56,55,68,54],"gold":78,"neow_bonus":"ONE_RARE_RELIC","is_prod":false,"is_daily":false,"chose_seed":false,"campfire_upgraded":6,"win_rate":0,"timestamp":1547998388,"path_taken":["M","M","?","M","M","R","M","M","T","?","?","$","M","E","R","BOSS","M","?","M","M","M","R","M","R","T","$","M","E","M","$","R","BOSS","M","?","M","$","M","?","?","M","T","?","R","$","M","M","R","BOSS"],"build_version":"2018-12-20","purchased_purges":3,"victory":true,"max_hp_per_floor":[68,68,68,68,68,68,68,68,68,68,68,68,68,68,68,68,68,68,68,68,68,68,68,68,68,68,68,68,68,68,68,68,68,68,68,68,68,68,68,68,68,68,68,68,68,68,68,68,68,68],"card_choices":[{"not_picked":["Aggregate","Rebound"],"picked":"Cold Snap","floor":1.0},{"not_picked":["Beam Cell","Undo"],"picked":"Streamline","floor":2.0},{"not_picked":["Capacitor","Rebound"],"picked":"Redo","floor":4.0},{"not_picked":["Heatsinks","Compile Driver"],"picked":"Leap","floor":5.0},{"not_picked":["Tempest","Doom and Gloom"],"picked":"Hologram","floor":7.0},{"not_picked":["Rip and Tear","Scrape"],"picked":"Auto Shields","floor":8.0},{"not_picked":["Rip and Tear","Melter"],"picked":"Chaos","floor":10.0},{"not_picked":["Hello World","Barrage"],"picked":"Leap+1","floor":13.0},{"not_picked":["Doom and Gloom","Steam+1"],"picked":"Buffer","floor":14.0},{"not_picked":["Seek+1","Fission+1"],"picked":"Creative AI","floor":16.0},{"not_picked":["Scrape","Ball Lightning"],"picked":"Stack+1","floor":18.0},{"not_picked":["FTL","Streamline+1","Go for the Eyes"],"picked":"SKIP","floor":20.0},{"not_picked":["Leap+1","Sweeping Beam"],"picked":"Rebound+1","floor":21.0},{"not_picked":["Gash","Seek+1"],"picked":"Ball Lightning","floor":22.0},{"not_picked":["Redo+1","Gash"],"picked":"Streamline+1","floor":24.0},{"not_picked":["Stack+1","Rebound"],"picked":"Chaos+1","floor":28.0},{"not_picked":["Barrage","Stack+1"],"picked":"Electrodynamics","floor":29.0},{"not_picked":["Stack+1","Sweeping Beam"],"picked":"Leap+1","floor":30.0},{"not_picked":["Machine Learning","Reboot+1"],"picked":"Buffer","floor":33.0},{"not_picked":["White Noise+1","Coolheaded+1"],"picked":"Defragment+1","floor":35.0},{"not_picked":["Leap+1","Compile Driver"],"picked":"Loop+1","floor":37.0},{"not_picked":["Cold Snap","Rebound"],"picked":"Force Field+1","floor":39.0},{"not_picked":["Leap+1","Compile Driver+1","Gash+1"],"picked":"SKIP","floor":40.0},{"not_picked":["Forethought+1","Deep Breath+1"],"picked":"The Bomb+1","floor":41.0},{"not_picked":["Static Discharge","Redo+1","Compile Driver+1"],"picked":"SKIP","floor":42.0},{"not_picked":["Lockon","Conserve Battery+1"],"picked":"Consume+1","floor":47.0},{"not_picked":["Cold Snap+1","Chill+1"],"picked":"Stack+1","floor":48.0}],"player_experience":59894,"relics_obtained":[{"floor":9.0,"key":"Lantern"},{"floor":10.0,"key":"Mummified Hand"},{"floor":14.0,"key":"Gremlin Horn"},{"floor":26.0,"key":"Bronze Scales"},{"floor":29.0,"key":"Potion Belt"},{"floor":43.0,"key":"MawBank"}],"event_choices":[{"cards_removed":["Strike_B"],"damage_healed":0.0,"max_hp_gain":0.0,"max_hp_loss":0.0,"gold_gain":0.0,"event_name":"The Cleric","player_choice":"Card Removal","floor":3.0,"gold_loss":50.0,"damage_taken":0.0},{"damage_healed":0.0,"max_hp_gain":0.0,"max_hp_loss":0.0,"gold_gain":30.0,"event_name":"Dead Adventurer","player_choice":"Searched \u00273\u0027 times","floor":10.0,"gold_loss":0.0,"damage_taken":0.0},{"damage_healed":0.0,"max_hp_gain":0.0,"max_hp_loss":0.0,"gold_gain":275.0,"event_name":"Golden Shrine","player_choice":"Desecrate","floor":11.0,"gold_loss":0.0,"damage_taken":0.0,"cards_obtained":["Regret"]},{"damage_healed":0.0,"max_hp_gain":0.0,"max_hp_loss":0.0,"gold_gain":0.0,"event_name":"Nest","player_choice":"Joined the Cult","floor":19.0,"gold_loss":0.0,"damage_taken":6.0,"cards_obtained":["RitualDagger"]},{"damage_healed":0.0,"max_hp_gain":0.0,"max_hp_loss":0.0,"gold_gain":275.0,"event_name":"Golden Shrine","player_choice":"Desecrate","floor":36.0,"gold_loss":0.0,"damage_taken":0.0,"cards_obtained":["Regret"]},{"damage_healed":0.0,"max_hp_gain":0.0,"max_hp_loss":0.0,"gold_gain":0.0,"event_name":"SensoryStone","player_choice":"Memory 1","floor":41.0,"gold_loss":0.0,"damage_taken":0.0},{"cards_removed":["Rebound"],"damage_healed":0.0,"max_hp_gain":0.0,"max_hp_loss":0.0,"gold_gain":0.0,"event_name":"Falling","player_choice":"Removed Attack","floor":44.0,"gold_loss":0.0,"damage_taken":0.0}],"is_beta":false,"boss_relics":[{"not_picked":["White Beast Statue","Coffee Dripper"],"picked":"Velvet Choker"},{"not_picked":["Runic Dome","Tiny House"],"picked":"Inserter"}],"items_purged_floors":[12,38,46],"is_endless":false,"potions_floor_spawned":[4,5,8,16,21,24,30,33,35,37,39,47],"ascension_level":1}