{"gold_per_floor":[110,125,139,89,14,14,14,14,37,37,37,37,53,88,88,183,183,198,123,138,151,161,196,196,224,224,235,251,262,280,280,280,280],"floor_reached":33,"playtime":2296,"items_purged":["Defend_B"],"score":357,"play_id":"beae4098-2d5a-4a16-8f71-0634b75654bc","local_time":"20180715202009","is_ascension_mode":true,"campfire_choices":[{"data":"Genetic Algorithm","floor":6.0,"key":"SMITH"},{"data":"Zap","floor":8.0,"key":"SMITH"},{"data":"Auto Shields","floor":10.0,"key":"SMITH"},{"data":"Conserve Battery","floor":12.0,"key":"SMITH"},{"data":"Dualcast","floor":15,"key":"SMITH"},{"floor":24,"key":"REST"},{"floor":32,"key":"REST"}],"neow_cost":"NONE","seed_source_timestamp":0,"circlet_count":0,"master_deck":["Strike_B","Zap+1","Dualcast+1","Conserve Battery+1","Auto Shields+1","Genetic Algorithm+1","Cold Snap","Rainbow","Rebound+1","Scrape+1","Chaos","Conserve Battery+1","Go for the Eyes","Rip and Tear+1","Buffer+1","Sweeping Beam"],"special_seed":0,"relics":["Cracked Core","Potion Belt","Ancient Tea Set","Singing Bowl","Astrolabe","Omamori","Ornamental Fan","Frozen Egg 2"],"potions_floor_usage":[23,25,27,28,29,30],"damage_taken":[{"damage":4.0,"enemies":"Small Slimes","floor":1.0,"turns":3.0},{"damage":3.0,"enemies":"2 Louse","floor":2.0,"turns":3.0},{"damage":0.0,"enemies":"Jaw Worm","floor":3.0,"turns":3.0},{"damage":13.0,"enemies":"Exordium Thugs","floor":13.0,"turns":5.0},{"damage":3,"enemies":"Lagavulin","floor":14,"turns":7},{"damage":16,"enemies":"The Guardian","floor":16,"turns":15},{"damage":11,"enemies":"Spheric Guardian","floor":18,"turns":3},{"damage":8,"enemies":"Shell Parasite","floor":20,"turns":4},{"damage":3,"enemies":"Snecko","floor":21,"turns":5},{"damage":12,"enemies":"Snake Plant","floor":22,"turns":3},{"damage":36,"enemies":"Book of Stabbing","floor":23,"turns":5},{"damage":24,"enemies":"Slavers","floor":25,"turns":6},{"damage":7,"enemies":"Centurion and Healer","floor":27,"turns":7},{"damage":0,"enemies":"Snecko","floor":28,"turns":3},{"damage":8,"enemies":"Snake Plant","floor":29,"turns":4},{"damage":0,"enemies":"Chosen and Byrds","floor":30,"turns":7},{"damage":47,"enemies":"Champ","floor":33,"turns":10}],"seed_played":"8308999260029733275","potions_obtained":[{"floor":3.0,"key":"Block Potion"},{"floor":13.0,"key":"PowerPotion"},{"floor":21,"key":"PowerPotion"},{"floor":22,"key":"LiquidBronze"},{"floor":23,"key":"PowerPotion"},{"floor":28,"key":"Weak Potion"}],"is_trial":false,"path_per_floor":["M","M","M","?","$","R","?","R","T","R","T","R","M","E","R","B",null,"M","?","M","M","M","E","R","E","T","M","M","M","M","?","R"],"character_chosen":"DEFECT","items_purchased":[],"campfire_rested":2,"item_purchase_floors":[],"current_hp_per_floor":[78,75,75,75,75,75,75,75,75,75,75,75,62,61,61,45,84,73,73,65,62,52,16,41,19,19,12,14,8,10,10,38,0],"gold":280,"neow_bonus":"TEN_PERCENT_HP_BONUS","is_prod":false,"is_daily":false,"chose_seed":false,"campfire_upgraded":5,"win_rate":0,"timestamp":1531711209,"path_taken":["M","M","M","?","?","R","?","R","T","R","?","R","M","E","R","BOSS","M","?","M","?","M","E","R","E","T","M","M","M","M","?","R","BOSS"],"build_version":"2018-07-12","purchased_purges":1,"victory":false,"max_hp_per_floor":[82,82,82,82,82,82,82,82,82,82,82,82,82,84,84,84,84,84,84,84,84,86,86,86,88,88,88,90,92,94,94,94,94],"card_choices":[{"not_picked":["Sweeping Beam","Go for the Eyes"],"picked":"Conserve Battery","floor":1.0},{"not_picked":["Streamline","Barrage"],"picked":"Auto Shields","floor":2.0},{"not_picked":["Go for the Eyes","Coolheaded"],"picked":"Genetic Algorithm","floor":3.0},{"not_picked":["Beam Cell","Conserve Battery"],"picked":"Cold Snap","floor":13.0},{"not_picked":["Barrage","Hologram","Reboot"],"picked":"Singing Bowl","floor":14},{"not_picked":["Thunder Strike","Seek"],"picked":"Rainbow","floor":16},{"not_picked":["Redo","Barrage"],"picked":"Chaos","floor":18},{"not_picked":["Beam Cell","Turbo"],"picked":"Conserve Battery+1","floor":20},{"not_picked":["Compile Driver","Ball Lightning+1"],"picked":"Go for the Eyes","floor":21},{"not_picked":["Steam","Cold Snap","Barrage"],"picked":"Singing Bowl","floor":22},{"not_picked":["Go for the Eyes","Scrape+1"],"picked":"Rip and Tear+1","floor":23},{"not_picked":["Undo+1","Steam","Reinforced Body"],"picked":"Singing Bowl","floor":25},{"not_picked":["Sweeping Beam+1","FTL"],"picked":"Buffer+1","floor":27},{"not_picked":["Skim","Recycle","Stack"],"picked":"Singing Bowl","floor":28},{"not_picked":["Stack","Redo","Recycle+1"],"picked":"Singing Bowl","floor":29},{"not_picked":["Lockon","Go for the Eyes","Heatsinks+1"],"picked":"Singing Bowl","floor":30}],"player_experience":601303,"relics_obtained":[{"floor":9.0,"key":"Potion Belt"},{"floor":11.0,"key":"Ancient Tea Set"},{"floor":14,"key":"Singing Bowl"},{"floor":23,"key":"Omamori"},{"floor":25,"key":"Ornamental Fan"},{"floor":26,"key":"Frozen Egg 2"}],"event_choices":[{"event_name":"The Cleric","player_choice":"Card Removal","floor":4.0,"damage_taken":0.0},{"event_name":"Bonfire Elementals","player_choice":"BASIC","floor":7.0,"damage_taken":0.0},{"event_name":"Beggar","player_choice":"Gave Gold","floor":19,"damage_taken":0},{"event_name":"Transmorgrifier","player_choice":"Transform","floor":31,"damage_taken":0}],"boss_relics":[{"not_picked":["Black Star","Orrery"],"picked":"Astrolabe"}],"items_purged_floors":[5],"is_endless":false,"potions_floor_spawned":[3,13,21,22,23,28],"killed_by":"Champ","ascension_level":3}