{"gold_per_floor":[116,14,14,30,44,44,65,105,129,129,147,72,72,72,72,72],"floor_reached":16,"playtime":868,"items_purged":["Strike_R"],"score":100,"play_id":"700df4b5-a039-4c3a-9d53-25b55c73cb9a","local_time":"20180701221906","is_ascension_mode":false,"campfire_choices":[{"data":"Shrug It Off","floor":6,"key":"SMITH"},{"data":"Armaments","floor":10,"key":"SMITH"},{"data":"Fire Breathing","floor":13,"key":"SMITH"},{"data":"Cleave","floor":15,"key":"SMITH"}],"neow_cost":"","seed_source_timestamp":964383016804430,"circlet_count":0,"master_deck":["Strike_R","Strike_R","Strike_R","Strike_R","Defend_R","Defend_R","Defend_R","Defend_R","Bash","Cleave+1","Shrug It Off+1","Anger","Injury","Fire Breathing+1","Armaments+1","Iron Wave","Shrug It Off","Impervious"],"relics":["Burning Blood","Golden Idol","Bag of Preparation","Anchor"],"potions_floor_usage":[11,11],"damage_taken":[{"damage":5,"enemies":"2 Louse","floor":1,"turns":4},{"damage":0,"enemies":"Jaw Worm","floor":4,"turns":3},{"damage":2,"enemies":"Small Slimes","floor":5,"turns":4},{"damage":5,"enemies":"Gremlin Gang","floor":7,"turns":4},{"damage":35,"enemies":"Gremlin Nob","floor":8,"turns":5},{"damage":8,"enemies":"Looter","floor":11,"turns":4},{"damage":61,"enemies":"Hexaghost","floor":16,"turns":16}],"seed_played":"636110103380433347","potions_obtained":[{"floor":7,"key":"BloodPotion"},{"floor":8,"key":"EssenceOfSteel"}],"is_trial":false,"path_per_floor":["M","$","?","M","M","R","M","E","T","R","M","$","R","?","R"],"character_chosen":"IRONCLAD","items_purchased":["Shrug It Off","Anger"],"campfire_rested":0,"item_purchase_floors":[2,2],"current_hp_per_floor":[80,80,80,80,80,80,80,51,51,51,57,57,57,57,57,0],"gold":72,"neow_bonus":"","is_prod":false,"is_daily":false,"chose_seed":false,"campfire_upgraded":4,"win_rate":0.0,"timestamp":1530476346,"path_taken":["M","$","?","M","M","R","M","E","T","R","?","$","R","?","R","BOSS"],"build_version":"2018-06-28","purchased_purges":1,"victory":false,"max_hp_per_floor":[80,80,80,80,80,80,80,80,80,80,80,80,80,80,80,80],"card_choices":[{"not_picked":["Clash","Reckless Charge"],"picked":"Cleave","floor":1},{"not_picked":["Clash","Anger"],"picked":"Shrug It Off","floor":4},{"not_picked":["Heavy Blade","Shockwave"],"picked":"Fire Breathing","floor":5},{"not_picked":["Warcry","Brutality"],"picked":"Armaments","floor":7},{"not_picked":["Pummel","Cleave"],"picked":"Iron Wave","floor":8},{"not_picked":["Heavy Blade","Anger"],"picked":"Shrug It Off","floor":11}],"player_experience":26095,"relics_obtained":[{"floor":8,"key":"Bag of Preparation"},{"floor":9,"key":"Anchor"}],"event_choices":[{"event_name":"Golden Idol","player_choice":"Take Wound","floor":3,"damage_taken":0},{"event_name":"Living Wall","player_choice":"Change","floor":14,"damage_taken":0}],"boss_relics":[],"items_purged_floors":[12],"is_endless":false,"potions_floor_spawned":[7,8],"killed_by":"Hexaghost","ascension_level":0}