{"gold_per_floor":[218,228,20,38,49,49,76,91,114,114,146,111,128,128,128,228,228,240,165,175,18,31,31,31,31,31,61,160,188,204,223,223,327,327,337,355,365,5,5,5,39,39,64,64,82,32,32,58,58,58],"floor_reached":51,"playtime":3839,"items_purged":["Strike_G","Strike_G"],"score":1208,"play_id":"e9b0eef3-be6d-4537-b227-721fa146d2c3","local_time":"20190209124941","is_ascension_mode":true,"campfire_choices":[{"data":"Neutralize","floor":6.0,"key":"SMITH"},{"data":"Bane","floor":10.0,"key":"SMITH"},{"data":"Noxious Fumes","floor":15.0,"key":"SMITH"},{"data":"Footwork","floor":23.0,"key":"SMITH"},{"floor":25.0,"key":"REST"},{"floor":32.0,"key":"REST"},{"data":"After Image","floor":40.0,"key":"SMITH"},{"data":"Predator","floor":44.0,"key":"SMITH"},{"data":"Deadly Poison","floor":47.0,"key":"SMITH"},{"data":"Secret Technique","floor":49,"key":"SMITH"}],"neow_cost":"NONE","seed_source_timestamp":0,"circlet_count":0,"master_deck":["AscendersBane","Defend_G","Defend_G","Defend_G","Defend_G","Defend_G","Strike_G","Strike_G","Survivor","Neutralize+1","Dash","PiercingWail","Flying Knee","Deadly Poison+1","Bane+1","Noxious Fumes+1","Crippling Poison+1","Backstab","Footwork+1","Leg Sweep","Dagger Spray","After Image+1","Secret Technique+1","Predator+1","PiercingWail","Bullet Time"],"special_seed":0,"relics":["Ring of the Snake","Membership Card","Vajra","Happy Flower","Omamori","Runic Pyramid","FossilizedHelix","Nilry\u0027s Codex","Smiling Mask","Juzu Bracelet","Ancient Tea Set","Sozu","Lee\u0027s Waffle","Blood Vial","Frozen Egg 2","Dream Catcher","Sundial"],"potions_floor_usage":[],"damage_taken":[{"damage":1.0,"enemies":"Cultist","floor":1.0,"turns":4.0},{"damage":8.0,"enemies":"Jaw Worm","floor":2.0,"turns":5.0},{"damage":10.0,"enemies":"Small Slimes","floor":4.0,"turns":6.0},{"damage":4.0,"enemies":"2 Fungi Beasts","floor":5.0,"turns":4.0},{"damage":17.0,"enemies":"Gremlin Nob","floor":7.0,"turns":4.0},{"damage":0.0,"enemies":"Looter","floor":8.0,"turns":3.0},{"damage":7.0,"enemies":"3 Sentries","floor":11.0,"turns":9.0},{"damage":9.0,"enemies":"3 Louse","floor":13.0,"turns":3.0},{"damage":20.0,"enemies":"Hexaghost","floor":16.0,"turns":9.0},{"damage":12.0,"enemies":"2 Thieves","floor":18.0,"turns":4.0},{"damage":1.0,"enemies":"Spheric Guardian","floor":20.0,"turns":4.0},{"damage":0.0,"enemies":"Snecko","floor":22.0,"turns":4.0},{"damage":23.0,"enemies":"Slavers","floor":27.0,"turns":7.0},{"damage":0.0,"enemies":"Book of Stabbing","floor":29.0,"turns":6.0},{"damage":6.0,"enemies":"Sentry and Sphere","floor":30.0,"turns":5.0},{"damage":0.0,"enemies":"Cultist and Chosen","floor":31.0,"turns":6.0},{"damage":25.0,"enemies":"Champ","floor":33.0,"turns":13.0},{"damage":5.0,"enemies":"3 Darklings","floor":35.0,"turns":4.0},{"damage":0.0,"enemies":"3 Shapes","floor":36.0,"turns":5.0},{"damage":0.0,"enemies":"Writhing Mass","floor":37.0,"turns":7.0},{"damage":3.0,"enemies":"Reptomancer","floor":41.0,"turns":7.0},{"damage":0.0,"enemies":"4 Shapes","floor":45.0,"turns":4.0},{"damage":9.0,"enemies":"Giant Head","floor":48.0,"turns":8.0},{"damage":59,"enemies":"Awakened One","floor":50,"turns":20}],"seed_played":"5419766613548818254","potions_obtained":[{"floor":1.0,"key":"AttackPotion"},{"floor":2.0,"key":"LiquidBronze"},{"floor":13.0,"key":"SpeedPotion"},{"floor":29.0,"key":"SteroidPotion"},{"floor":31.0,"key":"Dexterity Potion"}],"is_trial":false,"path_per_floor":["M","M","$","M","M","R","E","M","T","R","E","?","M","?","R","B",null,"M","?","M","$","M","R","?","R","T","E","?","E","M","M","R","B",null,"M","M","M","$","?","R","E","?","T","R","M","$","R","E","R","B",null],"character_chosen":"THE_SILENT","items_purchased":["Membership Card","FossilizedHelix","Lee\u0027s Waffle","Blood Vial","Secret Technique","Predator"],"campfire_rested":2,"item_purchase_floors":[3,21,38,38,38,38],"current_hp_per_floor":[62,54,54,44,40,40,23,23,23,23,16,33,24,24,24,4,54,42,42,41,41,41,41,25,46,46,23,23,23,17,17,38,13,56,51,51,51,77,77,77,74,74,74,74,76,76,76,68,68,11],"gold":58,"neow_bonus":"HUNDRED_GOLD","is_prod":false,"is_daily":false,"chose_seed":false,"campfire_upgraded":8,"win_rate":0,"timestamp":1549712981,"path_taken":["M","M","$","?","M","R","E","M","T","R","E","?","M","?","R","BOSS","M","?","M","$","M","R","?","R","T","E","?","E","M","M","R","BOSS","M","M","M","$","?","R","E","?","T","R","M","$","R","E","R","BOSS"],"build_version":"2019-01-23","purchased_purges":2,"victory":true,"max_hp_per_floor":[70,70,70,70,70,70,70,70,70,70,70,70,70,70,70,70,70,70,70,70,70,70,70,70,70,70,70,70,70,70,70,70,70,70,70,70,70,77,77,77,77,77,77,77,77,77,77,77,77,77],"card_choices":[{"not_picked":["Poisoned Stab","Sucker Punch"],"picked":"Dash","floor":1.0},{"not_picked":["Blade Dance","Setup"],"picked":"PiercingWail","floor":2.0},{"not_picked":["Blade Dance","Blur"],"picked":"Flying Knee","floor":4.0},{"not_picked":["Dodge and Roll","Poisoned Stab"],"picked":"Deadly Poison","floor":5.0},{"not_picked":["PiercingWail","Backflip"],"picked":"Bane","floor":7.0},{"not_picked":["Sucker Punch","Deflect","Acrobatics"],"picked":"SKIP","floor":8.0},{"not_picked":["Escape Plan","Concentrate"],"picked":"Noxious Fumes","floor":11.0},{"not_picked":["All Out Attack","Underhanded Strike"],"picked":"Crippling Poison","floor":13.0},{"not_picked":["Outmaneuver","Flying Knee"],"picked":"Backstab","floor":18.0},{"not_picked":["Outmaneuver","Riddle With Holes"],"picked":"Footwork","floor":20.0},{"not_picked":["Dagger Throw","Poisoned Stab"],"picked":"Leg Sweep","floor":22.0},{"not_picked":["Bane+1","Acrobatics","Blade Dance"],"picked":"SKIP","floor":27.0},{"not_picked":["Prepared+1","Dash"],"picked":"Dagger Spray","floor":29.0},{"not_picked":["Well Laid Plans","Setup"],"picked":"After Image","floor":30.0},{"not_picked":["Backstab","Predator","Quick Slash"],"picked":"SKIP","floor":31.0},{"not_picked":["Quick Slash","Slice","Distraction+1"],"picked":"SKIP","floor":35.0},{"not_picked":["Dagger Spray","Cloak And Dagger"],"picked":"Prepared+1","floor":36.0},{"not_picked":["Deadly Poison+1","Dagger Spray","Heel Hook"],"picked":"SKIP","floor":37.0},{"not_picked":["Flying Knee","Riddle With Holes","Dagger Throw"],"picked":"SKIP","floor":41.0},{"not_picked":["Flying Knee","Riddle With Holes","Dagger Throw"],"picked":"SKIP","floor":41.0},{"not_picked":["Accuracy+1","Deflect+1"],"picked":"PiercingWail","floor":45.0},{"not_picked":["Skewer+1","Well Laid Plans+1"],"picked":"Bullet Time","floor":48.0}],"player_experience":343628,"relics_obtained":[{"floor":7.0,"key":"Vajra"},{"floor":9.0,"key":"Happy Flower"},{"floor":11.0,"key":"Omamori"},{"floor":24.0,"key":"Nilry\u0027s Codex"},{"floor":26.0,"key":"Smiling Mask"},{"floor":27.0,"key":"Juzu Bracelet"},{"floor":29.0,"key":"Ancient Tea Set"},{"floor":41.0,"key":"Frozen Egg 2"},{"floor":43.0,"key":"Dream Catcher"},{"floor":48.0,"key":"Sundial"}],"event_choices":[{"damage_healed":17.0,"max_hp_gain":0.0,"max_hp_loss":0.0,"gold_gain":0.0,"event_name":"The Cleric","player_choice":"Healed","floor":12.0,"gold_loss":35.0,"damage_taken":0.0},{"damage_healed":0.0,"max_hp_gain":0.0,"max_hp_loss":0.0,"gold_gain":0.0,"event_name":"Upgrade Shrine","player_choice":"Upgraded","floor":14.0,"gold_loss":0.0,"damage_taken":0.0,"cards_upgraded":["Crippling Poison"]},{"cards_removed":["Strike_G"],"damage_healed":0.0,"max_hp_gain":0.0,"max_hp_loss":0.0,"gold_gain":0.0,"event_name":"Beggar","player_choice":"Gave Gold","floor":19.0,"gold_loss":75.0,"damage_taken":0.0},{"damage_healed":0.0,"max_hp_gain":0.0,"max_hp_loss":0.0,"gold_gain":0.0,"event_name":"Cursed Tome","player_choice":"Obtained Book","floor":24.0,"gold_loss":0.0,"damage_taken":16.0},{"damage_healed":0.0,"max_hp_gain":0.0,"max_hp_loss":0.0,"gold_gain":99.0,"event_name":"Nest","player_choice":"Stole From Cult","floor":28.0,"gold_loss":0.0,"damage_taken":0.0},{"cards_removed":["Prepared"],"damage_healed":0.0,"max_hp_gain":0.0,"max_hp_loss":0.0,"gold_gain":0.0,"event_name":"Falling","player_choice":"Removed Skill","floor":39.0,"gold_loss":0.0,"damage_taken":0.0},{"damage_healed":0.0,"max_hp_gain":0.0,"max_hp_loss":0.0,"gold_gain":0.0,"event_name":"WeMeetAgain","player_choice":"Ignored","floor":42.0,"gold_loss":0.0,"damage_taken":0.0}],"is_beta":false,"boss_relics":[{"not_picked":["Runic Dome","Ring of the Serpent"],"picked":"Runic Pyramid"},{"not_picked":["Coffee Dripper","Black Star"],"picked":"Sozu"}],"items_purged_floors":[38,46],"is_endless":false,"potions_floor_spawned":[1,2,4,13,29,31,36,41,45,48],"ascension_level":12}