{"gold_per_floor":[113,128,278,288,307,307,322,350,350,366,366,385,403,403,403,403],"floor_reached":16,"playtime":520,"items_purged":[],"score":207,"play_id":"313dbae3-d614-4fe2-a4cb-8a58dd084308","local_time":"20190223162537","is_ascension_mode":true,"campfire_choices":[{"data":"Inflame","floor":6.0,"key":"SMITH"},{"data":"Barricade","floor":11,"key":"SMITH"},{"data":"Metallicize","floor":15,"key":"SMITH"}],"neow_cost":"NONE","seed_source_timestamp":12149717775712,"circlet_count":0,"master_deck":["AscendersBane","Strike_R","Strike_R","Strike_R","Strike_R","Strike_R","Defend_R","Defend_R","Defend_R","Defend_R","Bash","Whirlwind","Iron Wave","Iron Wave","Inflame+1","Shrug It Off","Barricade+1","Iron Wave","Metallicize+1","Shockwave"],"special_seed":0,"relics":["Burning Blood","Matryoshka","Omamori","Letter Opener"],"potions_floor_usage":[8,13,16],"damage_taken":[{"damage":4.0,"enemies":"Small Slimes","floor":1.0,"turns":4.0},{"damage":12.0,"enemies":"Cultist","floor":2.0,"turns":4.0},{"damage":0.0,"enemies":"2 Louse","floor":4.0,"turns":1.0},{"damage":16.0,"enemies":"Looter","floor":5.0,"turns":4.0},{"damage":1,"enemies":"2 Fungi Beasts","floor":7,"turns":3},{"damage":27,"enemies":"Gremlin Nob","floor":8,"turns":4},{"damage":14,"enemies":"Blue Slaver","floor":10,"turns":5},{"damage":11,"enemies":"Looter","floor":12,"turns":4},{"damage":17,"enemies":"2 Fungi Beasts","floor":13,"turns":4},{"damage":44,"enemies":"Hexaghost","floor":16,"turns":11}],"seed_played":"5018665772188974032","potions_obtained":[{"floor":4.0,"key":"Swift Potion"},{"floor":7,"key":"Regen Potion"},{"floor":8,"key":"LiquidBronze"}],"is_trial":false,"path_per_floor":["M","M","?","M","M","R","M","E","T","M","R","M","M","?","R","B"],"character_chosen":"IRONCLAD","items_purchased":[],"campfire_rested":0,"item_purchase_floors":[],"current_hp_per_floor":[77,71,71,77,67,67,72,51,51,43,43,38,39,39,39,0],"gold":403,"neow_bonus":"TEN_PERCENT_HP_BONUS","is_prod":false,"is_daily":false,"chose_seed":false,"campfire_upgraded":3,"win_rate":0,"timestamp":1550967937,"path_taken":["M","M","?","M","M","R","M","E","T","M","R","M","M","?","R","BOSS"],"build_version":"2019-01-23","purchased_purges":0,"victory":false,"max_hp_per_floor":[82,82,82,82,82,82,82,82,82,82,82,82,82,82,82,82],"card_choices":[{"not_picked":["Iron Wave","Intimidate"],"picked":"Whirlwind","floor":1.0},{"not_picked":["Burning Pact","Warcry"],"picked":"Iron Wave","floor":2.0},{"not_picked":["Anger","Searing Blow"],"picked":"Iron Wave","floor":4.0},{"not_picked":["Body Slam","Twin Strike"],"picked":"Inflame","floor":5.0},{"not_picked":["Carnage","Intimidate"],"picked":"Shrug It Off","floor":7},{"not_picked":["Clothesline","Sword Boomerang"],"picked":"Barricade","floor":8},{"not_picked":["Combust","Thunderclap"],"picked":"Iron Wave","floor":10},{"not_picked":["Twin Strike","True Grit"],"picked":"Metallicize","floor":12},{"not_picked":["Rage","Blood for Blood"],"picked":"Shockwave","floor":13}],"player_experience":1229037,"relics_obtained":[{"floor":8,"key":"Matryoshka"},{"floor":9,"key":"Omamori"},{"floor":9,"key":"Letter Opener"}],"event_choices":[{"damage_healed":0.0,"max_hp_gain":0.0,"max_hp_loss":0.0,"gold_gain":150.0,"event_name":"Liars Game","player_choice":"AGREE","floor":3.0,"gold_loss":0.0,"damage_taken":0.0,"cards_obtained":["Doubt"]},{"cards_removed":["Doubt"],"damage_healed":0,"gold_gain":0,"player_choice":"Removed Curses","damage_taken":0,"max_hp_gain":0,"max_hp_loss":0,"event_name":"Fountain of Cleansing","floor":14,"gold_loss":0}],"is_beta":false,"boss_relics":[],"items_purged_floors":[],"is_endless":false,"potions_floor_spawned":[4,7,8],"killed_by":"Hexaghost","ascension_level":19}