{"path_per_floor":["M","M","?","M","M","R","E","R","T","?","$","R","?","M","R","B",null,"M","?","M","M","M","R"],"character_chosen":"IRONCLAD","items_purchased":["True Grit","Swift Strike"],"gold_per_floor":[114,125,200,215,226,226,257,257,329,329,204,204,265,277,277,382,382,322,222,240,250,265,265],"floor_reached":24,"campfire_rested":4,"playtime":4153,"current_hp_per_floor":[73,74,63,49,35,59,48,72,72,56,56,80,54,60,60,37,80,63,63,24,15,10,59],"items_purged":[],"gold":265,"score":196,"play_id":"fc229cf1-a3cd-47ee-98c0-beee0fafbdae","is_prod":false,"is_daily":false,"is_ascension_mode":false,"campfire_upgraded":1,"path_taken":["M","M","?","?","M","R","E","R","T","?","?","R","?","M","R","BOSS","M","?","M","?","M","R","M"],"build_version":"2018-02-15-PROD1","purchased_purges":0,"victory":false,"master_deck":["Strike_R+1","Strike_R","Strike_R","Strike_R","Strike_R","Defend_R","Defend_R","Defend_R","Defend_R","Bash","Second Wind+1","Flex","Armaments+1","Disarm","Metallicize","True Grit","Swift Strike","Cleave","Twin Strike","Juggernaut","Warcry+1","J.A.X.","Clothesline","Iron Wave+1","Inflame"],"max_hp_per_floor":[80,80,80,80,80,80,80,80,80,80,80,80,80,80,80,80,80,80,80,80,80,80,80],"relics":["Burning Blood","Ornamental Fan","Matryoshka","Regal Pillow","Eternal Feather"],"card_choices":[{"not_picked":["Shrug It Off","Thunderclap"],"picked":"Second Wind"},{"not_picked":["Fire Breathing","Armaments"],"picked":"Flex"},{"not_picked":["Cleave","Body Slam"],"picked":"Armaments"},{"not_picked":["Second Wind","Flex"],"picked":"Disarm"},{"not_picked":["Cleave","Dark Embrace"],"picked":"Metallicize"},{"not_picked":["Body Slam","Thunderclap"],"picked":"Cleave"},{"not_picked":["Shrug It Off","Perfected Strike"],"picked":"Twin Strike"},{"not_picked":["Brutality","Bludgeon"],"picked":"Juggernaut"},{"not_picked":["True Grit","Cleave"],"picked":"Warcry"},{"not_picked":["Body Slam","Disarm"],"picked":"Clothesline"},{"not_picked":["Disarm","Shrug It Off"],"picked":"Iron Wave"},{"not_picked":["Fire Breathing","Twin Strike"],"picked":"Inflame"}],"player_experience":0,"potions_floor_usage":[7,7,16,16,21,22,24],"damage_taken":[{"damage":13,"enemies":"2 Louse","floor":1,"turns":4},{"damage":5,"enemies":"Small Slimes","floor":2,"turns":4},{"damage":20,"enemies":"Jaw Worm","floor":4,"turns":4},{"damage":20,"enemies":"Red Slaver","floor":5,"turns":6},{"damage":17,"enemies":"3 Sentries","floor":7,"turns":9},{"damage":32,"enemies":"Lagavulin Event","floor":13,"turns":9},{"damage":0,"enemies":"Looter","floor":14,"turns":5},{"damage":29,"enemies":"The Guardian","floor":16,"turns":15},{"damage":23,"enemies":"2 Thieves","floor":18,"turns":4},{"damage":45,"enemies":"Spheric Guardian","floor":20,"turns":8},{"damage":15,"enemies":"Snecko","floor":21,"turns":7},{"damage":11,"enemies":"Centurion and Healer","floor":22,"turns":15},{"damage":60,"enemies":"Chosen and Byrds","floor":24,"turns":6}],"event_choices":[{"event_name":"World of Goop","player_choice":"Gather Gold","floor":3,"damage_taken":0},{"event_name":"Shining Light","player_choice":"Entered Light","floor":10,"damage_taken":0},{"event_name":"Dead Adventurer","player_choice":"Searched \u00273\u0027 times","floor":13,"damage_taken":0},{"event_name":"Drug Dealer","player_choice":"Got JAXXED","floor":19,"damage_taken":0}],"boss_relics":[{"not_picked":["Question Card","Runic Dome"],"picked":"Eternal Feather"}],"potions_floor_spawned":[2,5,7,13,16,21,22],"seed_played":"-6470172772355214018","killed_by":"Chosen and Byrds","ascension_level":0,"is_trial":false}