{"gold_per_floor":[112,112,123,123,198,198,263,228,253,265,65,96,106,126,126,226,226,243,258,1,21,32,32,51,51,126,159,159,234,234,245,245,345,345,361,165,165,165,175,210,210,221,221,253,33,33,33],"floor_reached":47,"playtime":2972,"items_purged":["Strike_R","Strike_R","Strike_R","Strike_R"],"score":821,"play_id":"5567a173-ff6b-4854-9218-f32d8bdfb4ea","local_time":"20190330002736","is_ascension_mode":true,"campfire_choices":[{"data":"Wild Strike","floor":6.0,"key":"SMITH"},{"data":"Heavy Blade","floor":15.0,"key":"SMITH"},{"data":"Immolate","floor":23.0,"key":"SMITH"},{"floor":25.0,"key":"REST"},{"data":"Evolve","floor":30.0,"key":"SMITH"},{"floor":32.0,"key":"REST"},{"data":"Fiend Fire","floor":41.0,"key":"SMITH"}],"neow_cost":"NONE","seed_source_timestamp":0,"circlet_count":0,"master_deck":["AscendersBane","Strike_R","Defend_R","Defend_R","Defend_R","Defend_R","Bash+1","Wild Strike+1","Dropkick","Evolve+1","Uppercut","Spot Weakness","Armaments","Fiend Fire+1","Shrug It Off","Heavy Blade+1","Immolate+1","Disarm","Second Wind","Sword Boomerang","Ghostly Armor+1","Inflame+1","Power Through+1"],"special_seed":0,"relics":["Burning Blood","Bag of Marbles","Tiny Chest","Pen Nib","Happy Flower","Velvet Choker","Red Skull","Singing Bowl","Smiling Mask","Kunai","White Beast Statue","Vajra","Thread and Needle","Unceasing Top","StoneCalendar","Bottled Flame"],"potions_floor_usage":[47,47],"damage_taken":[{"damage":0.0,"enemies":"2 Louse","floor":1.0,"turns":2.0},{"damage":6.0,"enemies":"Cultist","floor":3.0,"turns":3.0},{"damage":25.0,"enemies":"Lagavulin","floor":7.0,"turns":5.0},{"damage":7.0,"enemies":"Jaw Worm","floor":10.0,"turns":3.0},{"damage":8.0,"enemies":"Gremlin Nob","floor":12.0,"turns":3.0},{"damage":0.0,"enemies":"Large Slime","floor":13.0,"turns":4.0},{"damage":9.0,"enemies":"Blue Slaver","floor":14.0,"turns":3.0},{"damage":37.0,"enemies":"Hexaghost","floor":16.0,"turns":9.0},{"damage":7.0,"enemies":"Chosen","floor":18.0,"turns":2.0},{"damage":34.0,"enemies":"Shell Parasite","floor":19.0,"turns":6.0},{"damage":8.0,"enemies":"Snake Plant","floor":21.0,"turns":3.0},{"damage":22.0,"enemies":"3 Cultists","floor":22.0,"turns":4.0},{"damage":8.0,"enemies":"Cultist and Chosen","floor":24.0,"turns":3.0},{"damage":4.0,"enemies":"Gremlin Leader","floor":27.0,"turns":2.0},{"damage":30.0,"enemies":"Centurion and Healer","floor":31.0,"turns":5.0},{"damage":46.0,"enemies":"Collector","floor":33.0,"turns":11.0},{"damage":17.0,"enemies":"Orb Walker","floor":35.0,"turns":3.0},{"damage":1.0,"enemies":"3 Shapes","floor":39.0,"turns":4.0},{"damage":11.0,"enemies":"Nemesis","floor":40.0,"turns":5.0},{"damage":0.0,"enemies":"Sphere and 2 Shapes","floor":42.0,"turns":4.0},{"damage":50.0,"enemies":"Reptomancer","floor":44.0,"turns":5.0},{"damage":34,"enemies":"Nemesis","floor":47,"turns":3}],"seed_played":"3160709572305354297","potions_obtained":[{"floor":2.0,"key":"Explosive Potion"},{"floor":2.0,"key":"LiquidBronze"},{"floor":10.0,"key":"Weak Potion"},{"floor":12.0,"key":"BloodPotion"},{"floor":14.0,"key":"SkillPotion"},{"floor":19.0,"key":"EssenceOfSteel"},{"floor":21.0,"key":"Weak Potion"},{"floor":27.0,"key":"Weak Potion"},{"floor":35.0,"key":"Fire Potion"},{"floor":39.0,"key":"BloodPotion"},{"floor":40.0,"key":"Strength Potion"},{"floor":42.0,"key":"SpeedPotion"},{"floor":44.0,"key":"Fire Potion"}],"is_trial":false,"path_per_floor":["M","?","M","?","?","R","E","?","T","M","$","E","M","M","R","B",null,"M","M","$","M","M","R","M","R","T","E","?","T","R","M","R","B",null,"M","$","?","?","M","E","R","M","T","E","$","T","E"],"character_chosen":"IRONCLAD","items_purchased":["Spot Weakness","Armaments","Red Skull","Vajra","Fruit Juice","EssenceOfSteel"],"campfire_rested":2,"item_purchase_floors":[11,11,20,36,45,45],"current_hp_per_floor":[78,78,78,78,67,67,48,68,68,67,67,65,71,68,68,37,69,68,40,40,38,30,30,28,52,52,54,54,54,54,32,56,16,66,57,57,57,57,62,59,59,67,67,23,28,28,0],"gold":33,"neow_bonus":"RANDOM_COMMON_RELIC","is_prod":false,"is_daily":false,"chose_seed":false,"campfire_upgraded":5,"win_rate":0,"timestamp":1553923656,"path_taken":["M","?","?","?","?","R","E","?","T","M","$","E","M","M","R","BOSS","M","M","$","M","M","R","M","R","T","E","?","?","R","M","R","BOSS","M","$","?","?","M","E","R","M","T","E","$","?","E"],"build_version":"2019-01-23","purchased_purges":4,"victory":false,"max_hp_per_floor":[80,80,80,80,80,80,80,80,80,80,80,80,80,80,80,80,80,80,80,80,80,80,80,80,80,80,80,80,80,80,82,82,82,82,84,84,84,84,84,86,86,88,88,88,93,93,93],"card_choices":[{"not_picked":["Warcry","Fire Breathing"],"picked":"Wild Strike","floor":1.0},{"not_picked":["Clash","Shockwave"],"picked":"Dropkick","floor":3.0},{"not_picked":["Ghostly Armor","Burning Pact"],"picked":"Evolve","floor":7.0},{"not_picked":["Sword Boomerang","Heavy Blade"],"picked":"Uppercut","floor":10.0},{"not_picked":["Seeing Red","Carnage"],"picked":"Fiend Fire","floor":12.0},{"not_picked":["Corruption","Flex"],"picked":"Shrug It Off","floor":13.0},{"not_picked":["Havoc","Perfected Strike"],"picked":"Heavy Blade","floor":14.0},{"not_picked":["Impervious","Limit Break"],"picked":"Immolate","floor":16.0},{"not_picked":["Twin Strike+1","Flex"],"picked":"Disarm","floor":18.0},{"not_picked":["Spot Weakness","Searing Blow"],"picked":"Second Wind","floor":19.0},{"not_picked":["Body Slam","Armaments","Heavy Blade"],"picked":"SKIP","floor":21.0},{"not_picked":["Infernal Blade","Bludgeon"],"picked":"Sword Boomerang","floor":22.0},{"not_picked":["Cleave","Heavy Blade"],"picked":"Battle Trance+1","floor":24.0},{"not_picked":["Berserk","Body Slam+1"],"picked":"Ghostly Armor+1","floor":27.0},{"not_picked":["Cleave","Warcry","Iron Wave"],"picked":"Singing Bowl","floor":31.0},{"not_picked":["Dual Wield+1","True Grit","Flex"],"picked":"Singing Bowl","floor":35.0},{"not_picked":["Reckless Charge+1","Clash"],"picked":"Inflame+1","floor":39.0},{"not_picked":["Wild Strike","Dual Wield+1","Pommel Strike"],"picked":"Singing Bowl","floor":40.0},{"not_picked":["Warcry","Sword Boomerang","Rage"],"picked":"Singing Bowl","floor":42.0},{"not_picked":["Ghostly Armor","Wild Strike"],"picked":"Power Through+1","floor":44.0}],"player_experience":655526,"relics_obtained":[{"floor":7.0,"key":"Tiny Chest"},{"floor":9.0,"key":"Pen Nib"},{"floor":12.0,"key":"Happy Flower"},{"floor":26.0,"key":"Singing Bowl"},{"floor":27.0,"key":"Smiling Mask"},{"floor":29.0,"key":"Kunai"},{"floor":40.0,"key":"Thread and Needle"},{"floor":43.0,"key":"Unceasing Top"},{"floor":44.0,"key":"StoneCalendar"},{"floor":46.0,"key":"Bottled Flame"}],"event_choices":[{"damage_healed":0.0,"max_hp_gain":0.0,"max_hp_loss":0.0,"gold_gain":0.0,"event_name":"Lab","player_choice":"Got Potions","floor":2.0,"gold_loss":0.0,"damage_taken":0.0},{"damage_healed":0.0,"max_hp_gain":0.0,"max_hp_loss":0.0,"gold_gain":0.0,"event_name":"Living Wall","player_choice":"Grow","floor":4.0,"gold_loss":0.0,"damage_taken":0.0,"cards_upgraded":["Bash"]},{"damage_healed":0.0,"max_hp_gain":0.0,"max_hp_loss":0.0,"gold_gain":75.0,"event_name":"World of Goop","player_choice":"Gather Gold","floor":5.0,"gold_loss":0.0,"damage_taken":11.0},{"damage_healed":20.0,"max_hp_gain":0.0,"max_hp_loss":0.0,"gold_gain":0.0,"event_name":"The Cleric","player_choice":"Healed","floor":8.0,"gold_loss":35.0,"damage_taken":0.0},{"damage_healed":0.0,"max_hp_gain":0.0,"max_hp_loss":0.0,"gold_gain":0.0,"event_name":"Vampires","player_choice":"Ignored","floor":28.0,"gold_loss":0.0,"damage_taken":0.0},{"cards_removed":["Battle Trance"],"damage_healed":0.0,"max_hp_gain":0.0,"max_hp_loss":0.0,"gold_gain":0.0,"event_name":"Falling","player_choice":"Removed Skill","floor":37.0,"gold_loss":0.0,"damage_taken":0.0},{"damage_healed":0.0,"max_hp_gain":0.0,"max_hp_loss":0.0,"gold_gain":0.0,"event_name":"Tomb of Lord Red Mask","player_choice":"Ignored","floor":38.0,"gold_loss":0.0,"damage_taken":0.0}],"is_beta":false,"boss_relics":[{"not_picked":["Eternal Feather","Runic Pyramid"],"picked":"Velvet Choker"},{"not_picked":["Philosopher\u0027s Stone","Runic Dome"],"picked":"White Beast Statue"}],"items_purged_floors":[11,20,36,45],"is_endless":false,"potions_floor_spawned":[3,7,10,12,14,19,21,27,35,39,40,42,44],"killed_by":"Nemesis","ascension_level":12}