{"path_per_floor":["M","M","M","?","?","E","R","?","T","M","M","T","R","M","R"],"character_chosen":"IRONCLAD","items_purchased":[],"gold_per_floor":[119,133,145,95,95,124,124,124,124,144,160,160,160,173,173,173],"floor_reached":16,"campfire_rested":2,"playtime":654,"current_hp_per_floor":[40,39,45,45,45,24,48,48,48,33,26,26,50,40,40,0],"items_purged":[],"gold":173,"score":128,"play_id":"a336594f-0f80-43f1-bd1f-3063c733508d","local_time":"20180418212713","is_prod":false,"is_daily":false,"chose_seed":false,"is_ascension_mode":true,"campfire_upgraded":1,"timestamp":1524112033,"path_taken":["M","M","M","?","?","E","R","?","T","M","M","?","R","M","R","BOSS"],"build_version":"2018-04-12","seed_source_timestamp":604584000889173,"purchased_purges":0,"victory":false,"master_deck":["Strike_R","Strike_R","Strike_R","Strike_R","Defend_R","Defend_R","Defend_R","Defend_R","Bash","Clothesline","Battle Trance","Combust+1","Regret","Barricade+1","Shrug It Off","Battle Trance","Shrug It Off"],"max_hp_per_floor":[80,80,80,80,80,80,80,80,80,80,80,80,80,80,80,80],"relics":["Burning Blood","Calipers","Prayer Wheel","Blue Candle","The Courier","Shuriken"],"card_choices":[{"not_picked":["Warcry","Pommel Strike"],"picked":"Clothesline","floor":1},{"not_picked":["Warcry","Clash"],"picked":"Battle Trance","floor":2},{"not_picked":["Infernal Blade","Bloodletting"],"picked":"Combust","floor":3},{"not_picked":["Seeing Red","Spot Weakness"],"picked":"Barricade","floor":6},{"not_picked":["Seeing Red","Sword Boomerang"],"picked":"Shrug It Off","floor":9},{"not_picked":["Sword Boomerang","Perfected Strike"],"picked":"Battle Trance","floor":12},{"not_picked":["Warcry","Dropkick"],"picked":"Shrug It Off","floor":14}],"player_experience":301524,"potions_floor_usage":[6],"damage_taken":[{"damage":6,"enemies":"2 Louse","floor":1,"turns":3},{"damage":7,"enemies":"Jaw Worm","floor":2,"turns":3},{"damage":0,"enemies":"Cultist","floor":3,"turns":3},{"damage":27,"enemies":"Gremlin Nob","floor":6,"turns":4},{"damage":21,"enemies":"3 Louse","floor":10,"turns":4},{"damage":13,"enemies":"Large Slime","floor":11,"turns":6},{"damage":16,"enemies":"Looter","floor":14,"turns":3},{"damage":41,"enemies":"The Guardian","floor":16,"turns":7}],"event_choices":[{"event_name":"The Cleric","player_choice":"Card Removal","floor":4,"damage_taken":0},{"event_name":"Big Fish","player_choice":"Box","floor":5,"damage_taken":0},{"event_name":"Living Wall","player_choice":"Grow","floor":8,"damage_taken":0}],"boss_relics":[],"potions_floor_spawned":[3,10],"seed_played":"-1513373708980768969","killed_by":"The Guardian","ascension_level":5,"is_trial":false}