{"gold_per_floor":[111,125,125,125,105,137,137,163,163,191,206,206,224,9,9,111,111,130,180,200,64,64,64,77,77,100,130,130,1,20,20,20,124,124,140,140,17,117,117],"floor_reached":39,"playtime":1997,"items_purged":["Strike_B","Decay"],"score":671,"play_id":"01620d10-c1c3-40fe-8028-5c0a59d6839c","local_time":"20190204170732","is_ascension_mode":true,"campfire_choices":[{"data":"Sunder","floor":7.0,"key":"SMITH"},{"data":"Dualcast","floor":12.0,"key":"SMITH"},{"floor":15.0,"key":"REST"},{"data":"Buffer","floor":23.0,"key":"SMITH"},{"data":"Fusion","floor":25.0,"key":"SMITH"},{"floor":28.0,"key":"REST"},{"floor":32.0,"key":"REST"}],"neow_cost":"NONE","seed_source_timestamp":0,"circlet_count":0,"master_deck":["Strike_B","Strike_B","Defend_B","Defend_B","Defend_B","Defend_B","Zap+1","Dualcast+1","Cold Snap","Sunder+1","Auto Shields","Conserve Battery","Leap","Self Repair","Capacitor","Echo Form","Buffer+1","Fusion+1","Seek","White Noise","Darkness","Glacier","Glacier","Fission","Leap","Barrage"],"special_seed":0,"relics":["Cracked Core","NeowsBlessing","Torii","Bag of Marbles","Gambling Chip","Potion Belt","Inserter","Pen Nib","Gremlin Horn","Oddly Smooth Stone","Nuclear Battery","Peace Pipe"],"potions_floor_usage":[],"damage_taken":[{"damage":0.0,"enemies":"Small Slimes","floor":1.0,"turns":1.0},{"damage":0.0,"enemies":"Jaw Worm","floor":2.0,"turns":1.0},{"damage":0.0,"enemies":"Gremlin Nob","floor":6.0,"turns":1.0},{"damage":8.0,"enemies":"3 Sentries","floor":8.0,"turns":6.0},{"damage":26.0,"enemies":"Lagavulin","floor":10.0,"turns":4.0},{"damage":0.0,"enemies":"Cultist","floor":11.0,"turns":1.0},{"damage":0.0,"enemies":"Red Slaver","floor":13.0,"turns":1.0},{"damage":10.0,"enemies":"The Guardian","floor":16.0,"turns":9.0},{"damage":11.0,"enemies":"2 Thieves","floor":18.0,"turns":5.0},{"damage":19.0,"enemies":"Chosen","floor":20.0,"turns":7.0},{"damage":1.0,"enemies":"Snecko","floor":24.0,"turns":6.0},{"damage":53.0,"enemies":"Book of Stabbing","floor":27.0,"turns":8.0},{"damage":10.0,"enemies":"Sentry and Sphere","floor":30.0,"turns":6.0},{"damage":33.0,"enemies":"Champ","floor":33.0,"turns":19.0},{"damage":18.0,"enemies":"Orb Walker","floor":35.0,"turns":9.0},{"damage":0.0,"enemies":"Mind Bloom Boss Battle","floor":38.0,"turns":6.0},{"damage":0,"enemies":"3 Darklings","floor":39,"turns":1}],"seed_played":"-2211131765216868657","potions_obtained":[{"floor":5.0,"key":"FairyPotion"},{"floor":11.0,"key":"PowerPotion"},{"floor":16.0,"key":"Poison Potion"},{"floor":20.0,"key":"FocusPotion"},{"floor":30.0,"key":"Energy Potion"},{"floor":33.0,"key":"Weak Potion"},{"floor":38.0,"key":"Energy Potion"}],"is_trial":false,"path_per_floor":["M","M","?","?","?","E","R","E","T","E","M","R","M","$","R","B",null,"M","?","M","$","?","R","M","R","T","E","R","$","M","T","R","B",null,"M","?","$","?","M"],"character_chosen":"DEFECT","items_purchased":["Echo Form","Seek","Glacier","AttackPotion","Leap"],"campfire_rested":3,"item_purchase_floors":[14,21,29,29,37],"current_hp_per_floor":[68,68,68,61,61,61,61,53,53,27,27,27,27,27,49,53,70,66,66,54,54,54,54,60,60,60,14,36,36,33,33,55,36,65,54,54,54,61,61],"gold":117,"neow_bonus":"THREE_ENEMY_KILL","is_prod":false,"is_daily":false,"chose_seed":false,"campfire_upgraded":4,"win_rate":0,"timestamp":1549296452,"path_taken":["M","M","?","?","?","E","R","E","T","E","M","R","?","?","R","BOSS","M","?","?","$","?","R","M","R","T","E","R","?","?","?","R","BOSS","M","?","$","?","M"],"build_version":"2019-01-23","purchased_purges":2,"victory":false,"max_hp_per_floor":[75,75,75,75,75,75,75,75,75,75,75,75,75,75,75,75,75,75,75,75,75,75,75,75,75,75,75,75,75,75,75,75,75,75,75,71,71,71,71],"card_choices":[{"not_picked":["Sweeping Beam","Barrage"],"picked":"Cold Snap","floor":1.0},{"not_picked":["Undo","Heatsinks"],"picked":"Sunder","floor":2.0},{"not_picked":["Undo","Sunder"],"picked":"Auto Shields","floor":6.0},{"not_picked":["Fusion","Gash"],"picked":"Conserve Battery","floor":8.0},{"not_picked":["Steam Power","Ball Lightning"],"picked":"Leap","floor":10.0},{"not_picked":["Go for the Eyes","Melter"],"picked":"Self Repair","floor":11.0},{"not_picked":["Gash","Conserve Battery"],"picked":"Capacitor","floor":13.0},{"not_picked":["Reboot","All For One"],"picked":"Buffer","floor":16.0},{"not_picked":["Stack","Ball Lightning+1"],"picked":"Fusion","floor":18.0},{"not_picked":["Storm","Beam Cell","Turbo"],"picked":"SKIP","floor":20.0},{"not_picked":["Turbo+1","Rebound+1"],"picked":"White Noise","floor":24.0},{"not_picked":["Chill","Double Energy"],"picked":"Darkness","floor":27.0},{"not_picked":["Go for the Eyes","FTL"],"picked":"Glacier","floor":30.0},{"not_picked":["Hyperbeam","Creative AI"],"picked":"Fission","floor":33.0},{"not_picked":["Skim+1","Redo","Force Field+1"],"picked":"SKIP","floor":35.0},{"not_picked":["Beam Cell","Self Repair"],"picked":"Barrage","floor":38.0}],"player_experience":291977,"relics_obtained":[{"floor":6.0,"key":"Torii"},{"floor":8.0,"key":"Bag of Marbles"},{"floor":9.0,"key":"Gambling Chip"},{"floor":10.0,"key":"Potion Belt"},{"floor":26.0,"key":"Pen Nib"},{"floor":27.0,"key":"Gremlin Horn"},{"floor":31.0,"key":"Oddly Smooth Stone"},{"floor":38.0,"key":"Peace Pipe"}],"event_choices":[{"damage_healed":0.0,"max_hp_gain":0.0,"max_hp_loss":0.0,"gold_gain":0.0,"event_name":"Living Wall","player_choice":"Grow","floor":3.0,"gold_loss":0.0,"damage_taken":0.0,"cards_upgraded":["Zap"]},{"cards_removed":["Strike_B"],"damage_healed":0.0,"max_hp_gain":0.0,"max_hp_loss":0.0,"gold_gain":0.0,"event_name":"Golden Wing","player_choice":"Card Removal","floor":4.0,"gold_loss":0.0,"damage_taken":7.0},{"damage_healed":0.0,"max_hp_gain":0.0,"max_hp_loss":0.0,"gold_gain":0.0,"event_name":"The Woman in Blue","player_choice":"Bought 1 Potion","floor":5.0,"gold_loss":0.0,"damage_taken":0.0},{"damage_healed":0.0,"max_hp_gain":0.0,"max_hp_loss":0.0,"gold_gain":100.0,"event_name":"The Joust","player_choice":"Bet on Murderer","floor":19.0,"gold_loss":50.0,"damage_taken":0.0},{"damage_healed":0.0,"max_hp_gain":0.0,"max_hp_loss":0.0,"gold_gain":0.0,"event_name":"Wheel of Change","player_choice":"Cursed","floor":22.0,"gold_loss":0.0,"damage_taken":0.0,"cards_obtained":["Decay"]},{"damage_healed":0.0,"max_hp_gain":0.0,"max_hp_loss":4.0,"gold_gain":0.0,"event_name":"Winding Halls","player_choice":"Max HP","floor":36.0,"gold_loss":0.0,"damage_taken":0.0},{"damage_healed":0.0,"max_hp_gain":0.0,"max_hp_loss":0.0,"gold_gain":0.0,"event_name":"MindBloom","player_choice":"Fight","floor":38.0,"gold_loss":0.0,"damage_taken":0.0}],"is_beta":false,"boss_relics":[{"not_picked":["Snecko Eye","Pandora\u0027s Box"],"picked":"Inserter"},{"not_picked":["White Beast Statue","Lizard Tail"],"picked":"Nuclear Battery"}],"items_purged_floors":[14,37],"is_endless":false,"potions_floor_spawned":[11,16,20,30,33,38],"killed_by":"3 Darklings","ascension_level":9}