{"path_per_floor":["M","M","M","?","$","R","M","E","T","E","$","M","R","E","R","B",null,"M","?","M","M","M","E","R","E","T","M","E","$","E","M","R","B",null,"M","$","M","?","M","E","M","M","T","E","M","R","M","M","R","B"],"character_chosen":"IRONCLAD","items_purchased":["Iron Wave","Vajra","Warcry","Happy Flower"],"gold_per_floor":[111,125,140,315,37,37,55,83,138,173,49,69,69,102,102,197,197,214,129,142,159,169,194,194,227,250,268,302,177,207,218,218,320,320,333,27,41,0,20,45,58,68,68,96,107,107,124,143,143,143],"floor_reached":51,"campfire_rested":3,"playtime":4842,"current_hp_per_floor":[83,78,85,85,85,85,92,73,73,75,75,80,80,81,81,76,107,105,112,95,62,54,35,71,59,59,62,63,63,54,63,102,93,132,127,127,132,132,119,86,62,56,56,50,60,60,48,38,78,34],"items_purged":["Doubt","Strike_R","Defend_R","Defend_R"],"gold":143,"score":770,"play_id":"cb94830c-6b70-4566-945a-94ddf86d9d60","is_prod":false,"is_daily":false,"is_ascension_mode":true,"campfire_upgraded":4,"path_taken":["M","M","M","?","$","R","M","E","T","E","$","M","R","E","R","BOSS","M","?","M","M","?","E","R","E","T","M","E","$","E","M","R","BOSS","M","?","M","?","M","E","M","M","T","E","?","R","?","M","R","BOSS"],"build_version":"2018-02-15-PROD1","purchased_purges":4,"victory":true,"master_deck":["Strike_R","Strike_R","Strike_R","Strike_R","Defend_R","Defend_R","Bash","Feed","Inflame+1","Twin Strike","Battle Trance","Iron Wave","Fire Breathing","Heavy Blade+1","Intimidate+1","Warcry","Twin Strike","Pummel","Offering","Combust","Cleave","Demon Form","Sword Boomerang+1","Headbutt","Dropkick+1","Fire Breathing","Berserk","Heavy Blade+1","Limit Break+1","Clash+1","Pommel Strike+1","Disarm","Twin Strike+1","Seeing Red+1","Inflame+1"],"max_hp_per_floor":[83,86,89,89,89,89,92,95,95,98,98,101,101,104,104,107,107,110,117,117,120,120,123,123,123,123,126,129,129,129,132,132,132,132,132,132,132,132,132,132,132,132,132,132,132,132,135,135,135,135],"relics":["Burning Blood","Vajra","Gremlin Horn","Orichalcum","Bottled Lightning","Shuriken","Mark of Pain","Strawberry","Darkstone Periapt","Bird Faced Urn","Prayer Wheel","Mercury Hourglass","Molten Egg 2","Philosopher\u0027s Stone","Happy Flower","Red Mask","Ancient Tea Set","Pen Nib","Bag of Marbles"],"card_choices":[{"not_picked":["Perfected Strike","Shockwave"],"picked":"Inflame"},{"not_picked":["Flex","Clash"],"picked":"Twin Strike"},{"not_picked":["Perfected Strike","Fiend Fire"],"picked":"Battle Trance"},{"not_picked":["Corruption","Warcry"],"picked":"Fire Breathing"},{"not_picked":["Dual Wield","Rupture"],"picked":"Heavy Blade"},{"not_picked":["Iron Wave","Shrug It Off"],"picked":"Intimidate"},{"not_picked":["Blood for Blood","Battle Trance"],"picked":"Twin Strike"},{"not_picked":["Twin Strike","Battle Trance"],"picked":"Pummel"},{"not_picked":["Double Tap","Impervious"],"picked":"Offering"},{"not_picked":["Armaments","Heavy Blade"],"picked":"Combust"},{"not_picked":["Sword Boomerang","Armaments"],"picked":"Cleave"},{"not_picked":["Iron Wave","Armaments"],"picked":"Demon Form"},{"not_picked":["Clash","Body Slam"],"picked":"Sword Boomerang"},{"not_picked":["Bludgeon","Flame Barrier"],"picked":"Headbutt"},{"not_picked":["Feel No Pain","Dual Wield"],"picked":"Dropkick"},{"not_picked":["Burning Pact","Wild Strike"],"picked":"Fire Breathing"},{"not_picked":["Fiend Fire","Clothesline"],"picked":"Berserk"},{"not_picked":["Twin Strike","Clothesline"],"picked":"Heavy Blade"},{"not_picked":["Reaper","Bludgeon"],"picked":"Limit Break"},{"not_picked":["Headbutt","Perfected Strike"],"picked":"Clash"},{"not_picked":["Shrug It Off","Twin Strike"],"picked":"Pommel Strike"},{"not_picked":["Reaper","Heavy Blade"],"picked":"Disarm"},{"not_picked":["Rupture","Thunderclap"],"picked":"Twin Strike"},{"not_picked":["Intimidate","Fiend Fire"],"picked":"Seeing Red"},{"not_picked":["Shockwave","Clash"],"picked":"Inflame"}],"player_experience":83965,"potions_floor_usage":[8,16,16,16,22,25,28,35,37,37,42,48,50,50,50],"damage_taken":[{"damage":2,"enemies":"2 Louse","floor":1,"turns":3},{"damage":14,"enemies":"Jaw Worm","floor":2,"turns":4},{"damage":2,"enemies":"Small Slimes","floor":3,"turns":2},{"damage":1,"enemies":"Exordium Wildlife","floor":7,"turns":2},{"damage":28,"enemies":"Gremlin Nob","floor":8,"turns":4},{"damage":7,"enemies":"3 Sentries","floor":10,"turns":4},{"damage":4,"enemies":"Large Slime","floor":12,"turns":4},{"damage":8,"enemies":"Gremlin Nob","floor":14,"turns":3},{"damage":14,"enemies":"Hexaghost","floor":16,"turns":9},{"damage":11,"enemies":"2 Thieves","floor":18,"turns":3},{"damage":23,"enemies":"Shell Parasite","floor":20,"turns":3},{"damage":42,"enemies":"Centurion and Healer","floor":21,"turns":6},{"damage":23,"enemies":"Sentry and Sphere","floor":22,"turns":4},{"damage":28,"enemies":"Slavers","floor":23,"turns":4},{"damage":18,"enemies":"Gremlin Leader","floor":25,"turns":5},{"damage":10,"enemies":"Snecko","floor":27,"turns":5},{"damage":10,"enemies":"Book of Stabbing","floor":28,"turns":2},{"damage":21,"enemies":"Slavers","floor":30,"turns":3},{"damage":6,"enemies":"Cultist and Chosen","floor":31,"turns":3},{"damage":27,"enemies":"Automaton","floor":33,"turns":6},{"damage":11,"enemies":"Orb Walker","floor":35,"turns":2},{"damage":2,"enemies":"3 Darklings","floor":37,"turns":2},{"damage":25,"enemies":"Maw","floor":39,"turns":5},{"damage":43,"enemies":"2 Orb Walkers","floor":40,"turns":3},{"damage":34,"enemies":"4 Shapes","floor":41,"turns":2},{"damage":14,"enemies":"Sphere and 2 Shapes","floor":42,"turns":2},{"damage":22,"enemies":"Giant Head","floor":44,"turns":5},{"damage":0,"enemies":"3 Darklings","floor":45,"turns":2},{"damage":25,"enemies":"4 Shapes","floor":47,"turns":2},{"damage":27,"enemies":"Maw","floor":48,"turns":3},{"damage":62,"enemies":"Donu and Deca","floor":50,"turns":5}],"event_choices":[{"event_name":"Liars Game","player_choice":"agreed","floor":4,"damage_taken":0},{"event_name":"Addict","player_choice":"Obtained Relic","floor":19,"damage_taken":0},{"event_name":"Tomb of Lord Red Mask","player_choice":"Paid","floor":38,"damage_taken":0}],"boss_relics":[{"not_picked":["Tiny House","Velvet Choker"],"picked":"Mark of Pain"},{"not_picked":["Calling Bell","Astrolabe"],"picked":"Philosopher\u0027s Stone"}],"potions_floor_spawned":[2,3,12,14,16,20,21,23,31,33,35,39,41,47,48],"seed_played":"-924905974802469186","ascension_level":1,"is_trial":false}