{"gold_per_floor":[119,139,153,1,21,21,51,51,51,109,136,150,22,22,22,121,171,187,152,165,175,90,115,115,15,41,57,86,101,101,101],"floor_reached":31,"playtime":2787,"items_purged":["Strike_R","Strike_R+1"],"score":287,"play_id":"a6f46011-1cd0-49b2-88d2-1a12fca0a04d","local_time":"20180729122213","is_ascension_mode":false,"campfire_choices":[{"data":"Metallicize","floor":6,"key":"SMITH"},{"data":"Bash","floor":8,"key":"SMITH"},{"data":"Clothesline","floor":15,"key":"SMITH"}],"neow_cost":"NONE","seed_source_timestamp":1528904860421241,"circlet_count":0,"master_deck":["Strike_R+1","Strike_R+1","Strike_R+1","Defend_R+1","Defend_R+1","Defend_R+1","Defend_R+1","Bash+1","Clothesline+1","Anger","Iron Wave","Metallicize+1","Carnage","Juggernaut","Metallicize","Armaments+1","Shrug It Off+1","Limit Break","Flex","Shrug It Off","Anger","Rampage+1","True Grit","Inflame","Spot Weakness","Battle Trance+1","Blood for Blood+1","Perfected Strike+1","Entrench","Berserk","Writhe"],"relics":["Burning Blood","Dream Catcher","Orichalcum","Pen Nib","Meat on the Bone","Prayer Wheel","Tiny House","Bronze Scales","Strawberry","Oddly Smooth Stone","Anchor","Boot"],"potions_floor_usage":[7,19,21,21,21,28,28],"damage_taken":[{"damage":5,"enemies":"Cultist","floor":1,"turns":4},{"damage":4,"enemies":"2 Louse","floor":2,"turns":4},{"damage":9,"enemies":"Jaw Worm","floor":3,"turns":4},{"damage":6,"enemies":"Blue Slaver","floor":5,"turns":4},{"damage":11,"enemies":"Gremlin Nob","floor":7,"turns":5},{"damage":17,"enemies":"Lagavulin","floor":11,"turns":5},{"damage":8,"enemies":"Lots of Slimes","floor":12,"turns":3},{"damage":33,"enemies":"The Guardian","floor":16,"turns":9},{"damage":0,"enemies":"Shell Parasite","floor":18,"turns":7},{"damage":14,"enemies":"2 Thieves","floor":19,"turns":5},{"damage":29,"enemies":"Sentry and Sphere","floor":20,"turns":6},{"damage":29,"enemies":"3 Cultists","floor":21,"turns":8},{"damage":17,"enemies":"Book of Stabbing","floor":23,"turns":7},{"damage":10,"enemies":"Snake Plant","floor":27,"turns":4},{"damage":27,"enemies":"Slavers","floor":28,"turns":5},{"damage":25,"enemies":"Cultist and Chosen","floor":29,"turns":6},{"damage":46,"enemies":"Gremlin Leader","floor":31,"turns":8}],"seed_played":"-8156776979199224673","potions_obtained":[{"floor":1,"key":"AttackPotion"},{"floor":5,"key":"Energy Potion"},{"floor":7,"key":"SteroidPotion"},{"floor":16,"key":"Explosive Potion"},{"floor":19,"key":"Swift Potion"},{"floor":23,"key":"AttackPotion"},{"floor":27,"key":"Strength Potion"}],"is_trial":false,"path_per_floor":["M","M","M","$","M","R","E","R","T","?","E","M","$","?","R","B",null,"M","M","M","M","?","E","?","$","T","M","E","M","?"],"character_chosen":"IRONCLAD","items_purchased":["Orichalcum","Shrug It Off"],"campfire_rested":0,"item_purchase_floors":[4,13],"current_hp_per_floor":[80,80,77,77,77,77,72,72,72,72,61,59,59,59,59,44,85,85,77,54,43,43,51,51,51,51,59,50,43,43,0],"gold":101,"neow_bonus":"RANDOM_COMMON_RELIC","is_prod":false,"is_daily":false,"chose_seed":false,"campfire_upgraded":3,"win_rate":0.0,"timestamp":1532859733,"path_taken":["M","M","M","$","M","R","E","R","T","?","E","M","$","?","R","BOSS","M","M","M","M","?","E","?","$","T","M","E","?","?","E"],"build_version":"2018-07-26","purchased_purges":2,"victory":false,"max_hp_per_floor":[80,80,80,80,80,80,80,80,80,80,80,80,80,80,80,80,85,85,85,85,85,85,92,92,92,92,92,92,92,92,92],"card_choices":[{"not_picked":["Burning Pact","Twin Strike"],"picked":"Clothesline","floor":1},{"not_picked":["Wild Strike","Fire Breathing"],"picked":"Anger","floor":2},{"not_picked":["Corruption","True Grit"],"picked":"Iron Wave","floor":3},{"not_picked":["Rage","Cleave"],"picked":"Metallicize","floor":5},{"not_picked":["Dual Wield","Shockwave"],"picked":"Carnage","floor":7},{"not_picked":["Sever Soul","Wild Strike"],"picked":"Juggernaut","floor":11},{"not_picked":["Shrug It Off","Flex"],"picked":"Metallicize","floor":12},{"not_picked":["Clothesline","Infernal Blade"],"picked":"Armaments","floor":12},{"not_picked":["Immolate","Dark Embrace"],"picked":"Limit Break","floor":16},{"not_picked":["Wild Strike","Sword Boomerang"],"picked":"Flex","floor":17},{"not_picked":["Perfected Strike","Disarm+1"],"picked":"Shrug It Off","floor":18},{"not_picked":["Perfected Strike","Heavy Blade","Carnage"],"picked":"SKIP","floor":18},{"not_picked":["Evolve","Clothesline+1"],"picked":"Anger","floor":19},{"not_picked":["Wild Strike","Carnage+1"],"picked":"Rampage+1","floor":19},{"not_picked":["Thunderclap","Combust+1"],"picked":"True Grit","floor":20},{"not_picked":["Fire Breathing","Infernal Blade"],"picked":"Inflame","floor":20},{"not_picked":["Thunderclap","Intimidate"],"picked":"Spot Weakness","floor":21},{"not_picked":["Rampage","Power Through","Burning Pact"],"picked":"SKIP","floor":21},{"not_picked":["True Grit","Pommel Strike"],"picked":"Battle Trance+1","floor":23},{"not_picked":["Reckless Charge","Pommel Strike+1"],"picked":"Blood for Blood+1","floor":27},{"not_picked":["Second Wind","Reckless Charge","Headbutt+1"],"picked":"SKIP","floor":27},{"not_picked":["Burning Pact+1","Anger"],"picked":"Perfected Strike+1","floor":28},{"not_picked":["Headbutt","Inflame"],"picked":"Entrench","floor":29},{"not_picked":["Spot Weakness+1","Clash"],"picked":"Berserk","floor":29}],"player_experience":40789,"relics_obtained":[{"floor":7,"key":"Pen Nib"},{"floor":9,"key":"Meat on the Bone"},{"floor":11,"key":"Prayer Wheel"},{"floor":23,"key":"Strawberry"},{"floor":26,"key":"Oddly Smooth Stone"},{"floor":28,"key":"Anchor"}],"event_choices":[{"event_name":"Golden Wing","player_choice":"Gained Gold","floor":10,"damage_taken":0},{"event_name":"Upgrade Shrine","player_choice":"Upgraded","floor":14,"damage_taken":0},{"event_name":"Addict","player_choice":"Obtained Relic","floor":22,"damage_taken":0},{"event_name":"Back to Basics","player_choice":"Simplicity","floor":24,"damage_taken":0},{"event_name":"The Mausoleum","player_choice":"Yes","floor":30,"damage_taken":0}],"is_beta":false,"boss_relics":[{"not_picked":["Fusion Hammer","Empty Cage"],"picked":"Tiny House"}],"items_purged_floors":[13,25],"is_endless":false,"potions_floor_spawned":[1,5,7,16,19,20,23,27],"killed_by":"Gremlin Leader","ascension_level":0}