{"path_per_floor":["M","$","M","?","M","E","M","E","T","R","M","M","M","?","R","B",null,"M","M","M","$","?","E","?","R","T","M","M","E","M","M","R","B",null,"M","?","$","?","?","E","R","M","T","M","E","?","R","T","R"],"character_chosen":"THE_SILENT","items_purchased":["Ninja Scroll","Quick Slash","Finesse","Infinite Blades","Mind Blast"],"gold_per_floor":[112,37,52,52,72,104,122,150,175,175,191,208,221,396,396,494,494,507,522,533,62,62,94,19,19,42,59,74,99,112,127,127,230,230,244,244,63,108,0,35,35,49,49,69,98,98,98,123,123,123],"floor_reached":50,"campfire_rested":1,"playtime":5027,"current_hp_per_floor":[70,70,69,69,69,66,66,43,43,43,43,43,43,43,43,17,70,70,70,58,58,49,41,41,41,41,46,49,29,27,31,31,35,49,45,39,39,35,35,27,27,34,34,35,26,26,26,26,40,0],"items_purged":["Strike_G","Strike_G"],"gold":123,"score":606,"play_id":"72d071de-f319-4b61-9ea7-5e7a0c54f800","local_time":"20180331153628","is_prod":false,"is_daily":false,"is_ascension_mode":false,"campfire_upgraded":5,"timestamp":1522535788,"path_taken":["M","$","M","?","M","E","M","E","T","R","M","M","M","?","R","BOSS","M","M","M","$","?","E","?","R","T","M","M","E","M","M","R","BOSS","M","?","$","?","?","E","R","M","T","?","E","?","R","?","R","BOSS"],"build_version":"2018-03-29v2","purchased_purges":2,"victory":false,"master_deck":["Defend_G","Defend_G","Defend_G","Defend_G+1","Survivor","Neutralize+1","Dagger Spray","Dagger Spray","Deflect+1","Deflect","Well Laid Plans+1","A Thousand Cuts+1","Heel Hook","Cloak And Dagger+1","Cloak And Dagger+1","Footwork+1","Doubt","After Image+1","Dagger Throw","Caltrops+1","Sucker Punch+1","Quick Slash+1","Finesse","Bite","Bite","Bite","Bite","Bite+1","Cloak And Dagger+1","Footwork+1","Cloak And Dagger","Prepared+1","Deflect","Wraith Form+1","Accuracy+1","Decay","Flying Knee","Madness","Madness","Infinite Blades+1","Mind Blast+1","Choke+1","Apotheosis","Quick Slash+1"],"max_hp_per_floor":[70,70,70,70,70,70,70,70,70,70,70,70,70,70,70,70,70,70,70,70,70,49,49,49,49,49,49,49,49,49,49,49,49,49,49,49,49,49,49,49,49,49,49,49,49,49,49,49,49,49],"relics":["Ring of the Snake","Frozen Egg 2","Prayer Wheel","Lantern","Sozu","Ninja Scroll","Whetstone","Snake Skull","Omamori","Calling Bell","Anchor","Meat on the Bone","War Paint","Shovel","Red Mask","Sundial","Torii","Girya","Bag of Preparation"],"card_choices":[{"not_picked":["All Out Attack","Dash"],"picked":"Dagger Spray","floor":1},{"not_picked":["Backflip","Sucker Punch"],"picked":"Dagger Spray","floor":3},{"not_picked":["All Out Attack","Riddle With Holes"],"picked":"Deflect","floor":5},{"not_picked":["Distraction","Storm of Steel"],"picked":"Deflect","floor":6},{"not_picked":["Dodge and Roll","Acrobatics"],"picked":"Well Laid Plans","floor":7},{"not_picked":["Glass Knife","Leg Sweep"],"picked":"A Thousand Cuts","floor":8},{"not_picked":["Escape Plan","Slice"],"picked":"Heel Hook","floor":9},{"not_picked":["Crippling Poison","All Out Attack"],"picked":"Cloak And Dagger","floor":11},{"not_picked":["Bane","Bouncing Flask"],"picked":"Cloak And Dagger","floor":12},{"not_picked":["Distraction","Infinite Blades"],"picked":"Footwork","floor":13},{"not_picked":["Storm of Steel","Tactician"],"picked":"After Image","floor":16},{"not_picked":["Deflect","Underhanded Strike"],"picked":"Dagger Throw","floor":18},{"not_picked":["Acrobatics","Poisoned Stab"],"picked":"Caltrops","floor":19},{"not_picked":["Escape Plan","Cloak And Dagger"],"picked":"Sucker Punch","floor":20},{"not_picked":["Unload","Sucker Punch"],"picked":"Cloak And Dagger","floor":23},{"not_picked":["Endless Agony","Dagger Throw"],"picked":"Footwork","floor":26},{"not_picked":["Dagger Spray","Outmaneuver"],"picked":"Cloak And Dagger","floor":27},{"not_picked":["Underhanded Strike","Sucker Punch"],"picked":"Prepared","floor":28},{"not_picked":["Underhanded Strike","Dash"],"picked":"Deflect","floor":29},{"not_picked":["Flechettes","Underhanded Strike"],"picked":"Wraith Form","floor":30},{"not_picked":["Outmaneuver","Blade Dance"],"picked":"Accuracy","floor":31},{"not_picked":["Backflip","Acrobatics"],"picked":"Flying Knee","floor":35},{"not_picked":["Masterful Stab","Flechettes"],"picked":"Choke","floor":42},{"not_picked":["Dark Shackles","Enlightenment"],"picked":"Apotheosis","floor":46},{"not_picked":["Skewer","Dodge and Roll"],"picked":"Quick Slash","floor":48}],"player_experience":199809,"potions_floor_usage":[6,8,50,50],"damage_taken":[{"damage":0,"enemies":"Jaw Worm","floor":1,"turns":6},{"damage":1,"enemies":"Cultist","floor":3,"turns":3},{"damage":0,"enemies":"Small Slimes","floor":5,"turns":3},{"damage":3,"enemies":"3 Sentries","floor":6,"turns":5},{"damage":0,"enemies":"Blue Slaver","floor":7,"turns":5},{"damage":23,"enemies":"Gremlin Nob","floor":8,"turns":5},{"damage":0,"enemies":"Large Slime","floor":11,"turns":4},{"damage":0,"enemies":"Looter","floor":12,"turns":3},{"damage":0,"enemies":"3 Louse","floor":13,"turns":2},{"damage":26,"enemies":"Slime Boss","floor":16,"turns":10},{"damage":0,"enemies":"Shell Parasite","floor":18,"turns":8},{"damage":0,"enemies":"Spheric Guardian","floor":19,"turns":4},{"damage":12,"enemies":"Slaver and Parasite","floor":20,"turns":6},{"damage":10,"enemies":"Slavers","floor":23,"turns":3},{"damage":4,"enemies":"Centurion and Healer","floor":27,"turns":5},{"damage":0,"enemies":"Snake Plant","floor":28,"turns":6},{"damage":30,"enemies":"Gremlin Leader","floor":29,"turns":6},{"damage":9,"enemies":"Slaver and Parasite","floor":30,"turns":6},{"damage":0,"enemies":"Centurion and Healer","floor":31,"turns":5},{"damage":18,"enemies":"Champ","floor":33,"turns":11},{"damage":5,"enemies":"3 Shapes","floor":35,"turns":7},{"damage":23,"enemies":"Mysterious Sphere","floor":38,"turns":6},{"damage":31,"enemies":"Nemesis","floor":40,"turns":9},{"damage":4,"enemies":"3 Darklings","floor":42,"turns":6},{"damage":8,"enemies":"Maw","floor":44,"turns":7},{"damage":25,"enemies":"Giant Head","floor":45,"turns":9},{"damage":54,"enemies":"Awakened One","floor":50,"turns":4}],"event_choices":[{"event_name":"Purifier","player_choice":"One Purge","floor":4,"damage_taken":0},{"event_name":"Liars Game","player_choice":"agreed","floor":14,"damage_taken":0},{"event_name":"Vampires","player_choice":"Became a vampire","floor":22,"damage_taken":0},{"event_name":"Beggar","player_choice":"Gave Gold","floor":24,"damage_taken":0},{"event_name":"Winding Halls","player_choice":"Embrace Madness","floor":36,"damage_taken":0},{"event_name":"Mysterious Sphere","player_choice":"Fight","floor":38,"damage_taken":0},{"event_name":"Tomb of Lord Red Mask","player_choice":"Paid","floor":39,"damage_taken":0},{"event_name":"SensoryStone","player_choice":"Memory 1","floor":46,"damage_taken":0}],"boss_relics":[{"not_picked":["Lizard Tail","Pandora\u0027s Box"],"picked":"Sozu"},{"not_picked":["Tiny House","Velvet Choker"],"picked":"Calling Bell"}],"potions_floor_spawned":[1,5,7,16,27,28,30,31,42,44],"seed_played":"-4266278322567841995","killed_by":"Awakened One","ascension_level":0,"is_trial":false}