{"path_per_floor":["M","M","$","M","?","E","R","$","T","?","?","M","E","?","R","B",null,"M","M","?","M","?","E","?","R","T","$","M","$","M","M","R","B",null,"M","?","M","$","?","M","$","E","T","?","R","?","$","M","R","B"],"character_chosen":"DEFECT","items_purchased":["Coolheaded","Storm","Mind Blast","Capacitor"],"gold_per_floor":[115,126,51,70,40,66,66,44,44,103,103,115,146,146,146,247,247,261,272,272,286,286,317,317,317,317,49,66,66,76,89,89,188,188,208,208,224,99,99,111,88,119,171,171,171,171,21,35,35,35],"floor_reached":51,"campfire_rested":0,"playtime":3678,"item_purchase_floors":[8,27,27,41],"current_hp_per_floor":[74,73,73,73,73,67,67,67,67,57,57,64,64,69,69,48,80,71,64,64,61,61,65,65,65,65,65,51,51,57,64,64,46,80,79,69,55,55,45,34,34,15,15,70,70,70,70,70,70,61],"items_purged":["Defend_B","Writhe","Strike_B","Defend_B"],"gold":35,"score":703,"play_id":"588210b8-2ceb-4ecf-9497-3f7f29d7b93b","local_time":"20180523142332","is_prod":false,"is_daily":false,"chose_seed":false,"is_ascension_mode":false,"campfire_upgraded":6,"win_rate":0.22222222,"timestamp":1527103412,"campfire_choices":[{"data":"Beam Cell","floor":7,"key":"SMITH"},{"data":"Ball Lightning","floor":15,"key":"SMITH"},{"data":"Glacier","floor":25,"key":"SMITH"},{"data":"Blizzard","floor":32,"key":"SMITH"},{"data":"Thunder Strike","floor":45,"key":"SMITH"},{"data":"Barrage","floor":49,"key":"SMITH"}],"path_taken":["M","M","?","M","?","E","R","$","T","?","?","?","E","?","R","BOSS","M","M","?","M","?","E","?","R","T","$","?","$","M","M","R","BOSS","M","?","M","$","?","M","$","E","T","?","R","?","?","M","R","BOSS"],"build_version":"2018-05-22","seed_source_timestamp":13114477652398,"purchased_purges":4,"victory":true,"master_deck":["Strike_B","Strike_B","Strike_B","Defend_B","Defend_B","Zap+1","Dualcast+1","Beam Cell+1","Glacier+1","Auto Shields+1","Capacitor+1","Coolheaded+1","Self Repair","Ball Lightning+1","Cold Snap","Machine Learning","Biased Cognition","Sweeping Beam","Blizzard+1","Barrage+1","Loop","Storm","Storm","Chill","Storm","Mind Blast","Redo+1","Reprogram","Amplify","Madness","Madness","Flash of Steel","Finesse","Capacitor","Thunder Strike+1","Injury"],"max_hp_per_floor":[75,75,75,75,75,75,75,75,75,75,75,75,75,80,80,80,80,80,80,80,80,80,80,80,80,80,80,80,80,80,80,80,80,80,80,80,80,80,80,80,80,80,80,70,70,70,70,70,70,70],"relics":["Cracked Core","Potion Belt","Pantograph","Mummified Hand","War Paint","Orrery","Girya","Bronze Scales","Orichalcum","Cursed Key","Bird Faced Urn","Dream Catcher"],"card_choices":[{"not_picked":["Compile Driver","Redo"],"picked":"Beam Cell","floor":1},{"not_picked":["Reboot","Barrage"],"picked":"Glacier","floor":2},{"not_picked":["Streamline","Stack"],"picked":"Auto Shields","floor":4},{"not_picked":["Sunder","All For One"],"picked":"Capacitor","floor":6},{"not_picked":["Redo","Leap"],"picked":"Self Repair","floor":10},{"not_picked":["Capacitor","Multi-Cast"],"picked":"Ball Lightning","floor":12},{"not_picked":["Axe Kick","Doom and Gloom"],"picked":"Cold Snap","floor":13},{"not_picked":["Buffer","Fission"],"picked":"Machine Learning","floor":16},{"not_picked":["Beam Cell","Turbo"],"picked":"Biased Cognition","floor":17},{"not_picked":["Sunder","Axe Kick"],"picked":"Sweeping Beam","floor":17},{"not_picked":["Ball Lightning","Compile Driver"],"picked":"Blizzard","floor":17},{"not_picked":["Lockon","Ball Lightning"],"picked":"Barrage","floor":17},{"not_picked":["Go for the Eyes","Rebound"],"picked":"Loop","floor":17},{"not_picked":["Rebound","Aggregate+1"],"picked":"Storm","floor":18},{"not_picked":["Stack+1","Skim","Compile Driver"],"picked":"SKIP","floor":19},{"not_picked":["Beam Cell","Coolheaded","Scrape"],"picked":"SKIP","floor":21},{"not_picked":["Hologram","Melter"],"picked":"Chill","floor":23},{"not_picked":["Steam+1","Ball Lightning"],"picked":"Redo+1","floor":28},{"not_picked":["Auto Shields","Chaos","Steam+1"],"picked":"SKIP","floor":30},{"not_picked":["Streamline+1","Compile Driver+1"],"picked":"Reprogram","floor":31},{"not_picked":["Multi-Cast","Seek"],"picked":"Amplify","floor":33},{"not_picked":["Blizzard+1","Sweeping Beam","Hologram+1"],"picked":"SKIP","floor":35},{"not_picked":["Go for the Eyes+1","Redo+1","Rebound"],"picked":"SKIP","floor":37},{"not_picked":["Blind","Enlightenment"],"picked":"Flash of Steel","floor":39},{"not_picked":["Sadistic Nature","Madness"],"picked":"Finesse","floor":39},{"not_picked":["Cold Snap+1","Ball Lightning+1","Redo+1"],"picked":"SKIP","floor":40},{"not_picked":["Chill","Lockon+1"],"picked":"Thunder Strike","floor":42},{"not_picked":["Coolheaded","Blizzard","Sweeping Beam+1"],"picked":"SKIP","floor":48}],"player_experience":33754,"potions_floor_usage":[10,10,12,18,23,23,23,23,23,35,35,40,42,48,50,50,50,50,50],"damage_taken":[{"damage":1,"enemies":"Cultist","floor":1,"turns":3},{"damage":1,"enemies":"Jaw Worm","floor":2,"turns":3},{"damage":0,"enemies":"2 Louse","floor":4,"turns":2},{"damage":6,"enemies":"Lagavulin","floor":6,"turns":6},{"damage":10,"enemies":"Lagavulin Event","floor":10,"turns":5},{"damage":0,"enemies":"Looter","floor":12,"turns":3},{"damage":7,"enemies":"3 Sentries","floor":13,"turns":6},{"damage":39,"enemies":"Hexaghost","floor":16,"turns":12},{"damage":16,"enemies":"Shell Parasite","floor":18,"turns":4},{"damage":7,"enemies":"3 Byrds","floor":19,"turns":4},{"damage":10,"enemies":"Snecko","floor":21,"turns":5},{"damage":3,"enemies":"Book of Stabbing","floor":23,"turns":2},{"damage":21,"enemies":"Slaver and Parasite","floor":28,"turns":4},{"damage":1,"enemies":"Centurion and Healer","floor":30,"turns":4},{"damage":0,"enemies":"Chosen and Byrds","floor":31,"turns":3},{"damage":41,"enemies":"Automaton","floor":33,"turns":7},{"damage":8,"enemies":"Flame Bruiser 1 Orb","floor":35,"turns":4},{"damage":21,"enemies":"3 Shapes","floor":37,"turns":4},{"damage":18,"enemies":"3 Darklings","floor":40,"turns":3},{"damage":48,"enemies":"Giant Head","floor":42,"turns":8},{"damage":0,"enemies":"Transient","floor":48,"turns":5},{"damage":32,"enemies":"Time Eater","floor":50,"turns":7}],"relics_obtained":[{"floor":6,"key":"Potion Belt"},{"floor":9,"key":"Pantograph"},{"floor":10,"key":"Mummified Hand"},{"floor":13,"key":"War Paint"},{"floor":23,"key":"Girya"},{"floor":26,"key":"Orichalcum"},{"floor":42,"key":"Bird Faced Urn"},{"floor":43,"key":"Dream Catcher"}],"event_choices":[{"event_name":"The Woman in Blue","player_choice":"Bought 2 Potions","floor":5,"damage_taken":0},{"event_name":"Dead Adventurer","player_choice":"Searched \u00272\u0027 times","floor":10,"damage_taken":0},{"event_name":"Upgrade Shrine","player_choice":"Upgraded","floor":11,"damage_taken":0},{"event_name":"Big Fish","player_choice":"Donut","floor":14,"damage_taken":0},{"event_name":"Duplicator","player_choice":"One dupe","floor":20,"damage_taken":0},{"event_name":"Upgrade Shrine","player_choice":"Upgraded","floor":22,"damage_taken":0},{"event_name":"The Mausoleum","player_choice":"Yes","floor":24,"damage_taken":0},{"event_name":"Winding Halls","player_choice":"Embrace Madness","floor":36,"damage_taken":0},{"event_name":"SensoryStone","player_choice":"Memory 3","floor":39,"damage_taken":0},{"event_name":"The Moai Head","player_choice":"Heal","floor":44,"damage_taken":0},{"event_name":"The Lab","player_choice":"Got Potions","floor":46,"damage_taken":0}],"boss_relics":[{"not_picked":["Eternal Feather","Sozu"],"picked":"Orrery"},{"not_picked":["White Beast Statue","Tiny House"],"picked":"Cursed Key"}],"items_purged_floors":[3,27,38,47],"potions_floor_spawned":[4,6,10,13,16,21,30,31,33,37,42,48],"seed_played":"-5293298457028194940","ascension_level":0,"potions_obtained":[{"floor":4,"key":"FairyPotion"},{"floor":5,"key":"Poison Potion"},{"floor":5,"key":"SneckoOil"},{"floor":6,"key":"SteroidPotion"},{"floor":10,"key":"SpeedPotion"},{"floor":13,"key":"SpeedPotion"},{"floor":16,"key":"SkillPotion"},{"floor":21,"key":"EntropicBrew"},{"floor":30,"key":"Weak Potion"},{"floor":31,"key":"SpeedPotion"},{"floor":33,"key":"SneckoOil"},{"floor":37,"key":"Strength Potion"},{"floor":42,"key":"LiquidBronze"},{"floor":46,"key":"Poison Potion"},{"floor":46,"key":"Explosive Potion"},{"floor":46,"key":"AttackPotion"},{"floor":48,"key":"SteroidPotion"}],"is_trial":false}