{"gold_per_floor":[13,33,49,69,344,372,372,372,372,385,265,278,305,315,315,315],"floor_reached":16,"playtime":659,"items_purged":["Strike_R"],"score":200,"play_id":"b5018c07-4ebf-4224-ba26-3203dfb7eafc","local_time":"20180824150053","is_ascension_mode":true,"campfire_choices":[{"data":"Immolate","floor":7.0,"key":"SMITH"},{"data":"Rampage","floor":15,"key":"SMITH"}],"neow_cost":"NO_GOLD","seed_source_timestamp":0,"circlet_count":0,"master_deck":["Strike_R","Strike_R","Defend_R","Defend_R","Defend_R","Defend_R","Bash","AscendersBane","Immolate+1","Inflame","Rampage+1","Warcry","Warcry","Warcry","Battle Trance","Feed","Shrug It Off"],"special_seed":0,"relics":["Burning Blood","The Courier","Shuriken","Dodecahedron"],"potions_floor_usage":[16,16],"damage_taken":[{"damage":7.0,"enemies":"Jaw Worm","floor":1.0,"turns":5.0},{"damage":0.0,"enemies":"Cultist","floor":2.0,"turns":2.0},{"damage":0.0,"enemies":"2 Louse","floor":3.0,"turns":1.0},{"damage":6.0,"enemies":"Exordium Thugs","floor":4.0,"turns":4.0},{"damage":23.0,"enemies":"Lagavulin","floor":6.0,"turns":6.0},{"damage":10.0,"enemies":"Red Slaver","floor":10.0,"turns":4.0},{"damage":12.0,"enemies":"Exordium Wildlife","floor":12.0,"turns":3.0},{"damage":21,"enemies":"Gremlin Nob","floor":13,"turns":4},{"damage":12,"enemies":"Looter","floor":14,"turns":3},{"damage":31,"enemies":"Hexaghost","floor":16,"turns":9}],"seed_played":"-3487414521184844335","potions_obtained":[{"floor":3.0,"key":"EssenceOfSteel"},{"floor":6.0,"key":"Block Potion"},{"floor":13,"key":"Fire Potion"}],"is_trial":false,"path_per_floor":["M","M","M","M","?","E","R","?","T","M","$","M","E","M","R"],"character_chosen":"IRONCLAD","items_purchased":["Battle Trance"],"campfire_rested":0,"item_purchase_floors":[11],"current_hp_per_floor":[67,73,75,75,75,58,58,58,58,54,54,48,33,27,27,0],"gold":315,"neow_bonus":"TRANSFORM_TWO_CARDS","is_prod":false,"is_daily":false,"chose_seed":false,"campfire_upgraded":2,"win_rate":0,"timestamp":1535148053,"path_taken":["M","M","M","M","?","E","R","?","T","M","$","M","E","?","R","BOSS"],"build_version":"2018-08-23v2","purchased_purges":1,"victory":false,"max_hp_per_floor":[75,75,75,75,75,75,75,75,75,75,75,75,75,75,75,75],"card_choices":[{"not_picked":["Sword Boomerang","Pummel","Feel No Pain"],"picked":"SKIP","floor":1.0},{"not_picked":["Warcry","Thunderclap"],"picked":"Rampage","floor":2.0},{"not_picked":["Entrench","Armaments"],"picked":"Warcry","floor":3.0},{"not_picked":["Hemokinesis","Fiend Fire","Cleave"],"picked":"SKIP","floor":4.0},{"not_picked":["Wild Strike","Intimidate"],"picked":"Warcry","floor":6.0},{"not_picked":["Searing Blow","Armaments"],"picked":"Warcry","floor":10.0},{"not_picked":["Clash","Seeing Red","Armaments"],"picked":"SKIP","floor":12.0},{"not_picked":["Clash","Seeing Red","Armaments"],"picked":"SKIP","floor":12.0},{"not_picked":["Twin Strike","Sword Boomerang"],"picked":"Feed","floor":13},{"not_picked":["Headbutt","Inflame"],"picked":"Shrug It Off","floor":14}],"player_experience":792248,"relics_obtained":[{"floor":6.0,"key":"The Courier"},{"floor":9.0,"key":"Shuriken"},{"floor":13,"key":"Dodecahedron"}],"event_choices":[{"event_name":"Golden Shrine","player_choice":"Desecrate","floor":5.0,"damage_taken":0.0},{"event_name":"Fountain of Cleansing","player_choice":"Removed Curse","floor":8.0,"damage_taken":0.0}],"is_beta":false,"boss_relics":[],"items_purged_floors":[11],"is_endless":false,"potions_floor_spawned":[3,6,13,14],"killed_by":"Hexaghost","ascension_level":15}