{"gold_per_floor":[116,116,3,21,37,37,71,25,25,42,42,67,87,104,104,176,176,191,206,206,223,241,241,156,167,167,167,184,235,235,262,262,262],"floor_reached":33,"playtime":2561,"items_purged":["Strike_G"],"score":532,"play_id":"fe8922a7-ee70-4699-b257-3532c259c654","local_time":"20190223110436","is_ascension_mode":true,"campfire_choices":[{"data":"Cloak And Dagger","floor":6.0,"key":"SMITH"},{"floor":11.0,"key":"REST"},{"data":"Choke","floor":15.0,"key":"SMITH"},{"floor":23.0,"key":"REST"},{"data":"Neutralize","floor":27.0,"key":"SMITH"},{"data":"Skewer","floor":30.0,"key":"SMITH"},{"floor":32.0,"key":"REST"}],"neow_cost":"NONE","seed_source_timestamp":389766811970410,"circlet_count":0,"master_deck":["AscendersBane","Defend_G+1","Defend_G","Defend_G+1","Defend_G","Defend_G","Strike_G","Strike_G","Strike_G","Strike_G","Survivor","Neutralize+1","Cloak And Dagger+1","Choke+1","Adrenaline","Dash","All Out Attack","Backflip","Slice","Backstab","Cloak And Dagger","Cloak And Dagger+1","Bullet Time","Skewer+1","Crippling Poison","Blade Dance+1"],"special_seed":0,"relics":["Ring of the Snake","Bag of Marbles","Blue Candle","Darkstone Periapt","Letter Opener","Sozu","Gremlin Horn","War Paint","Vajra","Mummified Hand"],"potions_floor_usage":[],"damage_taken":[{"damage":0.0,"enemies":"2 Louse","floor":1.0,"turns":2.0},{"damage":0.0,"enemies":"Cultist","floor":4.0,"turns":3.0},{"damage":0.0,"enemies":"Jaw Worm","floor":5.0,"turns":3.0},{"damage":28.0,"enemies":"Lagavulin","floor":7.0,"turns":7.0},{"damage":10.0,"enemies":"Large Slime","floor":10.0,"turns":5.0},{"damage":0.0,"enemies":"Gremlin Nob","floor":12.0,"turns":2.0},{"damage":0.0,"enemies":"2 Fungi Beasts","floor":13.0,"turns":1.0},{"damage":0.0,"enemies":"Looter","floor":14.0,"turns":1.0},{"damage":39.0,"enemies":"The Guardian","floor":16.0,"turns":13.0},{"damage":12.0,"enemies":"Spheric Guardian","floor":18.0,"turns":4.0},{"damage":4.0,"enemies":"2 Thieves","floor":19.0,"turns":4.0},{"damage":0.0,"enemies":"Sentry and Sphere","floor":21.0,"turns":3.0},{"damage":18.0,"enemies":"Chosen and Byrds","floor":22.0,"turns":6.0},{"damage":10.0,"enemies":"Shelled Parasite and Fungi","floor":25.0,"turns":5.0},{"damage":0.0,"enemies":"3 Cultists","floor":28.0,"turns":3.0},{"damage":7.0,"enemies":"Slavers","floor":31.0,"turns":2.0},{"damage":47,"enemies":"Collector","floor":33,"turns":6}],"seed_played":"8553826204686403782","potions_obtained":[{"floor":7.0,"key":"Block Potion"},{"floor":13.0,"key":"FearPotion"}],"is_trial":false,"path_per_floor":["M","?","$","M","M","R","E","$","T","M","R","E","M","M","R","B",null,"M","M","?","M","M","R","?","M","T","R","M","T","R","E","R","B"],"character_chosen":"THE_SILENT","items_purchased":["Dash","Slice"],"campfire_rested":3,"item_purchase_floors":[3,8],"current_hp_per_floor":[59,59,59,59,59,59,31,31,31,21,40,40,40,40,40,1,50,38,34,34,34,16,35,35,25,25,25,25,25,25,18,37,0],"gold":262,"neow_bonus":"RANDOM_COMMON_RELIC","is_prod":false,"is_daily":false,"chose_seed":false,"campfire_upgraded":4,"win_rate":0,"timestamp":1550916276,"path_taken":["M","?","$","M","?","R","E","?","T","M","R","E","?","M","R","BOSS","M","M","?","?","M","R","?","M","T","R","M","?","R","E","R","BOSS"],"build_version":"2019-01-23","purchased_purges":1,"victory":false,"max_hp_per_floor":[66,66,66,66,66,66,66,66,66,66,66,66,66,66,66,66,66,66,66,66,66,66,66,66,66,66,66,66,66,66,66,66,66],"card_choices":[{"not_picked":["Underhanded Strike","Deadly Poison"],"picked":"Cloak And Dagger","floor":1.0},{"not_picked":["Prepared","Quick Slash"],"picked":"All Out Attack","floor":4.0},{"not_picked":["Endless Agony","All Out Attack"],"picked":"Backflip","floor":5.0},{"not_picked":["Bane","Deadly Poison","Setup"],"picked":"SKIP","floor":7.0},{"not_picked":["Riddle With Holes","Terror"],"picked":"Backstab","floor":10.0},{"not_picked":["Quick Slash","Doppelganger","Poisoned Stab"],"picked":"SKIP","floor":12.0},{"not_picked":["Outmaneuver","Dodge and Roll"],"picked":"Cloak And Dagger","floor":13.0},{"not_picked":["Escape Plan","Poisoned Stab"],"picked":"Cloak And Dagger","floor":14.0},{"not_picked":["Envenom","Burst"],"picked":"Bullet Time","floor":16.0},{"not_picked":["All Out Attack","Endless Agony"],"picked":"Skewer","floor":18.0},{"not_picked":["Deadly Poison","Flying Knee","Expertise"],"picked":"SKIP","floor":19.0},{"not_picked":["Masterful Stab","Underhanded Strike","Outmaneuver+1"],"picked":"SKIP","floor":21.0},{"not_picked":["Outmaneuver","Underhanded Strike","Riddle With Holes"],"picked":"SKIP","floor":22.0},{"not_picked":["Prepared","Endless Agony","Poisoned Stab"],"picked":"SKIP","floor":25.0},{"not_picked":["Flying Knee","Poisoned Stab+1"],"picked":"Crippling Poison","floor":28.0},{"not_picked":["Acrobatics","Bane"],"picked":"Blade Dance+1","floor":31.0}],"player_experience":399390,"relics_obtained":[{"floor":7.0,"key":"Blue Candle"},{"floor":9.0,"key":"Darkstone Periapt"},{"floor":12.0,"key":"Letter Opener"},{"floor":26.0,"key":"War Paint"},{"floor":29.0,"key":"Vajra"},{"floor":31.0,"key":"Mummified Hand"}],"event_choices":[{"damage_healed":0.0,"max_hp_gain":0.0,"max_hp_loss":0.0,"gold_gain":0.0,"event_name":"Match and Keep!","player_choice":"2 cards matched","floor":2.0,"gold_loss":0.0,"damage_taken":0.0,"cards_obtained":["Choke","Adrenaline"]},{"damage_healed":0.0,"max_hp_gain":0.0,"max_hp_loss":0.0,"gold_gain":0.0,"event_name":"Upgrade Shrine","player_choice":"Upgraded","floor":20.0,"gold_loss":0.0,"damage_taken":0.0,"cards_upgraded":["Cloak And Dagger"]},{"damage_healed":0.0,"max_hp_gain":0.0,"max_hp_loss":0.0,"gold_gain":0.0,"event_name":"Addict","player_choice":"Obtained Relic","floor":24.0,"gold_loss":85.0,"damage_taken":0.0,"relics_obtained":["Gremlin Horn"]}],"is_beta":false,"boss_relics":[{"not_picked":["Runic Dome","Runic Pyramid"],"picked":"Sozu"}],"items_purged_floors":[3],"is_endless":false,"potions_floor_spawned":[7,13,14,18,21],"killed_by":"Collector","ascension_level":15}