{"path_per_floor":["M","M","M","?","M","E","M","$","T","E","M","M","E","M","R","B",null,"M","?","?","?","$","E","R","E","T","M","M","M","?","?","R","B",null,"M","?","M","$","?","R","M","E","T","M","?","$","M","E","R"],"character_chosen":"THE_SILENT","items_purchased":["Malaise","Infinite Blades","Lee\u0027s Waffle","Torii"],"gold_per_floor":[12,31,43,43,63,91,101,26,26,52,62,79,109,120,120,220,220,232,232,232,232,53,83,83,417,464,479,492,511,511,511,511,615,645,660,660,672,466,466,466,476,510,559,579,579,70,81,116,116],"floor_reached":50,"campfire_rested":3,"playtime":3819,"current_hp_per_floor":[70,70,70,63,63,45,45,45,45,46,46,46,46,46,67,35,70,70,70,70,57,57,53,53,49,49,49,49,49,49,49,71,29,80,64,54,54,54,54,54,49,41,41,38,38,87,61,27,53],"items_purged":["Defend_G","Defend_G","Strike_G"],"gold":116,"score":641,"play_id":"8c4e8a5b-ac78-4ddb-a224-c64ee1488f48","is_prod":false,"is_daily":false,"is_ascension_mode":true,"campfire_upgraded":2,"path_taken":["M","M","M","?","?","E","M","$","T","E","M","?","E","M","R","BOSS","M","?","?","?","$","E","R","E","T","M","?","M","?","?","R","BOSS","M","?","?","$","?","R","M","E","T","?","?","$","?","E","R","BOSS"],"build_version":"2018-02-22-PROD2","purchased_purges":4,"victory":false,"master_deck":["Defend_G","Defend_G","Defend_G","Strike_G+1","Strike_G","Strike_G+1","Survivor","Neutralize","Cloak And Dagger","Backstab","Cloak And Dagger","Outmaneuver","Glass Knife+1","Finisher","Quick Slash","Flying Knee","Tools of the Trade","Dagger Spray","Die Die Die","Calculated Gamble","Backstab","Backstab+1","Malaise+1","Noxious Fumes","PiercingWail+1","Glass Knife","Expertise+1","Madness","Madness","Prepared+1","Infinite Blades","Catalyst+1","Cloak And Dagger+1","Blade Dance+1"],"max_hp_per_floor":[70,70,70,70,70,70,70,70,70,70,70,70,70,70,70,70,70,70,70,70,75,75,75,75,75,75,75,75,75,75,75,75,75,80,80,80,80,80,80,80,80,80,80,80,80,87,87,87,87],"relics":["Ring of the Snake","Ice Cream","Bag of Marbles","Gambling Chip","Whetstone","Pen Nib","Cursed Key","Snake Skull","Old Coin","Bag of Preparation","Orichalcum","Tiny House","Omamori","Art of War","Lee\u0027s Waffle","Torii","Oddly Smooth Stone"],"card_choices":[{"not_picked":["Dagger Throw","Deflect"],"picked":"Cloak And Dagger"},{"not_picked":["Dodge and Roll","Backflip"],"picked":"Backstab"},{"not_picked":["Calculated Gamble","Deflect"],"picked":"Cloak And Dagger"},{"not_picked":["Predator","Underhanded Strike"],"picked":"Outmaneuver"},{"not_picked":["Flying Knee","Dash"],"picked":"Glass Knife"},{"not_picked":["Deflect","Cloak And Dagger"],"picked":"Finisher"},{"not_picked":["Dagger Spray","Well Laid Plans"],"picked":"Quick Slash"},{"not_picked":["Poisoned Stab","Deadly Poison"],"picked":"Flying Knee"},{"not_picked":["Poisoned Stab","Outmaneuver"],"picked":"Tools of the Trade"},{"not_picked":["Cloak And Dagger","Backflip"],"picked":"Dagger Spray"},{"not_picked":["Wraith Form","Corpse Explosion"],"picked":"Die Die Die"},{"not_picked":["Outmaneuver","Poisoned Stab"],"picked":"Calculated Gamble"},{"not_picked":["Quick Slash","Caltrops"],"picked":"Noxious Fumes"},{"not_picked":["Malaise","Terror"],"picked":"PiercingWail"},{"not_picked":["Burst","Night Terror"],"picked":"Glass Knife"},{"not_picked":["All Out Attack","Leg Sweep"],"picked":"Expertise"},{"not_picked":["Skewer","Acrobatics"],"picked":"Prepared"},{"not_picked":["Calculated Gamble","Deadly Poison"],"picked":"Catalyst"},{"not_picked":["Endless Agony","Accuracy"],"picked":"Cloak And Dagger"},{"not_picked":["Blur","Dodge and Roll"],"picked":"Blade Dance"}],"player_experience":104910,"potions_floor_usage":[6,10,16,16,33,33,42,42,42,50],"damage_taken":[{"damage":0,"enemies":"Small Slimes","floor":1,"turns":4},{"damage":0,"enemies":"Cultist","floor":2,"turns":3},{"damage":0,"enemies":"2 Louse","floor":3,"turns":2},{"damage":0,"enemies":"Lots of Slimes","floor":5,"turns":4},{"damage":18,"enemies":"3 Sentries","floor":6,"turns":9},{"damage":0,"enemies":"3 Louse","floor":7,"turns":3},{"damage":11,"enemies":"Lagavulin","floor":10,"turns":5},{"damage":0,"enemies":"Large Slime","floor":11,"turns":1},{"damage":0,"enemies":"Red Slaver","floor":12,"turns":1},{"damage":0,"enemies":"Gremlin Nob","floor":13,"turns":2},{"damage":0,"enemies":"2 Fungi Beasts","floor":14,"turns":1},{"damage":32,"enemies":"Hexaghost","floor":16,"turns":6},{"damage":0,"enemies":"Chosen","floor":18,"turns":2},{"damage":4,"enemies":"Gremlin Leader","floor":23,"turns":6},{"damage":4,"enemies":"Slavers","floor":25,"turns":4},{"damage":0,"enemies":"Shell Parasite","floor":27,"turns":1},{"damage":0,"enemies":"Snecko","floor":28,"turns":1},{"damage":0,"enemies":"Sentry and Sphere","floor":29,"turns":1},{"damage":42,"enemies":"Collector","floor":33,"turns":7},{"damage":16,"enemies":"3 Shapes","floor":35,"turns":5},{"damage":0,"enemies":"Orb Walker","floor":37,"turns":1},{"damage":5,"enemies":"3 Darklings","floor":41,"turns":4},{"damage":23,"enemies":"Giant Head","floor":42,"turns":7},{"damage":3,"enemies":"Maw","floor":44,"turns":6},{"damage":26,"enemies":"4 Shapes","floor":47,"turns":1},{"damage":34,"enemies":"Nemesis","floor":48,"turns":3},{"damage":78,"enemies":"Awakened One","floor":50,"turns":10}],"event_choices":[{"event_name":"Wheel of Change","player_choice":"Damage","floor":4,"damage_taken":0},{"event_name":"Duplicator","player_choice":"One dupe","floor":19,"damage_taken":0},{"event_name":"The Library","player_choice":"Read","floor":20,"damage_taken":0},{"event_name":"Forgotten Altar","player_choice":"Shed Blood","floor":21,"damage_taken":0},{"event_name":"The Mausoleum","player_choice":"Yes","floor":30,"damage_taken":0},{"event_name":"Back to Basics","player_choice":"Elegance","floor":31,"damage_taken":0},{"event_name":"Winding Halls","player_choice":"Embrace Madness","floor":36,"damage_taken":0},{"event_name":"Purifier","player_choice":"One Purge","floor":39,"damage_taken":0},{"event_name":"Tomb of Lord Red Mask","player_choice":"Ignored","floor":45,"damage_taken":0}],"boss_relics":[{"not_picked":["Ectoplasm","Orrery"],"picked":"Cursed Key"},{"not_picked":["Runic Pyramid","Pandora\u0027s Box"],"picked":"Tiny House"}],"potions_floor_spawned":[5,6,7,10,11,14,18,25,37,41,48],"seed_played":"34228834897931352","killed_by":"Awakened One","ascension_level":1,"is_trial":false}