{"gold_per_floor":[114,128,50,50,125,157,187],"floor_reached":7,"playtime":362,"items_purged":[],"score":49,"play_id":"800b75db-7dc8-4088-96e4-92c31419fad4","local_time":"20190415181017","is_ascension_mode":false,"campfire_choices":[],"neow_cost":"NONE","seed_source_timestamp":430474638510564,"circlet_count":0,"master_deck":["Strike_R","Strike_R","Strike_R","Strike_R","Strike_R+1","Defend_R","Defend_R","Defend_R","Bash","Pommel Strike","Inflame","Pommel Strike+1","Offering","Infernal Blade"],"relics":["Burning Blood","Whetstone"],"potions_floor_usage":[7],"damage_taken":[{"damage":5,"enemies":"Small Slimes","floor":1,"turns":3},{"damage":3,"enemies":"Jaw Worm","floor":2,"turns":3},{"damage":60,"enemies":"3 Sentries","floor":6,"turns":7},{"damage":9,"enemies":"Lagavulin Event","floor":7,"turns":2}],"seed_played":"8851553359336948232","potions_obtained":[{"floor":1,"key":"Fire Potion"},{"floor":2,"key":"PowerPotion"}],"is_trial":false,"path_per_floor":["M","M","$","?","?","E","?"],"character_chosen":"IRONCLAD","items_purchased":["Offering"],"campfire_rested":0,"item_purchase_floors":[3],"current_hp_per_floor":[80,80,80,73,62,8,0],"gold":187,"neow_bonus":"THREE_CARDS","is_prod":false,"is_daily":false,"chose_seed":false,"campfire_upgraded":0,"win_rate":0.0,"timestamp":1555366217,"path_taken":["M","M","$","?","?","E","?"],"build_version":"2019-01-23","purchased_purges":0,"victory":false,"max_hp_per_floor":[80,80,80,80,80,80,80],"card_choices":[{"not_picked":["Cleave","Clash"],"picked":"Pommel Strike","floor":0},{"not_picked":["Sword Boomerang","Blood for Blood"],"picked":"Inflame","floor":1},{"not_picked":["Clash","Headbutt"],"picked":"Pommel Strike","floor":2},{"not_picked":["Heavy Blade","Disarm"],"picked":"Infernal Blade","floor":6}],"player_experience":14702,"relics_obtained":[{"floor":6,"key":"Whetstone"}],"event_choices":[{"cards_removed":["Defend_R"],"damage_healed":0,"gold_gain":0,"player_choice":"Card Removal","damage_taken":7,"max_hp_gain":0,"max_hp_loss":0,"event_name":"Golden Wing","floor":4,"gold_loss":0},{"damage_healed":0,"gold_gain":75,"player_choice":"Gather Gold","damage_taken":11,"max_hp_gain":0,"max_hp_loss":0,"event_name":"World of Goop","floor":5,"gold_loss":0},{"damage_healed":0,"gold_gain":30,"player_choice":"Searched \u00272\u0027 times","damage_taken":0,"max_hp_gain":0,"max_hp_loss":0,"event_name":"Dead Adventurer","floor":7,"gold_loss":0}],"is_beta":false,"boss_relics":[],"items_purged_floors":[],"is_endless":false,"potions_floor_spawned":[1,2],"killed_by":"Lagavulin Event","ascension_level":0}