{"gold_per_floor":[110,285,302,314,331,350,382,393,462,482,482,501,529,542,542,647,647,664,680,694,17,31,31,363,395,477,477,490,523,534,29,29,126,126,142,161,161,178,178,178,191,191,191,112,112,124,346,361,361,361],"floor_reached":51,"playtime":5200,"items_purged":["Strike_G","Strike_G"],"score":732,"play_id":"0b4dccd4-fe99-4931-b7e1-8f57c3238655","local_time":"20181015205100","is_ascension_mode":false,"campfire_choices":[{"data":"Footwork","floor":11.0,"key":"SMITH"},{"data":"Blade Dance","floor":15.0,"key":"SMITH"},{"data":"After Image","floor":23,"key":"SMITH"},{"floor":27,"key":"REST"},{"floor":32,"key":"REST"},{"data":"Terror","floor":40,"key":"SMITH"},{"data":"Cloak And Dagger","floor":45,"key":"SMITH"},{"data":"Violence","floor":49,"key":"SMITH"}],"neow_cost":"","seed_source_timestamp":0,"circlet_count":0,"master_deck":["Defend_G+1","Defend_G+1","Defend_G+1","Defend_G+1","Defend_G+1","Strike_G+1","Strike_G+1","Survivor+1","Neutralize+1","Footwork+1","Cloak And Dagger+1","Poisoned Stab+1","Cloak And Dagger+1","After Image+1","PiercingWail+1","Dagger Spray+1","Blade Dance+1","Infinite Blades+1","Glass Knife+1","Poisoned Stab+1","Quick Slash+1","Blade Dance+1","Well Laid Plans+1","Prepared+1","Cloak And Dagger+1","Cloak And Dagger+1","Backflip+1","Crippling Poison+1","Noxious Fumes+1","Bane+1","Malaise+1","Dodge and Roll+1","Blade Dance+1","Terror+1","Violence+1","Flying Knee+1","Quick Slash+1","Cloak And Dagger+1","Backstab+1","Flying Knee+1"],"special_seed":0,"relics":["Ring of the Snake","Mango","Molten Egg 2","Shuriken","Empty Cage","Mummified Hand","Sling","Old Coin","Red Mask","Pantograph","Lantern","Bottled Tornado","Philosopher\u0027s Stone","Mark of the Bloom","Matryoshka"],"potions_floor_usage":[20,20,25,29,33,50],"damage_taken":[{"damage":0.0,"enemies":"Small Slimes","floor":1.0,"turns":4.0},{"damage":0.0,"enemies":"Jaw Worm","floor":3.0,"turns":5.0},{"damage":3.0,"enemies":"Cultist","floor":4.0,"turns":6.0},{"damage":7.0,"enemies":"Lots of Slimes","floor":5.0,"turns":7.0},{"damage":0.0,"enemies":"Blue Slaver","floor":6.0,"turns":6.0},{"damage":29.0,"enemies":"3 Sentries","floor":7.0,"turns":15.0},{"damage":0.0,"enemies":"2 Fungi Beasts","floor":8.0,"turns":5.0},{"damage":2.0,"enemies":"3 Louse","floor":10.0,"turns":4.0},{"damage":1.0,"enemies":"Red Slaver","floor":12.0,"turns":5.0},{"damage":21.0,"enemies":"Gremlin Nob","floor":13.0,"turns":5.0},{"damage":2.0,"enemies":"Lots of Slimes","floor":14.0,"turns":4.0},{"damage":1.0,"enemies":"Hexaghost","floor":16.0,"turns":10.0},{"damage":3,"enemies":"Spheric Guardian","floor":18,"turns":5},{"damage":6,"enemies":"Chosen","floor":19,"turns":5},{"damage":13,"enemies":"Snecko","floor":20,"turns":5},{"damage":6,"enemies":"Sentry and Sphere","floor":22,"turns":4},{"damage":22,"enemies":"Slavers","floor":24,"turns":3},{"damage":15,"enemies":"Masked Bandits","floor":25,"turns":4},{"damage":0,"enemies":"Snake Plant","floor":28,"turns":5},{"damage":7,"enemies":"Gremlin Leader","floor":29,"turns":7},{"damage":9,"enemies":"Snecko","floor":30,"turns":4},{"damage":8,"enemies":"Collector","floor":33,"turns":9},{"damage":6,"enemies":"Orb Walker","floor":35,"turns":5},{"damage":17,"enemies":"3 Shapes","floor":36,"turns":6},{"damage":0,"enemies":"Maw","floor":38,"turns":7},{"damage":0,"enemies":"Transient","floor":41,"turns":5},{"damage":0,"enemies":"Sphere and 2 Shapes","floor":46,"turns":3},{"damage":0,"enemies":"Maw","floor":48,"turns":6},{"damage":22,"enemies":"Awakened One","floor":50,"turns":10}],"seed_played":"4081649624858448124","potions_obtained":[{"floor":1.0,"key":"GhostInAJar"},{"floor":8.0,"key":"Swift Potion"},{"floor":12.0,"key":"EssenceOfSteel"},{"floor":14.0,"key":"GamblersBrew"},{"floor":16.0,"key":"GamblersBrew"},{"floor":20,"key":"GamblersBrew"},{"floor":22,"key":"Dexterity Potion"},{"floor":24,"key":"Explosive Potion"},{"floor":28,"key":"GhostInAJar"},{"floor":38,"key":"Block Potion"}],"is_trial":false,"path_per_floor":["M","?","M","M","M","M","E","M","T","M","R","M","E","M","R","B",null,"M","M","M","$","M","R","E","?","T","R","M","E","M","$","R","B",null,"M","M","?","M","?","R","M","?","T","$","R","M","?","M","R","B"],"character_chosen":"THE_SILENT","items_purchased":["Mummified Hand","Sling","Well Laid Plans","Prepared","Cloak And Dagger","Noxious Fumes","Bane+1","Bottled Tornado","EssenceOfSteel","Quick Slash+1","Cloak And Dagger"],"campfire_rested":2,"item_purchase_floors":[21,21,21,21,21,31,31,31,31,44,44],"current_hp_per_floor":[70,70,70,67,60,60,45,45,45,43,43,42,21,19,19,18,84,81,75,62,62,56,56,34,19,19,44,44,37,28,28,53,70,84,78,61,61,61,61,61,61,61,61,61,61,61,61,61,61,39],"gold":361,"neow_bonus":"","is_prod":false,"is_daily":false,"chose_seed":false,"campfire_upgraded":6,"win_rate":0,"timestamp":1539661860,"path_taken":["M","?","M","M","M","M","E","M","T","M","R","?","E","M","R","BOSS","M","M","M","$","M","R","E","?","T","R","?","E","M","?","R","BOSS","M","M","?","M","?","R","M","?","T","$","R","M","?","M","R","BOSS"],"build_version":"2018-10-11","purchased_purges":2,"victory":true,"max_hp_per_floor":[70,70,70,70,70,70,84,84,84,84,84,84,84,84,84,84,84,84,84,84,84,84,84,84,84,84,84,84,84,84,84,84,84,84,84,84,84,84,84,84,84,80,80,80,80,80,80,80,80,80],"card_choices":[{"not_picked":["Reflex","Deadly Poison"],"picked":"Footwork","floor":1.0},{"not_picked":["Underhanded Strike","Concentrate","Heel Hook"],"picked":"SKIP","floor":3.0},{"not_picked":["Backflip","Finisher"],"picked":"Cloak And Dagger","floor":4.0},{"not_picked":["Bane","Acrobatics","Distraction"],"picked":"SKIP","floor":5.0},{"not_picked":["Infinite Blades","Deadly Poison"],"picked":"Poisoned Stab","floor":6.0},{"not_picked":["Deflect","Concentrate"],"picked":"Cloak And Dagger","floor":7.0},{"not_picked":["Underhanded Strike","Acrobatics"],"picked":"After Image","floor":8.0},{"not_picked":["Riddle With Holes+1","Underhanded Strike+1"],"picked":"PiercingWail","floor":10.0},{"not_picked":["Slice+1","Concentrate"],"picked":"Dagger Spray+1","floor":12.0},{"not_picked":["Setup","Deflect"],"picked":"Blade Dance","floor":13.0},{"not_picked":["Riddle With Holes+1","Deflect"],"picked":"Infinite Blades","floor":14.0},{"not_picked":["Burst","After Image"],"picked":"Glass Knife+1","floor":16.0},{"not_picked":["Heel Hook+1","Quick Slash+1"],"picked":"Poisoned Stab+1","floor":18},{"not_picked":["Slice+1","Distraction"],"picked":"Quick Slash+1","floor":19},{"not_picked":["Caltrops","Venomology"],"picked":"Blade Dance","floor":20},{"not_picked":["Heel Hook+1","All Out Attack+1","Bouncing Flask"],"picked":"SKIP","floor":22},{"not_picked":["Flying Knee+1","Bullet Time"],"picked":"Cloak And Dagger","floor":24},{"not_picked":["Catalyst","Bane+1"],"picked":"Backflip","floor":25},{"not_picked":["Prepared","PiercingWail","Acrobatics"],"picked":"SKIP","floor":28},{"not_picked":["Predator+1","Skewer+1"],"picked":"Crippling Poison","floor":29},{"not_picked":["Deflect","Eviscerate+1","PiercingWail"],"picked":"SKIP","floor":30},{"not_picked":["A Thousand Cuts","Phantasmal Killer"],"picked":"Malaise","floor":33},{"not_picked":["Infinite Blades","Dagger Throw+1"],"picked":"Dodge and Roll","floor":35},{"not_picked":["Footwork+1","Choke+1"],"picked":"Blade Dance+1","floor":36},{"not_picked":["Poisoned Stab+1","Crippling Poison+1"],"picked":"Terror","floor":38},{"not_picked":["Purity","Bandage Up"],"picked":"Violence","floor":39},{"not_picked":["All Out Attack+1","PiercingWail"],"picked":"Flying Knee+1","floor":41},{"not_picked":["Poisoned Stab+1","Bane+1"],"picked":"Backstab+1","floor":46},{"not_picked":["Flechettes+1","Underhanded Strike+1"],"picked":"Flying Knee+1","floor":48}],"player_experience":939483,"relics_obtained":[{"floor":7.0,"key":"Mango"},{"floor":9.0,"key":"Molten Egg 2"},{"floor":13.0,"key":"Shuriken"},{"floor":24,"key":"Old Coin"},{"floor":25,"key":"Red Mask"},{"floor":26,"key":"Pantograph"},{"floor":29,"key":"Lantern"},{"floor":43,"key":"Matryoshka"}],"event_choices":[{"event_name":"Liars Game","player_choice":"agreed","floor":2.0,"damage_taken":0.0},{"event_name":"Masked Bandits","player_choice":"Fought Bandits","floor":25,"damage_taken":0},{"event_name":"MindBloom","player_choice":"Upgrade","floor":37,"damage_taken":0},{"event_name":"SensoryStone","player_choice":"Memory 1","floor":39,"damage_taken":0},{"event_name":"Winding Halls","player_choice":"Max HP","floor":42,"damage_taken":0},{"event_name":"Tomb of Lord Red Mask","player_choice":"Wore Mask","floor":47,"damage_taken":0}],"is_beta":false,"boss_relics":[{"not_picked":["White Beast Statue","Tiny House"],"picked":"Empty Cage"},{"not_picked":["Ring of the Serpent","Calling Bell"],"picked":"Philosopher\u0027s Stone"}],"items_purged_floors":[21,31],"is_endless":false,"potions_floor_spawned":[1,8,12,14,16,19,20,22,24,28,38,41],"ascension_level":0}