{"gold_per_floor":[109,109,119,132,132,167,181,181,181,1,328,67,67,78,78,151,151,161,75,75],"floor_reached":20,"playtime":739,"items_purged":["Strike_B","Strike_B"],"score":346,"play_id":"71acc832-c770-4feb-85bf-30fb1ba4994b","local_time":"20190308153624","is_ascension_mode":true,"campfire_choices":[{"floor":8.0,"key":"REST"},{"data":"Defragment","floor":15,"key":"SMITH"}],"neow_cost":"NONE","seed_source_timestamp":69772957051637,"circlet_count":0,"master_deck":["AscendersBane","Strike_B","Defend_B","Defend_B","Defend_B","Defend_B","Zap","Dualcast","Doom and Gloom","Skim","Genetic Algorithm","Auto Shields","Sweeping Beam+1","Ball Lightning+1","Leap","Defragment+1","FTL+1","Pain","Creative AI","Capacitor","Storm"],"special_seed":0,"relics":["Cracked Core","NeowsBlessing","Molten Egg 2","Happy Flower","Prayer Wheel","Old Coin","WarpedTongs","Velvet Choker"],"potions_floor_usage":[20],"damage_taken":[{"damage":0.0,"enemies":"Jaw Worm","floor":1.0,"turns":1.0},{"damage":0.0,"enemies":"Cultist","floor":3.0,"turns":1.0},{"damage":0.0,"enemies":"Small Slimes","floor":4.0,"turns":1.0},{"damage":41.0,"enemies":"Gremlin Nob","floor":6.0,"turns":5.0},{"damage":1.0,"enemies":"Looter","floor":7.0,"turns":4.0},{"damage":15.0,"enemies":"3 Sentries","floor":11.0,"turns":5.0},{"damage":2,"enemies":"2 Fungi Beasts","floor":14,"turns":2},{"damage":16,"enemies":"The Guardian","floor":16,"turns":10},{"damage":23,"enemies":"2 Thieves","floor":18,"turns":4},{"damage":34,"enemies":"3 Byrds","floor":20,"turns":3}],"seed_played":"-5162698229278748389","potions_obtained":[{"floor":1.0,"key":"Block Potion"},{"floor":4.0,"key":"FocusPotion"},{"floor":7.0,"key":"PowerPotion"},{"floor":11.0,"key":"Dexterity Potion"}],"is_trial":false,"path_per_floor":["M","?","M","M","T","E","M","R","T","$","E","$","?","M","R","B",null,"M","$","M"],"character_chosen":"DEFECT","items_purchased":["Ball Lightning+1","Leap","Defragment","FTL+1","Storm"],"campfire_rested":1,"item_purchase_floors":[10,10,12,12,19],"current_hp_per_floor":[64,64,64,64,64,23,22,43,43,43,28,28,28,26,26,10,56,33,33,0],"gold":75,"neow_bonus":"THREE_ENEMY_KILL","is_prod":false,"is_daily":false,"chose_seed":false,"campfire_upgraded":1,"win_rate":0,"timestamp":1552055784,"path_taken":["M","?","?","M","?","E","M","R","T","?","E","$","?","?","R","BOSS","M","$","M"],"build_version":"2019-01-23","purchased_purges":2,"victory":false,"max_hp_per_floor":[71,71,71,71,71,71,71,71,71,71,71,71,71,71,71,71,71,71,71,71],"card_choices":[{"not_picked":["Lockon","Rebound"],"picked":"Doom and Gloom","floor":1.0},{"not_picked":["Sweeping Beam","Leap"],"picked":"Genetic Algorithm","floor":3.0},{"not_picked":["Streamline","Turbo"],"picked":"Auto Shields","floor":4.0},{"not_picked":["Skim","Fusion"],"picked":"Sweeping Beam+1","floor":6.0},{"not_picked":["Compile Driver+1","Chaos","Stack"],"picked":"SKIP","floor":7.0},{"not_picked":["Stack","All For One+1","Gash+1"],"picked":"SKIP","floor":11.0},{"not_picked":["Beam Cell+1","Steam","Static Discharge"],"picked":"SKIP","floor":14},{"not_picked":["Fusion","Steam Power","Turbo"],"picked":"SKIP","floor":14},{"not_picked":["Reboot","Amplify"],"picked":"Creative AI","floor":16},{"not_picked":["Stack","Streamline+1"],"picked":"Capacitor","floor":18},{"not_picked":["Gash+1","Barrage+1","FTL+1"],"picked":"SKIP","floor":18}],"player_experience":477756,"relics_obtained":[{"floor":5.0,"key":"Molten Egg 2"},{"floor":6.0,"key":"Happy Flower"},{"floor":9.0,"key":"Prayer Wheel"},{"floor":11.0,"key":"Old Coin"}],"event_choices":[{"damage_healed":0.0,"max_hp_gain":0.0,"max_hp_loss":0.0,"gold_gain":0.0,"cards_transformed":["Strike_B"],"event_name":"Transmorgrifier","player_choice":"Transformed","floor":2.0,"gold_loss":0.0,"damage_taken":0.0,"cards_obtained":["Skim"]},{"damage_healed":0.0,"max_hp_gain":0.0,"max_hp_loss":0.0,"gold_gain":0.0,"event_name":"Accursed Blacksmith","player_choice":"Rummage","floor":13.0,"gold_loss":0.0,"damage_taken":0.0,"relics_obtained":["WarpedTongs"],"cards_obtained":["Pain"]}],"is_beta":false,"boss_relics":[{"not_picked":["Eternal Feather","Empty Cage"],"picked":"Velvet Choker"}],"items_purged_floors":[10,12],"is_endless":false,"potions_floor_spawned":[1,4,7,11,14,18],"killed_by":"3 Byrds","ascension_level":18}