{"gold_per_floor":[117,130,147,158,171,171,189,189,214,246,246,171,186,186,186,261,261,277,292,292],"floor_reached":20,"playtime":875,"items_purged":[],"score":347,"play_id":"29acfc0b-5d7b-4883-965c-80aa44e58139","local_time":"20190310124552","is_ascension_mode":true,"campfire_choices":[{"data":"True Grit","floor":6.0,"key":"SMITH"},{"data":"Clothesline","floor":8.0,"key":"SMITH"},{"data":"Double Tap","floor":11.0,"key":"SMITH"},{"data":"Disarm","floor":15.0,"key":"SMITH"}],"neow_cost":"NONE","seed_source_timestamp":391686410357,"circlet_count":0,"master_deck":["AscendersBane","Strike_R","Strike_R","Strike_R","Strike_R","Defend_R","Defend_R","Defend_R","Defend_R","Bash","Rampage","Clothesline+1","True Grit+1","Spot Weakness","Double Tap+1","Disarm+1","Immolate"],"special_seed":0,"relics":["Black Blood","Red Skull","Boot"],"potions_floor_usage":[19],"damage_taken":[{"damage":12.0,"enemies":"Cultist","floor":1.0,"turns":4.0},{"damage":7.0,"enemies":"Small Slimes","floor":2.0,"turns":3.0},{"damage":9.0,"enemies":"2 Louse","floor":3.0,"turns":3.0},{"damage":11.0,"enemies":"Exordium Wildlife","floor":4.0,"turns":4.0},{"damage":18.0,"enemies":"Exordium Thugs","floor":5.0,"turns":4.0},{"damage":10.0,"enemies":"3 Louse","floor":7.0,"turns":6.0},{"damage":26.0,"enemies":"3 Sentries","floor":10.0,"turns":7.0},{"damage":5.0,"enemies":"Gremlin Gang","floor":13.0,"turns":7.0},{"damage":18.0,"enemies":"The Guardian","floor":16.0,"turns":11.0},{"damage":21.0,"enemies":"3 Byrds","floor":18.0,"turns":3.0},{"damage":20,"enemies":"Spheric Guardian","floor":19,"turns":5},{"damage":50,"enemies":"3 Cultists","floor":20,"turns":4}],"seed_played":"-5509107388888081583","potions_obtained":[{"floor":2.0,"key":"AttackPotion"},{"floor":3.0,"key":"PowerPotion"},{"floor":16.0,"key":"BloodPotion"},{"floor":18.0,"key":"Block Potion"}],"is_trial":false,"path_per_floor":["M","M","M","M","M","R","M","R","T","E","R","?","M","?","R","B",null,"M","M","M"],"character_chosen":"IRONCLAD","items_purchased":[],"campfire_rested":0,"item_purchase_floors":[],"current_hp_per_floor":[69,68,65,60,48,48,44,44,44,24,24,24,25,25,25,13,65,54,44,0],"gold":292,"neow_bonus":"TEN_PERCENT_HP_BONUS","is_prod":false,"is_daily":false,"chose_seed":false,"campfire_upgraded":4,"win_rate":0,"timestamp":1552218352,"path_taken":["M","M","M","M","M","R","?","R","T","E","R","?","M","?","R","BOSS","M","M","M"],"build_version":"2019-01-23","purchased_purges":0,"victory":false,"max_hp_per_floor":[82,82,82,82,82,82,82,82,82,82,82,82,82,82,82,82,82,82,82,82],"card_choices":[{"not_picked":["Cleave","Anger"],"picked":"Rampage","floor":1.0},{"not_picked":["Wild Strike","Armaments"],"picked":"Clothesline","floor":2.0},{"not_picked":["Sword Boomerang","Clash","Dual Wield"],"picked":"SKIP","floor":3.0},{"not_picked":["Twin Strike","Evolve"],"picked":"True Grit","floor":4.0},{"not_picked":["Juggernaut","Perfected Strike","Wild Strike"],"picked":"SKIP","floor":5.0},{"not_picked":["Thunderclap","Blood for Blood"],"picked":"Spot Weakness","floor":7.0},{"not_picked":["Blood for Blood","Iron Wave"],"picked":"Double Tap","floor":10.0},{"not_picked":["Clothesline","Twin Strike"],"picked":"Disarm","floor":13.0},{"not_picked":["Dark Embrace","Brutality"],"picked":"Immolate","floor":16.0},{"not_picked":["Clothesline","Body Slam","Pommel Strike"],"picked":"SKIP","floor":18.0},{"not_picked":["Intimidate","Pommel Strike","Dual Wield"],"picked":"SKIP","floor":19}],"player_experience":486810,"relics_obtained":[{"floor":9.0,"key":"Red Skull"},{"floor":10.0,"key":"Boot"}],"event_choices":[{"cards_removed":["Strike_R"],"damage_healed":0.0,"max_hp_gain":0.0,"max_hp_loss":0.0,"gold_gain":0.0,"event_name":"The Cleric","player_choice":"Card Removal","floor":12.0,"gold_loss":75.0,"damage_taken":0.0},{"damage_healed":0.0,"max_hp_gain":0.0,"max_hp_loss":0.0,"gold_gain":0.0,"event_name":"Scrap Ooze","player_choice":"Fled","floor":14.0,"gold_loss":0.0,"damage_taken":0.0}],"is_beta":false,"boss_relics":[{"not_picked":["Tiny House","Runic Cube"],"picked":"Black Blood"}],"items_purged_floors":[],"is_endless":false,"potions_floor_spawned":[2,3,16,18],"killed_by":"3 Cultists","ascension_level":19}