{"gold_per_floor":[366,377,394,412,377,402,402,433,460,460],"floor_reached":10,"playtime":641,"items_purged":[],"score":117,"play_id":"ef7b8065-0511-482f-88ad-c12e5456af63","local_time":"20190204103046","is_ascension_mode":true,"campfire_choices":[{"data":"Neutralize","floor":7,"key":"SMITH"}],"neow_cost":"TEN_PERCENT_HP_LOSS","seed_source_timestamp":260456197256423,"circlet_count":0,"master_deck":["AscendersBane","Defend_G","Defend_G","Defend_G","Defend_G","Defend_G","Strike_G","Strike_G","Strike_G","Strike_G","Strike_G","Survivor","Neutralize+1","Leg Sweep","Deadly Poison","Footwork","Deadly Poison","PiercingWail","Skewer"],"special_seed":0,"relics":["Ring of the Snake","Dream Catcher","Smiling Mask","Art of War"],"potions_floor_usage":[6,8],"damage_taken":[{"damage":0.0,"enemies":"Cultist","floor":1.0,"turns":4.0},{"damage":0.0,"enemies":"2 Louse","floor":2.0,"turns":5.0},{"damage":7.0,"enemies":"Small Slimes","floor":3.0,"turns":5.0},{"damage":10.0,"enemies":"3 Louse","floor":4.0,"turns":6.0},{"damage":6,"enemies":"3 Sentries","floor":6,"turns":13},{"damage":45,"enemies":"Gremlin Nob","floor":8,"turns":6},{"damage":12,"enemies":"Lagavulin","floor":10,"turns":6}],"seed_played":"-627765311932395893","potions_obtained":[{"floor":1.0,"key":"Poison Potion"},{"floor":4.0,"key":"AttackPotion"},{"floor":6,"key":"Weak Potion"}],"is_trial":false,"path_per_floor":["M","M","M","M","?","E","R","E","T","E"],"character_chosen":"THE_SILENT","items_purchased":[],"campfire_rested":0,"item_purchase_floors":[],"current_hp_per_floor":[63,63,56,46,61,55,55,10,10,0],"gold":460,"neow_bonus":"TWO_FIFTY_GOLD","is_prod":false,"is_daily":false,"chose_seed":false,"campfire_upgraded":1,"win_rate":0,"timestamp":1549272646,"path_taken":["M","M","M","?","?","E","R","E","T","E"],"build_version":"2019-01-23","purchased_purges":0,"victory":false,"max_hp_per_floor":[63,63,63,63,63,63,63,63,63,63],"card_choices":[{"not_picked":["Infinite Blades","Dagger Throw"],"picked":"Leg Sweep","floor":1.0},{"not_picked":["Predator","Distraction"],"picked":"Deadly Poison","floor":2.0},{"not_picked":["Dagger Throw","Cloak And Dagger"],"picked":"Footwork","floor":3.0},{"not_picked":["Deflect","Dagger Throw"],"picked":"Deadly Poison","floor":4.0},{"not_picked":["Outmaneuver","Prepared"],"picked":"PiercingWail","floor":6},{"not_picked":["Leg Sweep","Terror"],"picked":"Skewer","floor":8}],"player_experience":283322,"relics_obtained":[{"floor":6,"key":"Dream Catcher"},{"floor":8,"key":"Smiling Mask"},{"floor":9,"key":"Art of War"}],"event_choices":[{"damage_healed":15.0,"max_hp_gain":0.0,"max_hp_loss":0.0,"gold_gain":0.0,"event_name":"The Cleric","player_choice":"Healed","floor":5.0,"gold_loss":35.0,"damage_taken":0.0}],"is_beta":false,"boss_relics":[],"items_purged_floors":[],"is_endless":false,"potions_floor_spawned":[1,4,6],"killed_by":"Lagavulin","ascension_level":10}