{"path_per_floor":["M","M","?","?","?","R","E","R","T","R","?","$","E","$","R","B",null,"M","?","?","?","M","R","M","?","T","R","E","R","E","M","R"],"character_chosen":"THE_SILENT","items_purchased":["Leg Sweep","Footwork"],"gold_per_floor":[110,126,126,126,126,126,154,154,177,177,177,29,60,23,23,123,123,134,134,134,134,74,74,87,47,47,47,80,80,105,115,115,115],"floor_reached":33,"campfire_rested":5,"playtime":2913,"item_purchase_floors":[],"current_hp_per_floor":[62,62,62,62,62,62,20,41,41,62,48,48,22,22,43,25,59,30,17,42,42,48,52,47,47,47,52,11,36,11,21,46,0],"items_purged":["Regret"],"gold":115,"score":481,"play_id":"41ea9537-a648-4de0-9e54-eb00a6c9e314","local_time":"20180527181755","is_prod":false,"is_daily":false,"chose_seed":false,"is_ascension_mode":true,"campfire_upgraded":3,"win_rate":0,"timestamp":1527470275,"campfire_choices":[{"data":"Survivor","floor":6.0,"key":"SMITH"},{"floor":8.0,"key":"REST"},{"floor":10.0,"key":"REST"},{"floor":15.0,"key":"REST"},{"data":"Footwork","floor":23.0,"key":"SMITH"},{"data":"Wraith Form v2","floor":27.0,"key":"SMITH"},{"floor":29.0,"key":"REST"},{"floor":32,"key":"REST"}],"path_taken":["M","M","?","?","?","R","E","R","T","R","?","$","E","?","R","BOSS","M","?","?","?","M","R","M","?","T","R","E","R","E","M","R","BOSS"],"build_version":"2018-05-24","seed_source_timestamp":0,"purchased_purges":1,"victory":false,"master_deck":["Defend_G","Defend_G","Defend_G","Defend_G","Defend_G","Survivor+1","Neutralize+1","AscendersBane","Cloak And Dagger","Underhanded Strike+1","Decay","Heel Hook","Leg Sweep","Malaise","Footwork+1","Wraith Form v2+1","Underhanded Strike+1","Bite","Bite","Bite","Bite","Bite","Quick Slash+1","Backflip","Backflip","Calculated Gamble","Wraith Form v2","Underhanded Strike","Cloak And Dagger"],"max_hp_per_floor":[70,70,70,70,70,70,70,70,70,70,70,70,70,70,70,70,70,70,75,75,52,52,52,52,52,52,52,52,52,52,52,52,52],"relics":["Ring of the Snake","Pen Nib","Juzu Bracelet","Orichalcum","Anchor","Eternal Feather","Darkstone Periapt","Dream Catcher","Sundial"],"card_choices":[{"not_picked":["Terror","Infinite Blades"],"picked":"Cloak And Dagger","floor":1.0},{"not_picked":["Blade Dance","Outmaneuver"],"picked":"Underhanded Strike","floor":2.0},{"not_picked":["Distraction","Deadly Poison"],"picked":"Heel Hook","floor":7.0},{"not_picked":["Quick Slash","Caltrops"],"picked":"Malaise","floor":13.0},{"not_picked":["Grand Finale","Tactician"],"picked":"Wraith Form v2","floor":16.0},{"not_picked":["Bane","Prepared"],"picked":"Underhanded Strike+1","floor":18.0},{"not_picked":["Acrobatics","Flying Knee"],"picked":"Quick Slash+1","floor":22.0},{"not_picked":["Prepared+1","Bane+1"],"picked":"Backflip","floor":24.0},{"not_picked":["Sucker Punch","Outmaneuver"],"picked":"Backflip","floor":28.0},{"not_picked":["Dodge and Roll+1","Flying Knee"],"picked":"Calculated Gamble","floor":29.0},{"not_picked":["Unload","Bane"],"picked":"Wraith Form v2","floor":30.0},{"not_picked":["Malaise","Acrobatics"],"picked":"Underhanded Strike","floor":31},{"not_picked":["Poisoned Stab","Bane"],"picked":"Cloak And Dagger","floor":32}],"player_experience":521539,"potions_floor_usage":[31,33,33],"damage_taken":[{"damage":1.0,"enemies":"Jaw Worm","floor":1.0,"turns":5.0},{"damage":0.0,"enemies":"Cultist","floor":2.0,"turns":4.0},{"damage":42.0,"enemies":"3 Sentries","floor":7.0,"turns":13.0},{"damage":26.0,"enemies":"Lagavulin","floor":13.0,"turns":11.0},{"damage":18.0,"enemies":"The Guardian","floor":16.0,"turns":21.0},{"damage":29.0,"enemies":"Spheric Guardian","floor":18.0,"turns":12.0},{"damage":0.0,"enemies":"2 Thieves","floor":22.0,"turns":4.0},{"damage":22.0,"enemies":"Centurion and Healer","floor":24.0,"turns":13.0},{"damage":53.0,"enemies":"Slavers","floor":28.0,"turns":10.0},{"damage":37.0,"enemies":"Book of Stabbing","floor":30.0,"turns":11.0},{"damage":8,"enemies":"3 Cultists","floor":31,"turns":10},{"damage":70,"enemies":"Automaton","floor":33,"turns":14}],"relics_obtained":[{"floor":7.0,"key":"Juzu Bracelet"},{"floor":9.0,"key":"Orichalcum"},{"floor":13.0,"key":"Anchor"},{"floor":26.0,"key":"Darkstone Periapt"},{"floor":28.0,"key":"Dream Catcher"},{"floor":30.0,"key":"Sundial"}],"event_choices":[{"event_name":"Upgrade Shrine","player_choice":"Upgraded","floor":3.0,"damage_taken":0.0},{"event_name":"Big Fish","player_choice":"Box","floor":4.0,"damage_taken":0.0},{"event_name":"Wheel of Change","player_choice":"Curse","floor":5.0,"damage_taken":0.0},{"event_name":"Shining Light","player_choice":"Entered Light","floor":11.0,"damage_taken":0.0},{"event_name":"Forgotten Altar","player_choice":"Shed Blood","floor":19.0,"damage_taken":0.0},{"event_name":"The Library","player_choice":"Heal","floor":20.0,"damage_taken":0.0},{"event_name":"Vampires","player_choice":"Became a vampire","floor":21.0,"damage_taken":0.0},{"event_name":"The Woman in Blue","player_choice":"Bought 3 Potions","floor":25.0,"damage_taken":0.0}],"boss_relics":[],"items_purged_floors":[],"potions_floor_spawned":[1,16,28,30,31],"seed_played":"1004158725142775971","killed_by":"Automaton","ascension_level":12,"potions_obtained":[{"floor":1.0,"key":"AttackPotion"},{"floor":16.0,"key":"Poison Potion"},{"floor":25.0,"key":"FearPotion"},{"floor":25.0,"key":"SkillPotion"},{"floor":25.0,"key":"PowerPotion"},{"floor":28.0,"key":"Ancient Potion"},{"floor":30.0,"key":"GamblersBrew"},{"floor":31,"key":"SkillPotion"}],"is_trial":false}