{"gold_per_floor":[113,132,3,3,21,21,41,72,72,92,42,53,80,80,80,181,181,191,191,191,205,205,205,232,232,255,273,291,316,316,345,345,345],"floor_reached":33,"playtime":1704,"items_purged":["Strike_B"],"score":504,"play_id":"e750f2f7-ad3b-4b95-ac93-f01031d51de5","local_time":"20180806134048","is_ascension_mode":true,"campfire_choices":[{"data":"Zap","floor":6,"key":"SMITH"},{"data":"Genetic Algorithm","floor":15,"key":"SMITH"},{"data":"Go for the Eyes","floor":23,"key":"SMITH"},{"floor":25,"key":"REST"},{"floor":30,"key":"REST"},{"floor":32,"key":"REST"}],"neow_cost":"NONE","seed_source_timestamp":0,"circlet_count":0,"master_deck":["Defend_B","Defend_B","Defend_B","Defend_B","Zap+1","Dualcast","AscendersBane","Ball Lightning","Rip and Tear+1","Cold Snap","Go for the Eyes+1","Doom and Gloom","Echo Form","BootSequence","Genetic Algorithm+1","Loop","Machine Learning","Ball Lightning","Hello World","Go for the Eyes+1","White Noise","Cold Snap","Coolheaded"],"special_seed":0,"relics":["Cracked Core","Happy Flower","Whetstone","Mercury Hourglass","Du-Vu Doll","Bag of Marbles","Eternal Feather","Pen Nib","Centennial Puzzle","Cables","Anchor"],"potions_floor_usage":[8,13,21,24,29,31],"damage_taken":[{"damage":1,"enemies":"Small Slimes","floor":1,"turns":3},{"damage":0,"enemies":"Cultist","floor":2,"turns":3},{"damage":7,"enemies":"Jaw Worm","floor":5,"turns":2},{"damage":2,"enemies":"Large Slime","floor":7,"turns":4},{"damage":11,"enemies":"Lagavulin","floor":8,"turns":5},{"damage":3,"enemies":"Exordium Wildlife","floor":10,"turns":3},{"damage":0,"enemies":"Lots of Slimes","floor":12,"turns":1},{"damage":12,"enemies":"3 Sentries","floor":13,"turns":3},{"damage":15,"enemies":"Slime Boss","floor":16,"turns":6},{"damage":17,"enemies":"Spheric Guardian","floor":18,"turns":4},{"damage":8,"enemies":"Chosen","floor":21,"turns":4},{"damage":28,"enemies":"Book of Stabbing","floor":24,"turns":6},{"damage":17,"enemies":"3 Cultists","floor":27,"turns":4},{"damage":0,"enemies":"Centurion and Healer","floor":28,"turns":4},{"damage":28,"enemies":"Slavers","floor":29,"turns":6},{"damage":17,"enemies":"Book of Stabbing","floor":31,"turns":4},{"damage":55,"enemies":"Automaton","floor":33,"turns":6}],"seed_played":"-2604858364234302474","potions_obtained":[{"floor":5,"key":"Block Potion"},{"floor":7,"key":"Energy Potion"},{"floor":16,"key":"Weak Potion"},{"floor":21,"key":"PowerPotion"},{"floor":24,"key":"FocusPotion"},{"floor":27,"key":"Swift Potion"}],"is_trial":false,"path_per_floor":["M","M","$","?","M","R","M","E","T","M","?","M","E","?","R","B",null,"M","?","?","M","?","R","E","R","T","M","M","E","R","E","R"],"character_chosen":"DEFECT","items_purchased":["Cold Snap"],"campfire_rested":3,"item_purchase_floors":[3],"current_hp_per_floor":[67,67,67,67,60,60,58,47,47,44,44,44,32,32,32,17,61,44,44,37,29,29,41,13,47,47,30,30,2,36,19,53,0],"gold":345,"neow_bonus":"RANDOM_COMMON_RELIC","is_prod":false,"is_daily":false,"chose_seed":false,"campfire_upgraded":3,"win_rate":0,"timestamp":1533588048,"path_taken":["M","M","$","?","M","R","M","E","T","M","?","?","E","?","R","BOSS","M","?","?","M","?","R","E","R","T","M","M","E","R","E","R","BOSS"],"build_version":"2018-08-02","purchased_purges":1,"victory":false,"max_hp_per_floor":[75,75,75,75,75,75,75,75,75,75,75,75,75,75,75,75,75,75,75,75,75,75,75,75,75,75,75,75,75,75,75,75,75],"card_choices":[{"not_picked":["Conserve Battery","Blizzard"],"picked":"Ball Lightning","floor":1},{"not_picked":["Sweeping Beam","Blizzard"],"picked":"Rip and Tear","floor":2},{"not_picked":["Double Energy","Tempest"],"picked":"Go for the Eyes","floor":5},{"not_picked":["Beam Cell","Compile Driver"],"picked":"Doom and Gloom","floor":7},{"not_picked":["Defragment","Lockon"],"picked":"Echo Form","floor":8},{"not_picked":["Rebound","Static Discharge"],"picked":"BootSequence","floor":10},{"not_picked":["Stack","Chill"],"picked":"Genetic Algorithm","floor":12},{"not_picked":["Conserve Battery","Hello World"],"picked":"Loop","floor":13},{"not_picked":["Biased Cognition","Meteor Strike"],"picked":"Machine Learning","floor":16},{"not_picked":["Turbo","Sweeping Beam"],"picked":"Ball Lightning","floor":18},{"not_picked":["Loop","Barrage"],"picked":"Go for the Eyes","floor":21},{"not_picked":["Go for the Eyes","Biased Cognition"],"picked":"White Noise","floor":24},{"not_picked":["Hello World","Streamline"],"picked":"Cold Snap","floor":27},{"not_picked":["Blizzard+1","Stack","Consume+1"],"picked":"SKIP","floor":28},{"not_picked":["Blizzard","Turbo","Rip and Tear"],"picked":"SKIP","floor":29},{"not_picked":["Turbo","Go for the Eyes"],"picked":"Coolheaded","floor":31}],"player_experience":715666,"relics_obtained":[{"floor":8,"key":"Whetstone"},{"floor":9,"key":"Mercury Hourglass"},{"floor":13,"key":"Du-Vu Doll"},{"floor":24,"key":"Pen Nib"},{"floor":26,"key":"Centennial Puzzle"},{"floor":29,"key":"Cables"},{"floor":31,"key":"Anchor"}],"event_choices":[{"event_name":"Living Wall","player_choice":"Forget","floor":4,"damage_taken":0},{"event_name":"The Cleric","player_choice":"Card Removal","floor":11,"damage_taken":0},{"event_name":"Accursed Blacksmith","player_choice":"Rummage","floor":14,"damage_taken":0},{"event_name":"Transmorgrifier","player_choice":"Transform","floor":19,"damage_taken":0},{"event_name":"Wheel of Change","player_choice":"Damage","floor":20,"damage_taken":0},{"event_name":"Vampires","player_choice":"Ignored","floor":22,"damage_taken":0}],"is_beta":false,"boss_relics":[{"not_picked":["White Beast Statue","Empty Cage"],"picked":"Eternal Feather"}],"items_purged_floors":[3],"is_endless":false,"potions_floor_spawned":[5,7,16,21,24,27],"killed_by":"Automaton","ascension_level":12}