{"gold_per_floor":[112,112,112,112,132,132,142,20,43,43,76,76,88,88,88,186,186,196,210,229,105,20,20,48,48,74,74,91,91,91,101,101,202,232,242,260,260,2,14,14,29,29,101,101,51,63,63,98,98,98],"floor_reached":51,"playtime":2695,"items_purged":["Normality","Decay"],"score":943,"play_id":"5d4aa46e-a2e8-46a1-8f07-418fd03440c5","local_time":"20180630181559","daily_mods":["Binary"],"is_ascension_mode":false,"campfire_choices":[{"data":"Demon Form","floor":6,"key":"SMITH"},{"data":"Shrug It Off","floor":10,"key":"SMITH"},{"data":"Bash","floor":15,"key":"SMITH"},{"data":"Clothesline","floor":23,"key":"SMITH"},{"data":"Defend_R","floor":25,"key":"SMITH"},{"data":"Sword Boomerang","floor":29,"key":"SMITH"},{"data":"Defend_R","floor":32,"key":"SMITH"},{"data":"Defend_R","floor":42,"key":"SMITH"},{"data":"Defend_R","floor":47,"key":"SMITH"},{"floor":49,"key":"REST"}],"neow_cost":"","seed_source_timestamp":0,"circlet_count":0,"master_deck":["Defend_R+1","Defend_R+1","Defend_R+1","Defend_R+1","Bash+1","Demon Form+1","Shrug It Off+1","Clothesline+1","Sword Boomerang+1","Bite","Bite","Bite+1","Bite","Bite","Madness","Madness"],"relics":["Burning Blood","Busted Crown","Boot","Vajra","Ornamental Fan","Charon\u0027s Ashes","Dodecahedron","Velvet Choker","Magic Flower","Toolbox","Bronze Scales","Tiny House","Shuriken","Pear","Prayer Wheel","Unceasing Top"],"potions_floor_usage":[16,19,19,19,19,20,24,33,33,48,50,50,50],"damage_taken":[{"damage":2,"enemies":"2 Louse","floor":1,"turns":3},{"damage":8,"enemies":"Cultist","floor":5,"turns":3},{"damage":11,"enemies":"Jaw Worm","floor":7,"turns":3},{"damage":8,"enemies":"Gremlin Nob","floor":11,"turns":3},{"damage":2,"enemies":"Looter","floor":13,"turns":3},{"damage":23,"enemies":"The Guardian","floor":16,"turns":7},{"damage":13,"enemies":"2 Thieves","floor":18,"turns":4},{"damage":3,"enemies":"3 Byrds","floor":19,"turns":5},{"damage":22,"enemies":"Snecko","floor":20,"turns":5},{"damage":47,"enemies":"Slavers","floor":24,"turns":7},{"damage":5,"enemies":"Centurion and Healer","floor":28,"turns":5},{"damage":10,"enemies":"Cultist and Chosen","floor":31,"turns":4},{"damage":18,"enemies":"Champ","floor":33,"turns":6},{"damage":9,"enemies":"3 Darklings","floor":35,"turns":4},{"damage":2,"enemies":"3 Shapes","floor":36,"turns":4},{"damage":18,"enemies":"Maw","floor":39,"turns":6},{"damage":4,"enemies":"3 Darklings","floor":41,"turns":6},{"damage":24,"floor":44,"turns":5},{"damage":12,"enemies":"4 Shapes","floor":46,"turns":4},{"damage":56,"enemies":"2 Orb Walkers","floor":48,"turns":5},{"damage":63,"enemies":"Donu and Deca","floor":50,"turns":8}],"seed_played":"-237603726953692759","potions_obtained":[{"floor":5,"key":"Dexterity Potion"},{"floor":7,"key":"SkillPotion"},{"floor":11,"key":"EntropicBrew"},{"floor":19,"key":"Weak Potion"},{"floor":20,"key":"Swift Potion"},{"floor":28,"key":"EssenceOfSteel"},{"floor":33,"key":"Regen Potion"},{"floor":34,"key":"SteroidPotion"},{"floor":41,"key":"SteroidPotion"},{"floor":48,"key":"Block Potion"}],"is_trial":true,"path_per_floor":["M","?","?","?","M","R","M","$","T","R","E","?","M","T","R","B",null,"M","M","M","$","?","R","E","R","T","?","M","R","?","M","R","B",null,"M","M","?","$","M","?","M","R","T","?","$","M","R","E","R","B"],"character_chosen":"IRONCLAD","items_purchased":["Shrug It Off","Clothesline","Shuriken","FearPotion"],"campfire_rested":1,"item_purchase_floors":[8,21,38,45],"current_hp_per_floor":[80,80,80,80,78,78,73,73,73,73,71,68,72,72,72,55,80,73,76,60,60,60,60,22,22,22,22,26,26,26,46,46,56,61,61,61,61,61,61,53,61,61,71,71,71,71,71,57,71,48],"gold":98,"neow_bonus":"","is_prod":false,"is_daily":false,"chose_seed":false,"campfire_upgraded":9,"win_rate":0,"timestamp":1530400559,"path_taken":["M","?","?","?","M","R","M","?","T","R","E","?","?","?","R","BOSS","M","M","M","$","?","R","E","R","T","?","M","R","?","?","R","BOSS","M","M","?","$","M","?","M","R","T","?","?","?","R","E","R","BOSS"],"build_version":"2018-06-28","purchased_purges":2,"victory":true,"max_hp_per_floor":[80,80,80,80,80,80,80,80,80,80,80,80,80,80,80,80,80,80,80,80,80,80,80,80,80,80,80,80,80,56,56,56,56,61,61,61,61,61,61,61,61,61,71,71,71,71,71,71,71,71],"card_choices":[],"player_experience":259596,"relics_obtained":[{"floor":9,"key":"Vajra"},{"floor":11,"key":"Ornamental Fan"},{"floor":14,"key":"Dodecahedron"},{"floor":24,"key":"Toolbox"},{"floor":26,"key":"Bronze Scales"},{"floor":43,"key":"Pear"},{"floor":44,"key":"Prayer Wheel"},{"floor":48,"key":"Unceasing Top"}],"event_choices":[{"event_name":"Match and Keep!","player_choice":"1 cards matched","floor":2,"damage_taken":0},{"event_name":"Wheel of Change","player_choice":"Curse","floor":3,"damage_taken":0},{"event_name":"Accursed Blacksmith","player_choice":"Rummage","floor":4,"damage_taken":0},{"event_name":"Scrap Ooze","player_choice":"success","floor":12,"damage_taken":3},{"event_name":"Addict","player_choice":"Obtained Relic","floor":22,"damage_taken":0},{"event_name":"The Library","player_choice":"Read","floor":27,"damage_taken":0},{"event_name":"Vampires","player_choice":"Became a vampire","floor":30,"damage_taken":0},{"event_name":"Tomb of Lord Red Mask","player_choice":"Ignored","floor":37,"damage_taken":0},{"event_name":"Winding Halls","player_choice":"Embrace Madness","floor":40,"damage_taken":0},{"event_name":"MindBloom","player_choice":"Fight","floor":44,"damage_taken":0}],"boss_relics":[{"not_picked":["Runic Pyramid","Pandora\u0027s Box"],"picked":"Velvet Choker"},{"not_picked":["Snecko Eye","Philosopher\u0027s Stone"],"picked":"Tiny House"}],"items_purged_floors":[8,21],"is_endless":false,"potions_floor_spawned":[5,7,11,13,19,20,28,33,41,48],"ascension_level":0}