{"gold_per_floor":[17,32,47,67,82,107,125,142,142,142,162,162,162,179,179,253,253,270,270,285,285,47,47,80,95,120,120,133,133,133,150,150,150],"floor_reached":33,"playtime":1179,"items_purged":[],"score":522,"play_id":"427dbd78-c09a-483d-a5ce-c1f0d0b781ae","local_time":"20180818183142","is_ascension_mode":true,"campfire_choices":[{"floor":10,"key":"REST"},{"data":"Loop","floor":13,"key":"SMITH"},{"floor":15,"key":"REST"},{"floor":23,"key":"REST"},{"floor":27,"key":"REST"},{"floor":30,"key":"REST"},{"floor":32,"key":"REST"}],"neow_cost":"NO_GOLD","seed_source_timestamp":424562366651,"circlet_count":0,"master_deck":["Strike_B+1","Strike_B+1","Strike_B+1","Strike_B+1","Defend_B+1","Defend_B+1","Defend_B+1","Defend_B+1","Zap+1","Dualcast","AscendersBane","Auto Shields","Ball Lightning","Cold Snap","Loop+1","Static Discharge","Conserve Battery+1","Steam","Chill","Fission","Go for the Eyes","Writhe","Loop+1","Thunder Strike","Writhe","Go for the Eyes+1"],"relics":["Cracked Core","Du-Vu Doll","Cables","Symbiotic Virus","Cursed Key","Frozen Egg 2","Kunai","Centennial Puzzle","Ancient Tea Set"],"potions_floor_usage":[11,16,24,28,33,33],"damage_taken":[{"damage":1,"enemies":"Cultist","floor":1,"turns":3},{"damage":0,"enemies":"2 Louse","floor":2,"turns":3},{"damage":0,"enemies":"Small Slimes","floor":3,"turns":2},{"damage":12,"enemies":"Looter","floor":4,"turns":3},{"damage":11,"enemies":"Blue Slaver","floor":5,"turns":3},{"damage":17,"enemies":"Lagavulin","floor":6,"turns":7},{"damage":0,"enemies":"2 Fungi Beasts","floor":7,"turns":3},{"damage":1,"enemies":"3 Louse","floor":8,"turns":3},{"damage":3,"enemies":"Gremlin Gang","floor":11,"turns":3},{"damage":0,"enemies":"2 Fungi Beasts","floor":14,"turns":2},{"damage":16,"enemies":"Slime Boss","floor":16,"turns":5},{"damage":9,"enemies":"Shell Parasite","floor":18,"turns":7},{"damage":11,"enemies":"2 Thieves","floor":20,"turns":4},{"damage":22,"enemies":"Book of Stabbing","floor":24,"turns":5},{"damage":24,"enemies":"3 Cultists","floor":25,"turns":8},{"damage":7,"enemies":"Shelled Parasite and Fungi","floor":28,"turns":6},{"damage":21,"enemies":"Cultist and Chosen","floor":31,"turns":4},{"damage":42,"enemies":"Champ","floor":33,"turns":8}],"seed_played":"5940818596490899805","potions_obtained":[{"floor":3,"key":"Weak Potion"},{"floor":6,"key":"PowerPotion"},{"floor":11,"key":"LiquidBronze"},{"floor":18,"key":"FocusPotion"},{"floor":24,"key":"Strength Potion"},{"floor":31,"key":"Block Potion"}],"is_trial":false,"path_per_floor":["M","M","M","M","M","E","M","M","T","R","M","?","R","M","R","B",null,"M","?","M","?","$","R","E","M","T","R","M","?","R","M","R"],"character_chosen":"DEFECT","items_purchased":["Kunai"],"campfire_rested":6,"item_purchase_floors":[22],"current_hp_per_floor":[63,63,63,51,40,23,23,22,22,43,40,19,19,19,40,24,59,50,50,39,39,39,60,38,14,14,35,28,18,39,18,39,0],"gold":150,"neow_bonus":"ONE_RARE_RELIC","is_prod":false,"is_daily":false,"chose_seed":false,"campfire_upgraded":1,"win_rate":0,"timestamp":1534642302,"path_taken":["M","M","?","M","M","E","M","M","T","R","M","?","R","M","R","BOSS","M","?","M","?","$","R","E","?","T","R","M","?","R","M","R","BOSS"],"build_version":"2018-08-16","purchased_purges":0,"victory":false,"max_hp_per_floor":[71,71,71,71,71,71,71,71,71,71,71,71,71,71,71,71,71,71,71,71,71,71,71,71,71,71,71,71,71,71,71,71,71],"card_choices":[{"not_picked":["Barrage","Go for the Eyes"],"picked":"Auto Shields","floor":1},{"not_picked":["Sweeping Beam","Auto Shields"],"picked":"Ball Lightning","floor":2},{"not_picked":["Gash","Beam Cell"],"picked":"Cold Snap","floor":3},{"not_picked":["Reprogram","Undo"],"picked":"Loop","floor":4},{"not_picked":["Consume","Steam"],"picked":"Static Discharge","floor":5},{"not_picked":["All For One","Barrage"],"picked":"Conserve Battery","floor":6},{"not_picked":["Turbo","Self Repair","Streamline"],"picked":"SKIP","floor":7},{"not_picked":["FTL","Turbo"],"picked":"Steam","floor":8},{"not_picked":["Tempest","Conserve Battery"],"picked":"Chill","floor":11},{"not_picked":["Stack","Barrage","Scrape"],"picked":"SKIP","floor":14},{"not_picked":["Seek","Multi-Cast"],"picked":"Fission","floor":16},{"not_picked":["Barrage","Compile Driver","Hello World"],"picked":"SKIP","floor":18},{"not_picked":["Chill","Coolheaded"],"picked":"Go for the Eyes","floor":20},{"not_picked":["Heatsinks+1","Darkness+1"],"picked":"Loop+1","floor":24},{"not_picked":["Cold Snap+1","Storm+1"],"picked":"Thunder Strike","floor":25},{"not_picked":["Sweeping Beam","Conserve Battery"],"picked":"Go for the Eyes+1","floor":28},{"not_picked":["Gash","Cold Snap","Rebound"],"picked":"SKIP","floor":31}],"player_experience":772571,"relics_obtained":[{"floor":6,"key":"Cables"},{"floor":9,"key":"Symbiotic Virus"},{"floor":24,"key":"Centennial Puzzle"},{"floor":26,"key":"Ancient Tea Set"}],"event_choices":[{"event_name":"Shining Light","player_choice":"Entered Light","floor":12,"damage_taken":0},{"event_name":"Back to Basics","player_choice":"Simplicity","floor":19,"damage_taken":0},{"event_name":"The Mausoleum","player_choice":"Yes","floor":21,"damage_taken":0},{"event_name":"Wheel of Change","player_choice":"Damage","floor":29,"damage_taken":0}],"is_beta":false,"boss_relics":[{"not_picked":["Runic Dome","Calling Bell"],"picked":"Cursed Key"}],"items_purged_floors":[],"is_endless":false,"potions_floor_spawned":[3,6,8,11,18,24,25,31],"killed_by":"Champ","ascension_level":15}