{"gold_per_floor":[114,131,18,18,38,66,66,84,84,84,99,99,112,136,136,261,261,277,177,92,123,123,123,157,157,187,187,200,75,89,89,89,214,252,271,604,657,44,44,69,69,69],"floor_reached":42,"playtime":8099,"items_purged":["Strike_B","Strike_B","Strike_B"],"score":489,"play_id":"13f8b9f7-31bc-4693-b3ea-a09cbe180cd7","local_time":"20180711214309","is_ascension_mode":true,"campfire_choices":[{"data":"Loop","floor":10,"key":"SMITH"},{"data":"Redo","floor":12,"key":"SMITH"},{"floor":15,"key":"REST"},{"data":"Tempest","floor":23,"key":"SMITH"},{"floor":25,"key":"REST"},{"data":"Static Discharge","floor":27,"key":"SMITH"},{"floor":32,"key":"REST"},{"floor":41,"key":"REST"}],"neow_cost":"NONE","seed_source_timestamp":2713745934597,"circlet_count":0,"master_deck":["Defend_B","Defend_B","Defend_B","Defend_B","Zap","Dualcast","Ball Lightning+1","Redo+1","Undo","Coolheaded","Go for the Eyes","Loop+1","Steam","FTL","Conserve Battery","Echo Form","Tempest+1","Static Discharge+1","Leap","Creative AI","Conserve Battery+1","Auto Shields","Ball Lightning+1"],"relics":["Cracked Core","Torii","Matryoshka","Velvet Choker","Gremlin Horn","Red Mask","Potion Belt","Tiny Chest","Sundial","Tiny House","Du-Vu Doll","ClockworkSouvenir","Bag of Marbles","Mummified Hand","Oddly Smooth Stone"],"potions_floor_usage":[14,16,21,21,24,30,33,33,33,40],"damage_taken":[{"damage":1,"enemies":"Cultist","floor":1,"turns":4},{"damage":7,"enemies":"Small Slimes","floor":2,"turns":3},{"damage":2,"enemies":"2 Louse","floor":5,"turns":2},{"damage":16,"enemies":"3 Sentries","floor":6,"turns":8},{"damage":0,"enemies":"Blue Slaver","floor":8,"turns":3},{"damage":1,"enemies":"2 Fungi Beasts","floor":11,"turns":4},{"damage":7,"enemies":"3 Louse","floor":13,"turns":3},{"damage":8,"enemies":"Exordium Thugs","floor":14,"turns":4},{"damage":8,"enemies":"Hexaghost","floor":16,"turns":10},{"damage":8,"enemies":"Chosen","floor":18,"turns":6},{"damage":31,"floor":21,"turns":5},{"damage":29,"enemies":"Slavers","floor":24,"turns":5},{"damage":19,"enemies":"2 Thieves","floor":28,"turns":4},{"damage":11,"enemies":"3 Cultists","floor":30,"turns":5},{"damage":25,"enemies":"Champ","floor":33,"turns":14},{"damage":36,"enemies":"3 Darklings","floor":35,"turns":4},{"damage":23,"floor":37,"turns":5},{"damage":57,"enemies":"Nemesis","floor":40,"turns":7},{"damage":40,"enemies":"Giant Head","floor":42,"turns":10}],"seed_played":"1524644849120865762","potions_obtained":[{"floor":1,"key":"GamblersBrew"},{"floor":6,"key":"EssenceOfSteel"},{"floor":8,"key":"Energy Potion"},{"floor":13,"key":"Block Potion"},{"floor":16,"key":"PowerPotion"},{"floor":18,"key":"EssenceOfSteel"},{"floor":24,"key":"PowerPotion"},{"floor":30,"key":"Dexterity Potion"},{"floor":31,"key":"Block Potion"},{"floor":31,"key":"AttackPotion"},{"floor":31,"key":"SneckoOil"},{"floor":34,"key":"FairyPotion"},{"floor":35,"key":"SteroidPotion"},{"floor":37,"key":"Block Potion"}],"is_trial":false,"path_per_floor":["M","M","$","?","M","E","?","M","T","R","M","R","M","M","R","B",null,"M","$","?","?","?","R","E","R","T","R","M","$","M","?","R","B",null,"M","?","?","$","?","E","R"],"character_chosen":"DEFECT","items_purchased":["Undo","ClockworkSouvenir","Bag of Marbles","Mummified Hand"],"campfire_rested":4,"item_purchase_floors":[3,38,38,38],"current_hp_per_floor":[81,74,74,74,72,56,36,36,36,36,35,35,28,20,44,36,82,74,74,74,43,43,43,14,38,38,38,19,19,15,15,39,14,87,51,51,28,28,28,8,34,0],"gold":69,"neow_bonus":"TEN_PERCENT_HP_BONUS","is_prod":false,"is_daily":false,"chose_seed":false,"campfire_upgraded":4,"win_rate":0.0,"timestamp":1531370589,"path_taken":["M","M","?","?","M","E","?","M","T","R","?","R","M","M","R","BOSS","M","$","?","?","?","R","E","R","T","R","M","?","?","?","R","BOSS","M","?","?","$","?","E","R","E"],"build_version":"2018-07-05","purchased_purges":3,"victory":false,"max_hp_per_floor":[82,82,82,82,82,82,82,82,82,82,82,82,82,82,82,82,82,82,82,82,82,82,82,82,82,82,82,82,82,82,82,82,82,87,87,87,87,87,87,87,87,87],"card_choices":[{"not_picked":["Storm","Barrage"],"picked":"Ball Lightning","floor":1},{"not_picked":["Melter","Rebound"],"picked":"Redo","floor":2},{"not_picked":["Go for the Eyes","Tempest"],"picked":"Coolheaded","floor":5},{"not_picked":["Double Energy","Gash"],"picked":"Go for the Eyes","floor":6},{"not_picked":["Seek","FTL"],"picked":"Loop","floor":8},{"not_picked":["Streamline","Sweeping Beam"],"picked":"Steam","floor":11},{"not_picked":["Cold Snap","Multi-Cast"],"picked":"FTL","floor":13},{"not_picked":["Hologram","Redo"],"picked":"Conserve Battery","floor":14},{"not_picked":["Amplify","Seek"],"picked":"Echo Form","floor":16},{"not_picked":["Beam Cell","Gash+1","Rip and Tear"],"picked":"SKIP","floor":18},{"not_picked":["Compile Driver+1","Cold Snap"],"picked":"Tempest","floor":21},{"not_picked":["Skim","White Noise"],"picked":"Static Discharge","floor":24},{"not_picked":["Compile Driver","Ball Lightning"],"picked":"Leap","floor":28},{"not_picked":["Reprogram","Cold Snap+1","Melter"],"picked":"SKIP","floor":30},{"not_picked":["Buffer","Electrodynamics"],"picked":"Creative AI","floor":33},{"not_picked":["Steam","Ball Lightning"],"picked":"Conserve Battery+1","floor":35},{"not_picked":["Hello World","Coolheaded+1"],"picked":"Ball Lightning+1","floor":40}],"player_experience":565739,"relics_obtained":[{"floor":6,"key":"Torii"},{"floor":9,"key":"Matryoshka"},{"floor":21,"key":"Red Mask"},{"floor":24,"key":"Potion Belt"},{"floor":26,"key":"Tiny Chest"},{"floor":26,"key":"Sundial"},{"floor":37,"key":"Du-Vu Doll"},{"floor":40,"key":"Oddly Smooth Stone"}],"event_choices":[{"event_name":"The Cleric","player_choice":"Leave","floor":4,"damage_taken":0},{"event_name":"Golden Idol","player_choice":"Take Damage","floor":7,"damage_taken":0},{"event_name":"Addict","player_choice":"Obtained Relic","floor":20,"damage_taken":0},{"event_name":"Masked Bandits","player_choice":"Fought over 92 gold","floor":21,"damage_taken":0},{"event_name":"Ghosts","player_choice":"Ignored","floor":22,"damage_taken":0},{"event_name":"The Lab","player_choice":"Got Potions","floor":31,"damage_taken":0},{"event_name":"The Moai Head","player_choice":"Gave Idol","floor":36,"damage_taken":0},{"event_name":"Mysterious Sphere","player_choice":"Fight","floor":37,"damage_taken":0},{"event_name":"Transmorgrifier","player_choice":"Transform","floor":39,"damage_taken":0}],"boss_relics":[{"not_picked":["Lizard Tail","Eternal Feather"],"picked":"Velvet Choker"},{"not_picked":["Pandora\u0027s Box","Runic Pyramid"],"picked":"Tiny House"}],"items_purged_floors":[3,19,29],"is_endless":false,"potions_floor_spawned":[1,6,8,13,16,18,24,30,35,37],"killed_by":"Giant Head","ascension_level":1}