{"gold_per_floor":[115,290,290,290,134,134,159,159,159,13,13,13,13,25,25,125,125,143,154,154,172,172,172,49,49,100,128,142,152,152,162,162,259,259,279,299,314,39,49,49,64,82,82,57,57,84,84,117,117,117],"floor_reached":51,"playtime":4202,"items_purged":["Regret","Doubt","Writhe"],"score":818,"play_id":"e153647f-1f41-4540-bbd0-8c6e34a4ff81","local_time":"20190116102800","is_ascension_mode":true,"campfire_choices":[{"data":"Bash","floor":8.0,"key":"SMITH"},{"data":"Infernal Blade","floor":12.0,"key":"SMITH"},{"data":"Clothesline","floor":15.0,"key":"SMITH"},{"data":"Bloodletting","floor":23.0,"key":"SMITH"},{"data":"Blood for Blood","floor":25.0,"key":"SMITH"},{"data":"Heavy Blade","floor":30.0,"key":"SMITH"},{"data":"Power Through","floor":32.0,"key":"SMITH"},{"data":"Shrug It Off","floor":40.0,"key":"SMITH"},{"data":"Shrug It Off","floor":45.0,"key":"SMITH"},{"data":"Armaments","floor":47.0,"key":"SMITH"},{"data":"Demon Form","floor":49.0,"key":"SMITH"}],"neow_cost":"CURSE","seed_source_timestamp":919359906586286,"circlet_count":0,"master_deck":["Strike_R","Strike_R","Strike_R","Strike_R+1","Strike_R","Defend_R","Defend_R","Defend_R+1","Defend_R","Bash+1","Clothesline+1","Bloodletting+1","Feed","Infernal Blade+1","Reckless Charge","Anger","Demon Form+1","Cleave","Flame Barrier+1","Blood for Blood+1","Cleave","Armaments+1","Disarm","Heavy Blade+1","Power Through+1","Twin Strike+1","Shrug It Off+1","True Grit","Metallicize+1","Shrug It Off+1","Anger+1","Heavy Blade"],"special_seed":0,"relics":["Black Blood","Ornamental Fan","Shuriken","Regal Pillow","Gremlin Horn","Nloth\u0027s Gift","PreservedInsect","Anchor","Busted Crown","Mercury Hourglass","Dream Catcher","Toxic Egg 2"],"potions_floor_usage":[50,50,50],"damage_taken":[{"damage":6.0,"enemies":"Cultist","floor":1.0,"turns":3.0},{"damage":36.0,"enemies":"3 Sentries","floor":7.0,"turns":14.0},{"damage":4.0,"enemies":"Small Slimes","floor":14.0,"turns":2.0},{"damage":41.0,"enemies":"The Guardian","floor":16.0,"turns":10.0},{"damage":15.0,"enemies":"Chosen","floor":18.0,"turns":4.0},{"damage":35.0,"enemies":"Shell Parasite","floor":19.0,"turns":6.0},{"damage":30.0,"enemies":"Chosen and Byrds","floor":21.0,"turns":6.0},{"damage":27.0,"enemies":"Book of Stabbing","floor":27.0,"turns":4.0},{"damage":10.0,"enemies":"Sentry and Sphere","floor":28.0,"turns":3.0},{"damage":4.0,"enemies":"Shelled Parasite and Fungi","floor":29.0,"turns":7.0},{"damage":4.0,"enemies":"Cultist and Chosen","floor":31.0,"turns":6.0},{"damage":64.0,"enemies":"Collector","floor":33.0,"turns":9.0},{"damage":5.0,"enemies":"Orb Walker","floor":35.0,"turns":3.0},{"damage":6.0,"enemies":"3 Darklings","floor":36.0,"turns":3.0},{"damage":14.0,"enemies":"Jaw Worm Horde","floor":37.0,"turns":5.0},{"damage":57.0,"enemies":"Writhing Mass","floor":39.0,"turns":5.0},{"damage":27.0,"enemies":"Spire Growth","floor":41.0,"turns":7.0},{"damage":10.0,"enemies":"Transient","floor":42.0,"turns":5.0},{"damage":12.0,"enemies":"Giant Head","floor":46.0,"turns":6.0},{"damage":3.0,"enemies":"Nemesis","floor":48.0,"turns":7.0},{"damage":48,"enemies":"Time Eater","floor":50,"turns":11}],"seed_played":"-5192970055021728154","potions_obtained":[{"floor":1.0,"key":"Fire Potion"},{"floor":21.0,"key":"Fire Potion"},{"floor":27.0,"key":"Explosive Potion"},{"floor":28.0,"key":"Regen Potion"},{"floor":33.0,"key":"Explosive Potion"},{"floor":37.0,"key":"Block Potion"},{"floor":41.0,"key":"Regen Potion"},{"floor":46.0,"key":"FearPotion"},{"floor":48.0,"key":"PowerPotion"}],"is_trial":false,"path_per_floor":["M","?","?","?","$","?","E","R","T","$","T","R","$","M","R","B",null,"M","M","?","M","?","R","$","R","T","E","E","M","M","R","M","R","B",null,"M","M","M","$","M","R","M","M","T","$","R","E","R","E","R","B",null],"character_chosen":"IRONCLAD","items_purchased":["Bloodletting","Infernal Blade","Reckless Charge","Cleave","Shrug It Off","True Grit","PowerPotion","Shrug It Off"],"campfire_rested":0,"item_purchase_floors":[5,10,10,24,38,38,38,44],"current_hp_per_floor":[96,96,77,77,77,74,44,44,44,44,44,44,44,49,49,14,99,94,69,69,52,52,52,52,52,52,38,41,62,62,68,68,14,108,108,108,107,107,60,60,43,43,43,43,43,55,55,62,62,24],"gold":117,"neow_bonus":"TWENTY_PERCENT_HP_BONUS","is_prod":false,"is_daily":false,"chose_seed":false,"campfire_upgraded":11,"win_rate":0,"timestamp":1547630880,"path_taken":["M","?","?","?","$","?","E","R","T","?","?","R","$","M","R","BOSS","M","M","?","?","?","R","$","R","T","E","?","M","R","M","R","BOSS","M","M","M","$","M","R","M","?","T","?","R","E","R","E","R","BOSS"],"build_version":"2018-12-20","purchased_purges":3,"victory":true,"max_hp_per_floor":[96,96,96,96,96,96,96,96,96,96,96,96,96,99,99,99,99,99,99,99,102,102,102,102,102,102,105,108,108,108,108,108,108,108,108,108,111,111,111,111,111,111,111,111,111,111,111,111,111,111],"card_choices":[{"not_picked":["Anger","Heavy Blade"],"picked":"Clothesline","floor":1.0},{"not_picked":["Power Through","Second Wind"],"picked":"Feed","floor":7.0},{"not_picked":["Armaments","Shrug It Off","Whirlwind"],"picked":"Anger","floor":14.0},{"not_picked":["Fiend Fire","Offering","Bludgeon"],"picked":"Demon Form","floor":16.0},{"not_picked":["Iron Wave","Clothesline+1","Anger+1"],"picked":"Cleave","floor":18.0},{"not_picked":["Clash","Evolve","Sever Soul"],"picked":"Flame Barrier+1","floor":19.0},{"not_picked":["Perfected Strike","Searing Blow+1","Clothesline+1"],"picked":"SKIP","floor":21.0},{"not_picked":["Berserk","Dropkick"],"picked":"Armaments","floor":27.0},{"not_picked":["Warcry","Flex"],"picked":"Disarm","floor":28.0},{"not_picked":["Wild Strike","Blood for Blood+1"],"picked":"Heavy Blade","floor":29.0},{"not_picked":["Anger","Reaper"],"picked":"Power Through","floor":31.0},{"not_picked":[],"picked":"Twin Strike+1","floor":35.0},{"not_picked":["Whirlwind"],"picked":"SKIP","floor":36.0},{"not_picked":["Body Slam"],"picked":"SKIP","floor":37.0},{"not_picked":["Iron Wave"],"picked":"SKIP","floor":39.0},{"not_picked":["Uppercut"],"picked":"SKIP","floor":41.0},{"not_picked":[],"picked":"Metallicize+1","floor":42.0},{"not_picked":[],"picked":"Anger+1","floor":46.0},{"not_picked":[],"picked":"Heavy Blade","floor":48.0}],"player_experience":22345,"relics_obtained":[{"floor":7.0,"key":"Regal Pillow"},{"floor":9.0,"key":"Gremlin Horn"},{"floor":11.0,"key":"Question Card"},{"floor":26.0,"key":"PreservedInsect"},{"floor":27.0,"key":"Anchor"},{"floor":43.0,"key":"Mercury Hourglass"},{"floor":46.0,"key":"Dream Catcher"},{"floor":48.0,"key":"Toxic Egg 2"}],"event_choices":[{"damage_healed":0.0,"max_hp_gain":0.0,"max_hp_loss":0.0,"gold_gain":175.0,"event_name":"Liars Game","player_choice":"AGREE","floor":2.0,"gold_loss":0.0,"damage_taken":0.0,"cards_obtained":["Doubt"]},{"damage_healed":0.0,"max_hp_gain":0.0,"max_hp_loss":0.0,"gold_gain":0.0,"event_name":"Shining Light","player_choice":"Entered Light","floor":3.0,"gold_loss":0.0,"damage_taken":19.0,"cards_upgraded":["Defend_R","Strike_R"]},{"damage_healed":0.0,"max_hp_gain":0.0,"max_hp_loss":0.0,"gold_gain":0.0,"event_name":"Big Fish","player_choice":"Box","floor":4.0,"gold_loss":0.0,"damage_taken":0.0,"relics_obtained":["Ornamental Fan"],"cards_obtained":["Regret"]},{"damage_healed":0.0,"max_hp_gain":0.0,"max_hp_loss":0.0,"gold_gain":0.0,"event_name":"Scrap Ooze","player_choice":"Success","floor":6.0,"gold_loss":0.0,"damage_taken":3.0,"relics_obtained":["Shuriken"]},{"damage_healed":0.0,"max_hp_gain":0.0,"max_hp_loss":0.0,"gold_gain":0.0,"event_name":"N\u0027loth","player_choice":"Traded Relic","floor":20.0,"relics_lost":["Question Card"],"gold_loss":0.0,"damage_taken":0.0,"relics_obtained":["Nloth\u0027s Gift"]},{"damage_healed":0.0,"max_hp_gain":0.0,"max_hp_loss":0.0,"gold_gain":0.0,"event_name":"Match and Keep!","player_choice":"1 cards matched","floor":22.0,"gold_loss":0.0,"damage_taken":0.0,"cards_obtained":["Blood for Blood"]}],"is_beta":false,"boss_relics":[{"not_picked":["Velvet Choker","Orrery"],"picked":"Black Blood"},{"not_picked":["Runic Dome","Lizard Tail"],"picked":"Busted Crown"}],"items_purged_floors":[5,24,38],"is_endless":false,"potions_floor_spawned":[1,21,27,28,33,37,41,46,48],"ascension_level":2}