{"gold_per_floor":[20,37,48,298,298,328,328,349,349,361,361,372,396,416,416,514,514,532,532,457,473,324,358,358,358],"floor_reached":25,"playtime":1718,"items_purged":["Hologram"],"score":332,"play_id":"2b3fc214-0892-4ea6-aa4d-47ac99e396e0","local_time":"20180729224951","is_ascension_mode":true,"campfire_choices":[{"data":"Zap","floor":7.0,"key":"SMITH"},{"floor":11.0,"key":"REST"},{"floor":15.0,"key":"REST"},{"floor":24,"key":"REST"}],"neow_cost":"NO_GOLD","seed_source_timestamp":0,"circlet_count":0,"master_deck":["Zap+1","Dualcast","AscendersBane","Static Discharge","Go for the Eyes","Seek","Cold Snap","Steam","Thunder Strike","Go for the Eyes","Rebound","Rebound","Leap","Rebound","Redo","Steam","Steam Power","Glacier"],"special_seed":0,"relics":["Cracked Core","Blue Candle","Odd Mushroom","Matryoshka","Kunai","Art of War","Pandora\u0027s Box","CultistMask","Girya"],"potions_floor_usage":[16,16,25,25,25,25,25,25],"damage_taken":[{"damage":4.0,"enemies":"Small Slimes","floor":1.0,"turns":4.0},{"damage":0.0,"enemies":"Cultist","floor":2.0,"turns":4.0},{"damage":2.0,"enemies":"Jaw Worm","floor":3.0,"turns":5.0},{"damage":43.0,"enemies":"3 Sentries","floor":6.0,"turns":10.0},{"damage":19.0,"floor":8.0,"turns":4.0},{"damage":3.0,"enemies":"Blue Slaver","floor":10.0,"turns":3.0},{"damage":20.0,"enemies":"Exordium Thugs","floor":12.0,"turns":5.0},{"damage":6.0,"enemies":"Exordium Wildlife","floor":14.0,"turns":4.0},{"damage":8,"enemies":"The Guardian","floor":16,"turns":13},{"damage":8,"enemies":"Spheric Guardian","floor":18,"turns":5},{"damage":14,"enemies":"Chosen","floor":21,"turns":6},{"damage":28,"enemies":"Book of Stabbing","floor":23,"turns":8},{"damage":71,"enemies":"Gremlin Leader","floor":25,"turns":8}],"seed_played":"5411068387611771428","potions_obtained":[{"floor":1.0,"key":"PowerPotion"},{"floor":3.0,"key":"GamblersBrew"},{"floor":12.0,"key":"EntropicBrew"},{"floor":16,"key":"GamblersBrew"},{"floor":23,"key":"Explosive Potion"}],"is_trial":false,"path_per_floor":["M","M","M","?","?","E","R","?","T","M","R","M","T","M","R","B",null,"M","?","?","M","$","E","R"],"character_chosen":"DEFECT","items_purchased":["Glacier"],"campfire_rested":3,"item_purchase_floors":[22],"current_hp_per_floor":[78,78,76,76,76,33,33,14,14,11,37,17,17,11,37,29,74,66,66,66,52,52,24,50,0],"gold":358,"neow_bonus":"TWENTY_PERCENT_HP_BONUS","is_prod":false,"is_daily":false,"chose_seed":false,"campfire_upgraded":1,"win_rate":0,"timestamp":1532929791,"path_taken":["M","M","M","?","?","E","R","?","T","?","R","M","?","M","R","BOSS","M","?","?","M","$","E","R","E"],"build_version":"2018-07-26","purchased_purges":1,"victory":false,"max_hp_per_floor":[89,89,89,89,89,89,89,89,89,89,89,89,89,89,89,89,89,89,89,89,89,89,89,89,89],"card_choices":[{"not_picked":["Storm","Force Field","Gash"],"picked":"SKIP","floor":1.0},{"not_picked":["Turbo","Sunder","Hologram"],"picked":"SKIP","floor":2.0},{"not_picked":["Streamline","Scrape","Hologram"],"picked":"SKIP","floor":3.0},{"not_picked":["Barrage","Go for the Eyes"],"picked":"Static Discharge","floor":6.0},{"not_picked":["Steam","Melter"],"picked":"Go for the Eyes","floor":8.0},{"not_picked":["Scrape","Recycle"],"picked":"Seek","floor":10.0},{"not_picked":["Sunder","Coolheaded"],"picked":"Cold Snap","floor":12.0},{"not_picked":["Sweeping Beam","Turbo"],"picked":"Steam","floor":14.0},{"not_picked":["Creative AI","Multi-Cast"],"picked":"Thunder Strike","floor":16},{"not_picked":["Beam Cell","Barrage"],"picked":"Steam","floor":18},{"not_picked":["Reinforced Body","Hologram"],"picked":"Steam Power","floor":21},{"not_picked":["Melter","Hologram","Reinforced Body"],"picked":"SKIP","floor":23}],"player_experience":699686,"relics_obtained":[{"floor":6.0,"key":"Blue Candle"},{"floor":8.0,"key":"Odd Mushroom"},{"floor":9.0,"key":"Matryoshka"},{"floor":13.0,"key":"Kunai"},{"floor":13.0,"key":"Art of War"},{"floor":23,"key":"Girya"}],"event_choices":[{"event_name":"Golden Shrine","player_choice":"Desecrate","floor":4.0,"damage_taken":0.0},{"event_name":"Fountain of Cleansing","player_choice":"Removed Curse","floor":5.0,"damage_taken":0.0},{"event_name":"Mushrooms","player_choice":"Fought Mushrooms","floor":8.0,"damage_taken":0.0},{"event_name":"FaceTrader","player_choice":"Trade","floor":19,"damage_taken":0},{"event_name":"Beggar","player_choice":"Gave Gold","floor":20,"damage_taken":0}],"is_beta":false,"boss_relics":[{"not_picked":["FrozenCore","Snecko Eye"],"picked":"Pandora\u0027s Box"}],"items_purged_floors":[22],"is_endless":false,"potions_floor_spawned":[1,3,12,16,23],"killed_by":"Gremlin Leader","ascension_level":10}