{"gold_per_floor":[111,111,186,59,73,107,125,156,156,188,188,206,223,239,239,335,335,353,369,385,405,405,405,405,438,438,457,178,208,34,34],"floor_reached":31,"playtime":2006,"items_purged":["Strike_B","Strike_B","Strike_B"],"score":338,"play_id":"d2a95b9e-87de-4ad1-9c87-1b4b61859c32","local_time":"20181121160842","is_ascension_mode":true,"campfire_choices":[{"data":"Dualcast","floor":15,"key":"SMITH"},{"floor":23,"key":"REST"}],"neow_cost":"NONE","seed_source_timestamp":0,"circlet_count":0,"master_deck":["Strike_B","Defend_B","Defend_B","Defend_B","Defend_B","Zap+1","Dualcast+1","Ball Lightning","Ball Lightning","Doom and Gloom","Lockon","BootSequence","Capacitor","Barrage","Thunder Strike","Seek","Conserve Battery","Cold Snap","Defragment+1","Auto Shields","Defragment+1","Reinforced Body","Ball Lightning"],"special_seed":0,"relics":["Cracked Core","NeowsBlessing","Boot","Nunchaku","Anchor","Lizard Tail","Gremlin Horn","Girya","Centennial Puzzle"],"potions_floor_usage":[16,18,19,20,27,29,29,29,31,31],"damage_taken":[{"damage":0.0,"enemies":"Small Slimes","floor":1.0,"turns":1.0},{"damage":0.0,"enemies":"Cultist","floor":5.0,"turns":1.0},{"damage":0.0,"enemies":"Gremlin Nob","floor":6.0,"turns":1.0},{"damage":1.0,"enemies":"2 Louse","floor":7.0,"turns":2.0},{"damage":11.0,"enemies":"Lagavulin","floor":8.0,"turns":5.0},{"damage":9.0,"enemies":"3 Sentries","floor":10.0,"turns":4.0},{"damage":3.0,"enemies":"Lots of Slimes","floor":12.0,"turns":3.0},{"damage":3,"enemies":"2 Fungi Beasts","floor":13,"turns":3},{"damage":0,"enemies":"Blue Slaver","floor":14,"turns":2},{"damage":36,"enemies":"The Guardian","floor":16,"turns":9},{"damage":21,"enemies":"2 Thieves","floor":18,"turns":4},{"damage":37,"enemies":"Shell Parasite","floor":19,"turns":5},{"damage":23,"enemies":"Snake Plant","floor":20,"turns":5},{"damage":7,"enemies":"Snecko","floor":21,"turns":4},{"damage":3,"enemies":"Colosseum Slavers","floor":22,"turns":4},{"damage":36,"enemies":"Slavers","floor":25,"turns":6},{"damage":0,"enemies":"Centurion and Healer","floor":27,"turns":7},{"damage":10,"enemies":"Book of Stabbing","floor":29,"turns":5},{"damage":9,"enemies":"Shelled Parasite and Fungi","floor":31,"turns":3}],"seed_played":"-1903327958823308475","potions_obtained":[{"floor":1.0,"key":"Fire Potion"},{"floor":6.0,"key":"Energy Potion"},{"floor":14,"key":"Energy Potion"},{"floor":18,"key":"SkillPotion"},{"floor":25,"key":"FocusPotion"},{"floor":27,"key":"AttackPotion"},{"floor":29,"key":"SteroidPotion"}],"is_trial":false,"path_per_floor":["M","?","?","$","M","E","M","E","T","E","?","M","M","M","R","B",null,"M","M","M","M","?","R","?","E","T","M","$","E","$","M"],"character_chosen":"DEFECT","items_purchased":["Dexterity Potion","FocusPotion","Weak Potion","Ball Lightning","Dexterity Potion"],"campfire_rested":1,"item_purchase_floors":[4,28,28,28,30],"current_hp_per_floor":[75,75,68,68,68,68,67,56,56,47,47,44,41,41,41,5,75,54,17,37,30,27,49,49,13,13,13,13,3,3,0],"gold":34,"neow_bonus":"THREE_ENEMY_KILL","is_prod":false,"is_daily":false,"chose_seed":false,"campfire_upgraded":1,"win_rate":0,"timestamp":1542838122,"path_taken":["M","?","?","$","M","E","?","E","T","E","?","M","M","M","R","BOSS","M","M","?","M","?","R","?","E","T","?","$","E","$","M"],"build_version":"2018-11-15","purchased_purges":3,"victory":false,"max_hp_per_floor":[75,75,75,75,75,75,75,75,75,75,75,75,75,75,75,75,75,75,75,75,75,75,75,75,75,75,75,75,75,75,75],"card_choices":[{"not_picked":["Force Field","Glacier"],"picked":"Ball Lightning","floor":1.0},{"not_picked":["Hologram","Redo"],"picked":"Ball Lightning","floor":5.0},{"not_picked":["Rip and Tear","Recycle"],"picked":"Doom and Gloom","floor":6.0},{"not_picked":["Consume","Doom and Gloom"],"picked":"Lockon","floor":7.0},{"not_picked":["Streamline","Multi-Cast"],"picked":"BootSequence","floor":8.0},{"not_picked":["Reprogram","Stack"],"picked":"Capacitor","floor":10.0},{"not_picked":["Force Field","Heatsinks","FTL"],"picked":"SKIP","floor":12.0},{"not_picked":["Streamline","Rebound"],"picked":"Barrage","floor":13},{"not_picked":["Gash","Redo"],"picked":"Thunder Strike","floor":14},{"not_picked":["Thunder Strike","Buffer"],"picked":"Seek","floor":16},{"not_picked":["Redo","Sweeping Beam"],"picked":"Conserve Battery","floor":18},{"not_picked":["Compile Driver","Force Field"],"picked":"Cold Snap","floor":19},{"not_picked":["Steam","Rebound"],"picked":"Defragment+1","floor":20},{"not_picked":["Tempest+1","Leap"],"picked":"Auto Shields","floor":21},{"not_picked":["Blizzard","Redo","Turbo+1"],"picked":"SKIP","floor":25},{"not_picked":["Streamline","Turbo+1"],"picked":"Reinforced Body","floor":27},{"not_picked":["Heatsinks","Scrape","Turbo"],"picked":"SKIP","floor":29}],"player_experience":442438,"relics_obtained":[{"floor":6.0,"key":"Boot"},{"floor":8.0,"key":"Nunchaku"},{"floor":10.0,"key":"Anchor"},{"floor":25,"key":"Gremlin Horn"},{"floor":26,"key":"Girya"},{"floor":29,"key":"Centennial Puzzle"}],"event_choices":[{"damage_healed":0.0,"max_hp_gain":0.0,"max_hp_loss":0.0,"gold_gain":0.0,"event_name":"Living Wall","player_choice":"Grow","floor":2.0,"gold_loss":0.0,"damage_taken":0.0,"cards_upgraded":["Zap"]},{"damage_healed":0.0,"max_hp_gain":0.0,"max_hp_loss":0.0,"gold_gain":75.0,"event_name":"FaceTrader","player_choice":"Touch","floor":3.0,"gold_loss":0.0,"damage_taken":7.0},{"damage_healed":0.0,"max_hp_gain":0.0,"max_hp_loss":0.0,"gold_gain":0.0,"event_name":"Match and Keep!","player_choice":"0 cards matched","floor":11.0,"gold_loss":0.0,"damage_taken":0.0,"cards_obtained":[]},{"damage_healed":0,"gold_gain":0,"player_choice":"Fight","damage_taken":0,"max_hp_gain":0,"max_hp_loss":0,"event_name":"Colosseum","floor":22,"gold_loss":0},{"damage_healed":0,"gold_gain":0,"player_choice":"Fled From Nobs","damage_taken":0,"max_hp_gain":0,"max_hp_loss":0,"event_name":"Colosseum","floor":22,"gold_loss":0},{"damage_healed":0,"gold_gain":0,"player_choice":"Copied","damage_taken":0,"max_hp_gain":0,"max_hp_loss":0,"event_name":"Duplicator","floor":24,"gold_loss":0,"cards_obtained":["Defragment"]}],"is_beta":false,"boss_relics":[{"not_picked":["FrozenCore","Snecko Eye"],"picked":"Lizard Tail"}],"items_purged_floors":[4,28,30],"is_endless":false,"potions_floor_spawned":[1,6,8,14,18,25,27,29],"killed_by":"Shelled Parasite and Fungi","ascension_level":1}