{"gold_per_floor":[118,136,136,136,151,182,182,202,202,231,282,282,4,17,17,96,96,107,126,31,51,61,61,161,161],"floor_reached":25,"playtime":1731,"items_purged":[],"score":426,"play_id":"c623f14e-b38d-4c19-8a9b-0088c9c855f8","local_time":"20190413115936","is_ascension_mode":true,"campfire_choices":[{"floor":7.0,"key":"REST"},{"data":"Bash","floor":15.0,"key":"SMITH"},{"floor":23.0,"key":"REST"}],"neow_cost":"NONE","seed_source_timestamp":1874966241099,"circlet_count":0,"master_deck":["AscendersBane","Strike_R","Strike_R+1","Strike_R","Strike_R","Defend_R","Defend_R","Defend_R","Defend_R+1","Bash+1","Anger","Pummel","Heavy Blade","Carnage","Battle Trance","Reaper","Thunderclap","Discovery"],"special_seed":0,"relics":["Burning Blood","NeowsBlessing","Darkstone Periapt","Bottled Flame","Letter Opener","Orichalcum","Lee\u0027s Waffle","Sozu","StoneCalendar","Blue Candle"],"potions_floor_usage":[],"damage_taken":[{"damage":0.0,"enemies":"Jaw Worm","floor":1.0,"turns":1.0},{"damage":0.0,"enemies":"2 Louse","floor":2.0,"turns":1.0},{"damage":0.0,"enemies":"Cultist","floor":5.0,"turns":1.0},{"damage":53.0,"enemies":"Lagavulin","floor":6.0,"turns":7.0},{"damage":11.0,"enemies":"Blue Slaver","floor":8.0,"turns":4.0},{"damage":22.0,"enemies":"3 Sentries","floor":10.0,"turns":4.0},{"damage":5.0,"enemies":"Looter","floor":14.0,"turns":2.0},{"damage":12.0,"enemies":"Slime Boss","floor":16.0,"turns":6.0},{"damage":21.0,"enemies":"Spheric Guardian","floor":18.0,"turns":4.0},{"damage":12.0,"enemies":"3 Byrds","floor":19.0,"turns":5.0},{"damage":42.0,"enemies":"Sentry and Sphere","floor":21.0,"turns":6.0},{"damage":26.0,"enemies":"Snecko","floor":22.0,"turns":6.0},{"damage":28.0,"enemies":"Colosseum Slavers","floor":24.0,"turns":4.0},{"damage":20.0,"enemies":"Colosseum Nobs","floor":24.0,"turns":5.0},{"damage":37,"enemies":"Shelled Parasite and Fungi","floor":25,"turns":6}],"seed_played":"71531287659317729","potions_obtained":[{"floor":6.0,"key":"FearPotion"},{"floor":8.0,"key":"PowerPotion"},{"floor":14.0,"key":"Strength Potion"}],"is_trial":false,"path_per_floor":["M","M","?","?","M","E","R","M","T","E","?","?","$","M","R","B",null,"M","M","$","M","M","R","?","M"],"character_chosen":"IRONCLAD","items_purchased":["Lee\u0027s Waffle","FearPotion","Discovery"],"campfire_rested":2,"item_purchase_floors":[13,13,20],"current_hp_per_floor":[74,75,52,52,58,11,33,28,28,12,12,12,82,82,82,76,81,66,67,67,35,21,45,31,0],"gold":161,"neow_bonus":"THREE_ENEMY_KILL","is_prod":false,"is_daily":false,"chose_seed":false,"campfire_upgraded":1,"win_rate":0,"timestamp":1555174776,"path_taken":["M","M","?","?","?","E","R","M","T","E","?","?","$","M","R","BOSS","M","M","?","M","M","R","?","M"],"build_version":"2019-01-23","purchased_purges":0,"victory":false,"max_hp_per_floor":[75,75,75,75,75,75,75,75,75,75,75,75,82,82,82,82,82,82,82,82,82,82,82,82,82],"card_choices":[{"not_picked":["Clash","Twin Strike","Havoc"],"picked":"SKIP","floor":1.0},{"not_picked":["Armaments","Perfected Strike"],"picked":"Anger","floor":2.0},{"not_picked":["Rupture","Anger"],"picked":"Pummel","floor":5.0},{"not_picked":["Demon Form","Perfected Strike"],"picked":"Heavy Blade","floor":6.0},{"not_picked":["Reckless Charge","Havoc"],"picked":"Carnage","floor":8.0},{"not_picked":["Blood for Blood","Seeing Red"],"picked":"Battle Trance","floor":10.0},{"not_picked":["Armaments","Seeing Red","Dual Wield"],"picked":"SKIP","floor":14.0},{"not_picked":["Limit Break","Exhume"],"picked":"Reaper","floor":16.0},{"not_picked":["Armaments","True Grit"],"picked":"Thunderclap","floor":18.0},{"not_picked":["Entrench","Blood for Blood","Dual Wield"],"picked":"SKIP","floor":19.0},{"not_picked":["Sentinel","Sword Boomerang","Clash+1"],"picked":"SKIP","floor":21.0},{"not_picked":["Hemokinesis","Juggernaut","Flex"],"picked":"SKIP","floor":22.0}],"player_experience":738144,"relics_obtained":[{"floor":6.0,"key":"Darkstone Periapt"},{"floor":9.0,"key":"Bottled Flame"},{"floor":10.0,"key":"Letter Opener"},{"floor":24.0,"key":"StoneCalendar"},{"floor":24.0,"key":"Blue Candle"}],"event_choices":[{"damage_healed":0.0,"max_hp_gain":0.0,"max_hp_loss":0.0,"gold_gain":0.0,"event_name":"Shining Light","player_choice":"Entered Light","floor":3.0,"gold_loss":0.0,"damage_taken":23.0,"cards_upgraded":["Strike_R","Defend_R"]},{"cards_removed":["Strike_R"],"damage_healed":0.0,"max_hp_gain":0.0,"max_hp_loss":0.0,"gold_gain":0.0,"event_name":"Purifier","player_choice":"Purged","floor":4.0,"gold_loss":0.0,"damage_taken":0.0},{"damage_healed":0.0,"max_hp_gain":0.0,"max_hp_loss":0.0,"gold_gain":51.0,"event_name":"Golden Wing","player_choice":"Gained Gold","floor":11.0,"gold_loss":0.0,"damage_taken":0.0},{"damage_healed":0.0,"max_hp_gain":0.0,"max_hp_loss":0.0,"gold_gain":0.0,"event_name":"WeMeetAgain","player_choice":"Gave Potion","floor":12.0,"gold_loss":0.0,"damage_taken":0.0,"relics_obtained":["Orichalcum"]},{"damage_healed":0.0,"max_hp_gain":0.0,"max_hp_loss":0.0,"gold_gain":0.0,"event_name":"Colosseum","player_choice":"Fight","floor":24.0,"gold_loss":0.0,"damage_taken":0.0},{"damage_healed":0.0,"max_hp_gain":0.0,"max_hp_loss":0.0,"gold_gain":0.0,"event_name":"Colosseum","player_choice":"Fought Nobs","floor":24.0,"gold_loss":0.0,"damage_taken":0.0}],"is_beta":false,"boss_relics":[{"not_picked":["Empty Cage","Astrolabe"],"picked":"Sozu"}],"items_purged_floors":[],"is_endless":false,"potions_floor_spawned":[6,8,14,19],"killed_by":"Shelled Parasite and Fungi","ascension_level":20}