{"gold_per_floor":[118,18,18,31,45,45,73,73,100,100,127,127,153,169,169,247,247,267,267,217,235,44,44],"floor_reached":23,"playtime":2173,"items_purged":["Strike_R"],"score":393,"play_id":"7095c50b-4da5-4743-ae82-283f8f96146c","local_time":"20190407122903","is_ascension_mode":true,"campfire_choices":[{"floor":10.0,"key":"REST"},{"data":"Intimidate","floor":15.0,"key":"SMITH"}],"neow_cost":"NONE","seed_source_timestamp":509940156939,"circlet_count":0,"master_deck":["AscendersBane","Strike_R","Strike_R","Strike_R","Defend_R","Defend_R","Defend_R","Defend_R","Bash+1","Reaper","Clothesline","Thunderclap","Shrug It Off","Wild Strike","Dropkick","Evolve","Sword Boomerang+1","Intimidate+1","Double Tap","Heavy Blade+1","Writhe","Power Through","Apotheosis"],"special_seed":0,"relics":["Burning Blood","Anchor","Strawberry","Molten Egg 2","Vajra","Oddly Smooth Stone","Snecko Eye","Smiling Mask"],"potions_floor_usage":[23,23],"damage_taken":[{"damage":6.0,"enemies":"Cultist","floor":1.0,"turns":3.0},{"damage":17.0,"enemies":"Small Slimes","floor":4.0,"turns":4.0},{"damage":7.0,"enemies":"Jaw Worm","floor":5.0,"turns":4.0},{"damage":59.0,"enemies":"Lagavulin","floor":7.0,"turns":7.0},{"damage":8.0,"enemies":"Gremlin Nob","floor":11.0,"turns":3.0},{"damage":17.0,"enemies":"3 Sentries","floor":13.0,"turns":7.0},{"damage":2.0,"enemies":"Large Slime","floor":14.0,"turns":4.0},{"damage":62.0,"enemies":"Hexaghost","floor":16.0,"turns":10.0},{"damage":0.0,"enemies":"Chosen","floor":18.0,"turns":5.0},{"damage":11.0,"enemies":"3 Byrds","floor":21.0,"turns":5.0},{"damage":98,"enemies":"Slavers","floor":23,"turns":6}],"seed_played":"-2588353354723530027","potions_obtained":[{"floor":1.0,"key":"GamblersBrew"},{"floor":7.0,"key":"Strength Potion"},{"floor":11.0,"key":"SkillPotion"},{"floor":13.0,"key":"BloodPotion"},{"floor":16.0,"key":"Energy Potion"},{"floor":21.0,"key":"Strength Potion"}],"is_trial":false,"path_per_floor":["M","$","?","M","M","$","E","?","T","R","E","T","E","M","R","B",null,"M","?","?","M","$","E"],"character_chosen":"IRONCLAD","items_purchased":["Thunderclap","Apotheosis"],"campfire_rested":1,"item_purchase_floors":[2,22],"current_hp_per_floor":[68,68,68,61,66,66,16,9,16,40,38,38,44,48,48,7,63,74,74,74,77,77,0],"gold":44,"neow_bonus":"ONE_RANDOM_RARE_CARD","is_prod":false,"is_daily":false,"chose_seed":false,"campfire_upgraded":1,"win_rate":0,"timestamp":1554658143,"path_taken":["M","$","?","M","?","?","E","?","T","R","E","?","E","M","R","BOSS","M","?","?","?","$","E"],"build_version":"2019-01-23","purchased_purges":1,"victory":false,"max_hp_per_floor":[75,75,75,75,75,75,75,75,82,82,82,82,82,82,82,82,82,82,82,82,82,82,82],"card_choices":[{"not_picked":["Warcry","Entrench"],"picked":"Clothesline","floor":1.0},{"not_picked":["Headbutt","Flex"],"picked":"Shrug It Off","floor":4.0},{"not_picked":["Ghostly Armor","Heavy Blade"],"picked":"Wild Strike","floor":5.0},{"not_picked":["Infernal Blade","Double Tap"],"picked":"Dropkick","floor":7.0},{"not_picked":["Iron Wave","Impervious"],"picked":"Evolve","floor":11.0},{"not_picked":["Perfected Strike+1","Searing Blow+1"],"picked":"Sword Boomerang+1","floor":13.0},{"not_picked":["Carnage+1","Rupture"],"picked":"Intimidate","floor":14.0},{"not_picked":["Fiend Fire+1","Barricade"],"picked":"Double Tap","floor":16.0},{"not_picked":["Pommel Strike+1","Perfected Strike+1"],"picked":"Heavy Blade+1","floor":18.0},{"not_picked":["Metallicize","Headbutt+1"],"picked":"Power Through","floor":21.0}],"player_experience":695631,"relics_obtained":[{"floor":7.0,"key":"Anchor"},{"floor":9.0,"key":"Strawberry"},{"floor":11.0,"key":"Molten Egg 2"},{"floor":12.0,"key":"Vajra"},{"floor":13.0,"key":"Oddly Smooth Stone"}],"event_choices":[{"damage_healed":0.0,"max_hp_gain":0.0,"max_hp_loss":0.0,"gold_gain":0.0,"event_name":"Upgrade Shrine","player_choice":"Upgraded","floor":3.0,"gold_loss":0.0,"damage_taken":0.0,"cards_upgraded":["Bash"]},{"cards_removed":["Strike_R"],"damage_healed":0.0,"max_hp_gain":0.0,"max_hp_loss":0.0,"gold_gain":0.0,"event_name":"Golden Wing","player_choice":"Card Removal","floor":8.0,"gold_loss":0.0,"damage_taken":7.0},{"damage_healed":0.0,"max_hp_gain":0.0,"max_hp_loss":0.0,"gold_gain":0.0,"event_name":"The Mausoleum","player_choice":"Opened","floor":19.0,"gold_loss":0.0,"damage_taken":0.0,"relics_obtained":["Smiling Mask"],"cards_obtained":["Writhe"]},{"damage_healed":0.0,"max_hp_gain":0.0,"max_hp_loss":0.0,"gold_gain":0.0,"event_name":"The Joust","player_choice":"Bet on Murderer","floor":20.0,"gold_loss":50.0,"damage_taken":0.0}],"is_beta":false,"boss_relics":[{"not_picked":["Pandora\u0027s Box","Lizard Tail"],"picked":"Snecko Eye"}],"items_purged_floors":[2],"is_endless":false,"potions_floor_spawned":[1,7,11,13,16,21],"killed_by":"Slavers","ascension_level":18}