{"gold_per_floor":[116,32,107,107,118,118,146,146,225,237,237,272,272,272,272,347,347,366,380,391,391,50,50,50,50,75,75,75,98,10,10],"floor_reached":31,"playtime":900,"items_purged":["Defend_G"],"score":593,"play_id":"56811f63-03c8-4768-bbd1-2d5825879b2b","local_time":"20190130000428","is_ascension_mode":true,"campfire_choices":[{"data":"Neutralize","floor":6.0,"key":"SMITH"},{"data":"Dagger Spray","floor":8.0,"key":"SMITH"},{"data":"Poisoned Stab","floor":11.0,"key":"SMITH"},{"data":"Predator","floor":13.0,"key":"SMITH"},{"data":"Bullet Time","floor":15.0,"key":"SMITH"},{"floor":23,"key":"REST"},{"floor":25,"key":"REST"},{"data":"Malaise","floor":27,"key":"SMITH"}],"neow_cost":"NONE","seed_source_timestamp":13568493664738,"circlet_count":0,"master_deck":["AscendersBane","Defend_G","Defend_G","Defend_G","Defend_G","Strike_G+1","Strike_G","Strike_G+1","Strike_G","Survivor","Neutralize+1","Backstab","Poisoned Stab+1","Dagger Spray+1","Predator+1","Malaise+1","Bullet Time+1","Neutralize","Bouncing Flask","After Image","Blur","Backflip","Injury","Writhe","Doubt","Blade Dance","Dagger Spray"],"special_seed":0,"relics":["Ring of the Snake","NeowsBlessing","Juzu Bracelet","Shuriken","Whetstone","Cursed Key","Nilry\u0027s Codex","Meat on the Bone","Anchor","WingedGreaves","Omamori"],"potions_floor_usage":[16,16],"damage_taken":[{"damage":0.0,"enemies":"Small Slimes","floor":1.0,"turns":1.0},{"damage":0.0,"enemies":"2 Louse","floor":5.0,"turns":1.0},{"damage":0.0,"enemies":"Gremlin Nob","floor":7.0,"turns":1.0},{"damage":2.0,"enemies":"Jaw Worm","floor":10.0,"turns":2.0},{"damage":18.0,"enemies":"Lagavulin","floor":12.0,"turns":6.0},{"damage":0,"enemies":"Slime Boss","floor":16,"turns":5},{"damage":11,"enemies":"2 Thieves","floor":18,"turns":4},{"damage":13,"enemies":"3 Byrds","floor":19,"turns":5},{"damage":1,"enemies":"Centurion and Healer","floor":20,"turns":6},{"damage":36,"enemies":"Gremlin Leader","floor":31,"turns":6}],"seed_played":"8635943738172561602","potions_obtained":[{"floor":1.0,"key":"PowerPotion"},{"floor":5.0,"key":"SteroidPotion"}],"is_trial":false,"path_per_floor":["M","$","?","?","M","R","E","R","T","M","R","E","R","?","R","B",null,"M","M","M","?","$","R","?","R","T","R","?","T","$","E"],"character_chosen":"THE_SILENT","items_purchased":["Backstab","Meat on the Bone","Blade Dance","Dagger Spray"],"campfire_rested":2,"item_purchase_floors":[2,22,30,30],"current_hp_per_floor":[59,59,48,41,41,41,41,41,41,39,39,21,21,21,21,21,55,44,31,30,9,9,28,10,31,31,31,31,31,31,0],"gold":10,"neow_bonus":"THREE_ENEMY_KILL","is_prod":false,"is_daily":false,"chose_seed":false,"campfire_upgraded":6,"win_rate":0,"timestamp":1548835468,"path_taken":["M","$","?","?","?","R","E","R","T","M","R","E","R","?","R","BOSS","M","M","M","?","$","R","?","R","T","R","?","?","$","E"],"build_version":"2019-01-23","purchased_purges":1,"victory":false,"max_hp_per_floor":[66,66,66,66,66,66,66,66,66,66,66,66,66,66,66,66,66,66,66,66,66,66,66,71,71,71,71,71,71,71,71],"card_choices":[{"not_picked":["Calculated Gamble","Dodge and Roll","Masterful Stab"],"picked":"SKIP","floor":1.0},{"not_picked":["Flying Knee","Dodge and Roll"],"picked":"Poisoned Stab","floor":5.0},{"not_picked":["Prepared","Catalyst"],"picked":"Dagger Spray","floor":7.0},{"not_picked":["Tactician","Outmaneuver"],"picked":"Predator","floor":10.0},{"not_picked":["Escape Plan","Infinite Blades"],"picked":"Malaise","floor":12.0},{"not_picked":["Tools of the Trade","Die Die Die"],"picked":"After Image","floor":16},{"not_picked":["Slice","Skewer","Masterful Stab"],"picked":"SKIP","floor":18},{"not_picked":["Slice","Skewer","Masterful Stab"],"picked":"SKIP","floor":18},{"not_picked":["Cloak And Dagger","Outmaneuver"],"picked":"Blur","floor":19},{"not_picked":["Deflect","Quick Slash"],"picked":"Backflip","floor":20}],"player_experience":1179654,"relics_obtained":[{"floor":7.0,"key":"Juzu Bracelet"},{"floor":9.0,"key":"Shuriken"},{"floor":12.0,"key":"Whetstone"},{"floor":21,"key":"Nilry\u0027s Codex"},{"floor":26,"key":"Anchor"},{"floor":29,"key":"Omamori"}],"event_choices":[{"damage_healed":0.0,"max_hp_gain":0.0,"max_hp_loss":0.0,"gold_gain":75.0,"event_name":"World of Goop","player_choice":"Gather Gold","floor":3.0,"gold_loss":0.0,"damage_taken":11.0},{"cards_removed":["Strike_G"],"damage_healed":0.0,"max_hp_gain":0.0,"max_hp_loss":0.0,"gold_gain":0.0,"event_name":"Golden Wing","player_choice":"Card Removal","floor":4.0,"gold_loss":0.0,"damage_taken":7.0},{"damage_healed":0.0,"max_hp_gain":0.0,"max_hp_loss":0.0,"gold_gain":0.0,"event_name":"Match and Keep!","player_choice":"3 cards matched","floor":14.0,"gold_loss":0.0,"damage_taken":0.0,"cards_obtained":["Bullet Time","Neutralize","Bouncing Flask"]},{"damage_healed":0,"gold_gain":0,"player_choice":"Obtained Book","damage_taken":21,"max_hp_gain":0,"max_hp_loss":0,"event_name":"Cursed Tome","floor":21,"gold_loss":0},{"damage_healed":0,"gold_gain":0,"player_choice":"Shed Blood","damage_taken":23,"max_hp_gain":5,"max_hp_loss":0,"event_name":"Forgotten Altar","floor":24,"gold_loss":0},{"damage_healed":0,"gold_gain":0,"player_choice":"Opened","damage_taken":0,"relics_obtained":["WingedGreaves"],"max_hp_gain":0,"max_hp_loss":0,"event_name":"The Mausoleum","floor":28,"gold_loss":0,"cards_obtained":["Writhe"]}],"is_beta":false,"boss_relics":[{"not_picked":["Black Star","Runic Pyramid"],"picked":"Cursed Key"}],"items_purged_floors":[22],"is_endless":false,"potions_floor_spawned":[1,5,12],"killed_by":"Gremlin Leader","ascension_level":18}