{"path_per_floor":["M","?","?","M","T","R","$","?","T","M","M","E","R","E","R","B",null,"M","?","?","?","$","E","M","$","T","E"],"character_chosen":"IRONCLAD","items_purchased":["Finesse","Master of Strategy"],"gold_per_floor":[17,17,192,207,207,207,132,132,157,168,188,221,221,255,255,357,357,367,367,367,367,171,200,210,18,18,46],"floor_reached":28,"campfire_rested":0,"playtime":2630,"current_hp_per_floor":[79,72,72,76,76,76,76,76,76,76,77,65,65,61,61,29,80,80,80,80,80,80,42,25,25,25,13],"items_purged":["Doubt","Strike_R"],"gold":46,"score":262,"play_id":"1050d4a6-1939-49ad-bc5f-a0ed639d0c8e","is_prod":false,"is_daily":false,"is_ascension_mode":false,"campfire_upgraded":3,"path_taken":["M","?","?","M","?","R","$","?","T","M","M","E","R","E","R","BOSS","M","?","?","?","$","E","M","$","T","E","M"],"build_version":"2018-02-15-PROD1","purchased_purges":3,"victory":false,"master_deck":["Defend_R","Defend_R","Defend_R","Defend_R","Bash","Rampage+1","Flex+1","True Grit+1","Feel No Pain","Limit Break","Battle Trance","Brutality","Warcry","Rampage+1","Finesse","Seeing Red","Limit Break","Master of Strategy","Evolve+1"],"max_hp_per_floor":[80,80,80,80,80,80,80,80,80,80,80,80,80,80,80,80,80,80,80,80,80,80,80,80,80,80,80],"relics":["Burning Blood","Ice Cream","Calipers","Bag of Marbles","Kunai","Pantograph","Philosopher\u0027s Stone","Charon\u0027s Ashes","Thread and Needle","Bird Faced Urn"],"card_choices":[{"not_picked":["Bloodletting","Inflame"],"picked":"Rampage"},{"not_picked":["Infernal Blade","Hemokinesis"],"picked":"Flex"},{"not_picked":["Body Slam","Clothesline"],"picked":"True Grit"},{"not_picked":["Heavy Blade","Intimidate"],"picked":"Feel No Pain"},{"not_picked":["Body Slam","Armaments"],"picked":"Limit Break"},{"not_picked":["Headbutt","Warcry"],"picked":"Battle Trance"},{"not_picked":["Dark Embrace","Reaper"],"picked":"Brutality"},{"not_picked":["Shrug It Off","Wild Strike"],"picked":"Warcry"},{"not_picked":["Inflame","Twin Strike"],"picked":"Seeing Red"},{"not_picked":["Wild Strike","Shrug It Off"],"picked":"Limit Break"},{"not_picked":["Pummel","Anger"],"picked":"Evolve"}],"player_experience":72983,"potions_floor_usage":[12,18,18,23,24,24,27],"damage_taken":[{"damage":7,"enemies":"Small Slimes","floor":1,"turns":5},{"damage":2,"enemies":"2 Louse","floor":4,"turns":3},{"damage":6,"enemies":"Jaw Worm","floor":10,"turns":3},{"damage":5,"enemies":"Blue Slaver","floor":11,"turns":4},{"damage":18,"enemies":"Gremlin Nob","floor":12,"turns":4},{"damage":10,"enemies":"Lagavulin","floor":14,"turns":8},{"damage":57,"enemies":"Hexaghost","floor":16,"turns":12},{"damage":4,"enemies":"Chosen","floor":18,"turns":6},{"damage":44,"enemies":"Slavers","floor":23,"turns":6},{"damage":32,"enemies":"3 Byrds","floor":24,"turns":4},{"damage":18,"enemies":"Gremlin Leader","floor":27,"turns":6},{"damage":17,"enemies":"Snake Plant","floor":28,"turns":1}],"event_choices":[{"event_name":"Scrap Ooze","player_choice":"success","floor":2,"damage_taken":7},{"event_name":"Liars Game","player_choice":"agreed","floor":3,"damage_taken":0},{"event_name":"Living Wall","player_choice":"Forget","floor":8,"damage_taken":0},{"event_name":"The Lab","player_choice":"Got Potions","floor":19,"damage_taken":0},{"event_name":"Duplicator","player_choice":"One dupe","floor":20,"damage_taken":0},{"event_name":"Back to Basics","player_choice":"Elegance","floor":21,"damage_taken":0}],"boss_relics":[{"not_picked":["Eternal Feather","Velvet Choker"],"picked":"Philosopher\u0027s Stone"}],"potions_floor_spawned":[1,4,14,16,23],"seed_played":"-2030742408185159864","killed_by":"Snake Plant","ascension_level":0,"is_trial":false}