{"gold_per_floor":[15,32,82,100,111,111,140,140,140,169,189,200,200,230,230,302,302,322,322,322,338,8,8,8,8,8,33,33,33],"floor_reached":29,"playtime":1002,"items_purged":["Strike_R"],"score":439,"play_id":"4d7072ac-73d3-4c06-b8f6-58e4ddbbae2b","local_time":"20180821132544","is_ascension_mode":true,"campfire_choices":[{"data":"Metallicize","floor":6,"key":"SMITH"},{"data":"Bash","floor":8,"key":"SMITH"},{"data":"Inflame","floor":13,"key":"SMITH"},{"data":"Inflame","floor":15,"key":"SMITH"},{"data":"Feed","floor":23,"key":"SMITH"},{"data":"Blood for Blood","floor":25,"key":"SMITH"}],"neow_cost":"NO_GOLD","seed_source_timestamp":0,"circlet_count":0,"master_deck":["Strike_R","Strike_R","Strike_R","Defend_R","Defend_R","Defend_R","Defend_R","Bash+1","AscendersBane","Reaper","Cleave","Metallicize+1","Clash","Inflame+1","Inflame+1","Hemokinesis","Feed+1","Blood for Blood+1","Shrug It Off+1","Clothesline","Sword Boomerang"],"special_seed":0,"relics":["Burning Blood","Art of War","Darkstone Periapt","Champion Belt","Tiny Chest","Sozu","Self Forming Clay","Toxic Egg 2","Bottled Flame"],"potions_floor_usage":[10,16,29],"damage_taken":[{"damage":1.0,"enemies":"2 Louse","floor":1.0,"turns":3.0},{"damage":6.0,"enemies":"Cultist","floor":2.0,"turns":3.0},{"damage":4,"enemies":"Jaw Worm","floor":4,"turns":4},{"damage":11,"enemies":"Red Slaver","floor":5,"turns":4},{"damage":30,"enemies":"3 Sentries","floor":7,"turns":10},{"damage":22,"enemies":"Gremlin Nob","floor":10,"turns":5},{"damage":0,"enemies":"Large Slime","floor":11,"turns":5},{"damage":18,"enemies":"3 Louse","floor":12,"turns":5},{"damage":21,"enemies":"Hexaghost","floor":16,"turns":9},{"damage":24,"enemies":"Chosen","floor":18,"turns":6},{"damage":34,"enemies":"3 Byrds","floor":21,"turns":4},{"damage":39,"enemies":"Book of Stabbing","floor":27,"turns":5},{"damage":13,"enemies":"Centurion and Healer","floor":29,"turns":1}],"seed_played":"-272716235504061629","potions_obtained":[{"floor":7,"key":"Weak Potion"},{"floor":10,"key":"Dexterity Potion"},{"floor":11,"key":"GamblersBrew"}],"is_trial":false,"path_per_floor":["M","M","?","M","M","R","E","R","T","E","M","M","R","?","R","B",null,"M","?","?","M","$","R","$","R","T","E","?"],"character_chosen":"IRONCLAD","items_purchased":["Self Forming Clay"],"campfire_rested":0,"item_purchase_floors":[22],"current_hp_per_floor":[75,75,68,70,69,69,53,53,53,41,47,43,43,43,43,43,67,56,56,56,40,40,40,40,40,40,7,7,0],"gold":33,"neow_bonus":"THREE_RARE_CARDS","is_prod":false,"is_daily":false,"chose_seed":false,"campfire_upgraded":6,"win_rate":0,"timestamp":1534883144,"path_taken":["M","M","?","M","M","R","E","R","T","E","M","M","R","?","R","BOSS","M","?","?","M","$","R","?","R","T","E","?","M"],"build_version":"2018-08-16","purchased_purges":1,"victory":false,"max_hp_per_floor":[75,75,75,75,75,75,75,75,75,75,75,75,75,75,75,75,75,75,75,75,78,78,78,78,78,78,78,78,78],"card_choices":[{"not_picked":["Exhume","Dark Embrace"],"picked":"Reaper","floor":0.0},{"not_picked":["Anger","Heavy Blade"],"picked":"Cleave","floor":1.0},{"not_picked":["Combust","Body Slam"],"picked":"Metallicize","floor":2.0},{"not_picked":["Cleave","Perfected Strike"],"picked":"Clash","floor":4},{"not_picked":["Anger","Seeing Red","Dual Wield"],"picked":"SKIP","floor":5},{"not_picked":["Twin Strike","Fiend Fire","Heavy Blade"],"picked":"SKIP","floor":7},{"not_picked":["Seeing Red","Twin Strike"],"picked":"Inflame","floor":10},{"not_picked":["Wild Strike","Seeing Red"],"picked":"Inflame","floor":11},{"not_picked":["Anger","Evolve"],"picked":"Hemokinesis","floor":12},{"not_picked":["Offering","Fiend Fire"],"picked":"Feed","floor":16},{"not_picked":["Second Wind","Bloodletting"],"picked":"Blood for Blood","floor":18},{"not_picked":["Combust","Warcry"],"picked":"Shrug It Off+1","floor":21},{"not_picked":["Dropkick","Pummel"],"picked":"Clothesline","floor":27}],"player_experience":780181,"relics_obtained":[{"floor":7,"key":"Art of War"},{"floor":9,"key":"Darkstone Periapt"},{"floor":10,"key":"Champion Belt"},{"floor":26,"key":"Toxic Egg 2"},{"floor":27,"key":"Bottled Flame"}],"event_choices":[{"event_name":"FaceTrader","player_choice":"Touch","floor":3,"damage_taken":0},{"event_name":"Accursed Blacksmith","player_choice":"Rummage","floor":14,"damage_taken":0},{"event_name":"Vampires","player_choice":"Ignored","floor":19,"damage_taken":0},{"event_name":"Ghosts","player_choice":"Ignored","floor":20,"damage_taken":0},{"event_name":"Transmorgrifier","player_choice":"Transform","floor":28,"damage_taken":0}],"is_beta":false,"boss_relics":[{"not_picked":["Astrolabe","Coffee Dripper"],"picked":"Sozu"}],"items_purged_floors":[22],"is_endless":false,"potions_floor_spawned":[7,10,11,18,27],"killed_by":"Centurion and Healer","ascension_level":15}