{"gold_per_floor":[113,124,199,199,209,235,235,235,235,133,133,152,187,198,198,294,294,313,30,30,30,71,174,239,239,264,332,257,327,327,357,357,460,460,528,56,96,137,204,258,258,297,352,402,402,459,85,45,45,95],"floor_reached":51,"playtime":4701,"items_purged":["Strike_G","Deep Breath","Strike_G","Injury"],"score":1163,"play_id":"fff3d1e1-4e45-4ba7-bd9d-896afed1cbd4","local_time":"20190217122840","is_ascension_mode":true,"campfire_choices":[{"data":"Burst","floor":7.0,"key":"SMITH"},{"floor":11.0,"key":"REST"},{"floor":15.0,"key":"REST"},{"floor":25.0,"key":"REST"},{"floor":32.0,"key":"REST"},{"data":"Wraith Form v2","floor":41.0,"key":"SMITH"},{"floor":45.0,"key":"REST"},{"floor":49.0,"key":"REST"}],"neow_cost":"NONE","seed_source_timestamp":0,"circlet_count":0,"master_deck":["Defend_G","Defend_G","Defend_G","Defend_G","Defend_G","Strike_G","Survivor","Neutralize","Dash","Leg Sweep","Cloak And Dagger","Burst+1","Dagger Spray+1","Masterful Stab+1","Backflip","Terror","Envenom","Backstab+1","HandOfGreed+1","HandOfGreed+1","Bouncing Flask+1","Footwork+1","Blur","Eviscerate+1","Doppelganger","Wraith Form v2+1","PiercingWail","Finesse","Footwork","Skewer+1","Riddle With Holes+1","Night Terror","HandOfGreed+1"],"special_seed":0,"relics":["Ring of the Snake","CultistMask","Molten Egg 2","Centennial Puzzle","Bag of Preparation","Snecko Eye","Art of War","Lantern","Enchiridion","Bronze Scales","Cursed Key","Gremlin Horn","Snake Skull","Bottled Lightning","Happy Flower"],"potions_floor_usage":[50,50,50,50,50,50],"damage_taken":[{"damage":7.0,"enemies":"Jaw Worm","floor":1.0,"turns":6.0},{"damage":0.0,"enemies":"Small Slimes","floor":2.0,"turns":3.0},{"damage":2.0,"enemies":"Cultist","floor":5.0,"turns":5.0},{"damage":25.0,"enemies":"Gremlin Nob","floor":6.0,"turns":6.0},{"damage":10.0,"enemies":"Large Slime","floor":12.0,"turns":8.0},{"damage":21.0,"enemies":"Lagavulin","floor":13.0,"turns":10.0},{"damage":0.0,"enemies":"Red Slaver","floor":14.0,"turns":2.0},{"damage":0.0,"enemies":"The Guardian","floor":16.0,"turns":14.0},{"damage":19.0,"enemies":"Spheric Guardian","floor":18.0,"turns":4.0},{"damage":2.0,"enemies":"Chosen","floor":22.0,"turns":4.0},{"damage":2.0,"enemies":"Slavers","floor":23.0,"turns":8.0},{"damage":24.0,"enemies":"Centurion and Healer","floor":24.0,"turns":5.0},{"damage":0.0,"enemies":"3 Cultists","floor":27.0,"turns":5.0},{"damage":0.0,"enemies":"Cultist and Chosen","floor":29.0,"turns":4.0},{"damage":1.0,"enemies":"Gremlin Leader","floor":31.0,"turns":5.0},{"damage":30.0,"enemies":"Automaton","floor":33.0,"turns":10.0},{"damage":0.0,"enemies":"3 Shapes","floor":35.0,"turns":4.0},{"damage":3.0,"enemies":"3 Darklings","floor":37.0,"turns":5.0},{"damage":3.0,"enemies":"Maw","floor":38.0,"turns":6.0},{"damage":0.0,"enemies":"4 Shapes","floor":39.0,"turns":4.0},{"damage":1.0,"enemies":"Giant Head","floor":40.0,"turns":8.0},{"damage":0.0,"enemies":"Spire Growth","floor":42.0,"turns":5.0},{"damage":18.0,"enemies":"Reptomancer","floor":44.0,"turns":5.0},{"damage":21.0,"enemies":"Nemesis","floor":46.0,"turns":5.0},{"damage":4,"enemies":"Awakened One","floor":50,"turns":10}],"seed_played":"-8213682296472056617","potions_obtained":[{"floor":2.0,"key":"Explosive Potion"},{"floor":5.0,"key":"Energy Potion"},{"floor":14.0,"key":"Regen Potion"},{"floor":16.0,"key":"Poison Potion"},{"floor":18.0,"key":"Swift Potion"},{"floor":23.0,"key":"Explosive Potion"},{"floor":24.0,"key":"PowerPotion"},{"floor":39.0,"key":"EssenceOfSteel"},{"floor":42.0,"key":"SmokeBomb"},{"floor":44.0,"key":"Weak Potion"},{"floor":46.0,"key":"Strength Potion"},{"floor":48.0,"key":"EntropicBrew"}],"is_trial":false,"path_per_floor":["M","M","?","?","M","E","R","?","T","$","R","M","E","M","R","B",null,"M","$","?","?","M","E","M","R","T","M","?","M","?","E","R","B",null,"M","$","M","M","M","E","R","M","T","E","R","E","$","?","R","B",null],"character_chosen":"THE_SILENT","items_purchased":["Dagger Spray+1","HandOfGreed+1","Gremlin Horn","Finesse","HandOfGreed+1","Block Potion"],"campfire_rested":6,"item_purchase_floors":[10,19,36,36,47,47],"current_hp_per_floor":[56,56,45,45,43,18,18,18,18,18,39,29,8,8,29,44,64,45,45,45,45,43,41,17,38,38,38,38,38,22,21,42,12,56,56,56,53,50,50,49,49,49,49,31,52,31,31,31,52,48],"gold":95,"neow_bonus":"RANDOM_COLORLESS","is_prod":false,"is_daily":false,"chose_seed":false,"campfire_upgraded":2,"win_rate":0,"timestamp":1550428120,"path_taken":["M","M","?","?","?","E","R","?","T","$","R","?","E","M","R","BOSS","M","$","?","?","?","E","M","R","T","M","?","M","?","E","R","BOSS","M","$","M","M","M","E","R","M","T","E","R","E","$","?","R","BOSS"],"build_version":"2019-01-23","purchased_purges":4,"victory":true,"max_hp_per_floor":[70,70,70,70,70,70,70,70,70,70,70,70,70,70,70,70,70,70,70,70,70,70,70,70,70,70,70,70,70,70,70,70,70,70,70,70,70,70,70,70,70,70,70,70,70,70,70,70,70,70],"card_choices":[{"not_picked":["Flying Knee","Backflip"],"picked":"Dash","floor":1.0},{"not_picked":["Prepared","Bouncing Flask"],"picked":"Leg Sweep","floor":2.0},{"not_picked":["Blade Dance","Quick Slash"],"picked":"Cloak And Dagger","floor":5.0},{"not_picked":["Blur","Outmaneuver"],"picked":"Burst","floor":6.0},{"not_picked":["Outmaneuver","Eviscerate+1"],"picked":"Masterful Stab+1","floor":12.0},{"not_picked":["Bane+1","Underhanded Strike+1"],"picked":"Backflip","floor":13.0},{"not_picked":["Predator+1","Dodge and Roll"],"picked":"Terror","floor":14.0},{"not_picked":["A Thousand Cuts","Corpse Explosion"],"picked":"Envenom","floor":16.0},{"not_picked":["Finisher+1","Poisoned Stab+1"],"picked":"Backstab+1","floor":18.0},{"not_picked":["Dagger Spray+1","Heel Hook+1"],"picked":"Bouncing Flask+1","floor":22.0},{"not_picked":["Deadly Poison","Sucker Punch+1"],"picked":"Footwork+1","floor":23.0},{"not_picked":["Dagger Spray+1","Dagger Throw+1"],"picked":"Blur","floor":24.0},{"not_picked":["Setup","Bane+1"],"picked":"Eviscerate+1","floor":27.0},{"not_picked":["Prepared","All Out Attack+1","Deadly Poison+1"],"picked":"SKIP","floor":29.0},{"not_picked":["Prepared","Quick Slash+1"],"picked":"Doppelganger","floor":31.0},{"not_picked":["A Thousand Cuts","Envenom"],"picked":"Wraith Form v2","floor":33.0},{"not_picked":["Expertise+1","Acrobatics"],"picked":"PiercingWail","floor":35.0},{"not_picked":["Outmaneuver","Dodge and Roll"],"picked":"Footwork","floor":37.0},{"not_picked":["Terror","Outmaneuver+1","Dodge and Roll"],"picked":"SKIP","floor":38.0},{"not_picked":["Sucker Punch+1","Distraction","Blur"],"picked":"SKIP","floor":39.0},{"not_picked":["Cloak And Dagger+1","Tactician"],"picked":"Skewer+1","floor":40.0},{"not_picked":["Terror","Calculated Gamble+1","Poisoned Stab+1"],"picked":"SKIP","floor":42.0},{"not_picked":["Poisoned Stab+1","PiercingWail+1"],"picked":"Riddle With Holes+1","floor":44.0},{"not_picked":["Deflect+1","PiercingWail"],"picked":"Night Terror","floor":46.0}],"player_experience":560456,"relics_obtained":[{"floor":6.0,"key":"Molten Egg 2"},{"floor":9.0,"key":"Centennial Puzzle"},{"floor":13.0,"key":"Bag of Preparation"},{"floor":23.0,"key":"Art of War"},{"floor":26.0,"key":"Lantern"},{"floor":30.0,"key":"Enchiridion"},{"floor":31.0,"key":"Bronze Scales"},{"floor":40.0,"key":"Snake Skull"},{"floor":44.0,"key":"Bottled Lightning"},{"floor":46.0,"key":"Happy Flower"}],"event_choices":[{"damage_healed":0.0,"max_hp_gain":0.0,"max_hp_loss":0.0,"gold_gain":75.0,"event_name":"World of Goop","player_choice":"Gather Gold","floor":3.0,"gold_loss":0.0,"damage_taken":11.0},{"damage_healed":0.0,"max_hp_gain":0.0,"max_hp_loss":0.0,"gold_gain":0.0,"event_name":"FaceTrader","player_choice":"Trade","floor":4.0,"gold_loss":0.0,"damage_taken":0.0,"relics_obtained":["CultistMask"]},{"cards_removed":["Strike_G"],"damage_healed":0.0,"max_hp_gain":0.0,"max_hp_loss":0.0,"gold_gain":0.0,"event_name":"Purifier","player_choice":"Purged","floor":8.0,"gold_loss":0.0,"damage_taken":0.0},{"damage_healed":0.0,"max_hp_gain":0.0,"max_hp_loss":0.0,"gold_gain":0.0,"event_name":"Ghosts","player_choice":"Ignored","floor":20.0,"gold_loss":0.0,"damage_taken":0.0},{"damage_healed":0.0,"max_hp_gain":0.0,"max_hp_loss":0.0,"gold_gain":0.0,"event_name":"Duplicator","player_choice":"Copied","floor":21.0,"gold_loss":0.0,"damage_taken":0.0,"cards_obtained":["HandOfGreed"]},{"cards_removed":["Strike_G"],"damage_healed":0.0,"max_hp_gain":0.0,"max_hp_loss":0.0,"gold_gain":0.0,"event_name":"Beggar","player_choice":"Gave Gold","floor":28.0,"gold_loss":75.0,"damage_taken":0.0},{"damage_healed":0.0,"max_hp_gain":0.0,"max_hp_loss":0.0,"gold_gain":0.0,"event_name":"Cursed Tome","player_choice":"Obtained Book","floor":30.0,"gold_loss":0.0,"damage_taken":16.0},{"damage_healed":0.0,"max_hp_gain":0.0,"max_hp_loss":0.0,"gold_gain":0.0,"event_name":"The Woman in Blue","player_choice":"Bought 3 Potions","floor":48.0,"gold_loss":0.0,"damage_taken":0.0}],"is_beta":false,"boss_relics":[{"not_picked":["HoveringKite","Runic Pyramid"],"picked":"Snecko Eye"},{"not_picked":["Astrolabe","Fusion Hammer"],"picked":"Cursed Key"}],"items_purged_floors":[10,19,36,47],"is_endless":false,"potions_floor_spawned":[2,5,14,16,18,23,24,27,39,42,44,46],"ascension_level":9}