{"gold_per_floor":[109,184,196,43,56,56,89,89,89,89,119,119,149,164,164,265,265,283,302,314,314,329,329,362,377,377,377,406,421,454,473,473,578,578,594,594,353,353,30,30,64,64,64,64,92,107,107,117,117,117],"floor_reached":51,"playtime":4313,"items_purged":["Strike_G","Strike_G","Decay"],"score":1096,"play_id":"ae265877-53ba-4965-aa56-0f29cb0210b4","local_time":"20190215183928","is_ascension_mode":true,"campfire_choices":[{"data":"Well Laid Plans","floor":6.0,"key":"SMITH"},{"data":"Neutralize","floor":12.0,"key":"SMITH"},{"floor":15.0,"key":"REST"},{"data":"Burst","floor":23.0,"key":"SMITH"},{"data":"Bouncing Flask","floor":27.0,"key":"SMITH"},{"floor":32.0,"key":"REST"},{"data":"Sucker Punch","floor":40,"key":"SMITH"},{"data":"Infinite Blades","floor":42,"key":"SMITH"},{"data":"Cloak And Dagger","floor":47,"key":"SMITH"},{"floor":49,"key":"REST"}],"neow_cost":"TEN_PERCENT_HP_LOSS","seed_source_timestamp":2482927152685,"circlet_count":0,"master_deck":["Defend_G","Defend_G","Defend_G","Defend_G","Defend_G","Survivor","Neutralize+1","Corpse Explosion","Well Laid Plans+1","Poisoned Stab","Bane","Bouncing Flask+1","Burst+1","Deadly Poison","Adrenaline","Cloak And Dagger+1","Outmaneuver+1","Sucker Punch+1","Calculated Gamble","Bullet Time","Cloak And Dagger+1","Backflip+1","Infinite Blades+1","Distraction+1","After Image+1","Blade Dance+1","Discovery+1","Cloak And Dagger+1","Catalyst+1","Clumsy","Well Laid Plans+1"],"special_seed":0,"relics":["Ring of the Snake","Paper Crane","Question Card","Orichalcum","Happy Flower","Cursed Key","Ginger","Toxic Egg 2","Pen Nib","Mango","Busted Crown","Vajra","Bag of Marbles","Bottled Flame","Juzu Bracelet"],"potions_floor_usage":[41,45,50,50],"damage_taken":[{"damage":1.0,"enemies":"Small Slimes","floor":1.0,"turns":4.0},{"damage":2.0,"enemies":"Cultist","floor":3.0,"turns":4.0},{"damage":0.0,"enemies":"2 Louse","floor":5.0,"turns":1.0},{"damage":14.0,"enemies":"3 Sentries","floor":7.0,"turns":3.0},{"damage":9.0,"enemies":"Lagavulin","floor":11.0,"turns":5.0},{"damage":1.0,"enemies":"3 Sentries","floor":13.0,"turns":4.0},{"damage":3.0,"enemies":"Looter","floor":14.0,"turns":4.0},{"damage":1.0,"enemies":"Hexaghost","floor":16.0,"turns":9.0},{"damage":0.0,"enemies":"3 Byrds","floor":18.0,"turns":2.0},{"damage":2.0,"enemies":"Chosen","floor":19.0,"turns":3.0},{"damage":0.0,"enemies":"3 Cultists","floor":20.0,"turns":2.0},{"damage":6.0,"enemies":"Centurion and Healer","floor":22.0,"turns":3.0},{"damage":10.0,"enemies":"Book of Stabbing","floor":24.0,"turns":6.0},{"damage":1.0,"enemies":"Shelled Parasite and Fungi","floor":25.0,"turns":3.0},{"damage":13.0,"enemies":"Slavers","floor":28.0,"turns":3.0},{"damage":5.0,"enemies":"Snecko","floor":29.0,"turns":4.0},{"damage":6.0,"enemies":"Book of Stabbing","floor":30.0,"turns":5.0},{"damage":10.0,"enemies":"Centurion and Healer","floor":31.0,"turns":4.0},{"damage":36,"enemies":"Automaton","floor":33,"turns":10},{"damage":7,"enemies":"3 Darklings","floor":35,"turns":3},{"damage":0,"enemies":"Giant Head","floor":41,"turns":8},{"damage":9,"enemies":"Reptomancer","floor":45,"turns":5},{"damage":0,"enemies":"Orb Walker","floor":46,"turns":2},{"damage":0,"enemies":"Transient","floor":48,"turns":5},{"damage":9,"enemies":"Donu and Deca","floor":50,"turns":5}],"seed_played":"-1666307869559804571","potions_obtained":[{"floor":7.0,"key":"Block Potion"},{"floor":11.0,"key":"GamblersBrew"},{"floor":14.0,"key":"GamblersBrew"},{"floor":16.0,"key":"Weak Potion"},{"floor":19.0,"key":"GamblersBrew"},{"floor":22.0,"key":"Fire Potion"},{"floor":25.0,"key":"SkillPotion"},{"floor":28.0,"key":"FearPotion"},{"floor":30.0,"key":"Fire Potion"},{"floor":45,"key":"Strength Potion"}],"is_trial":false,"path_per_floor":["M","?","M","$","M","R","E","?","T","?","E","R","E","M","R","B",null,"M","M","M","?","M","R","E","M","T","R","E","M","E","M","R","B",null,"M","?","$","?","$","R","E","R","T","?","E","M","R","M","R","B",null],"character_chosen":"THE_SILENT","items_purchased":["Crippling Poison","Discovery+1","PowerPotion","Vajra","Cloak And Dagger+1"],"campfire_rested":3,"item_purchase_floors":[4,37,37,39,39],"current_hp_per_floor":[62,56,54,54,54,54,40,33,33,27,18,18,17,14,32,31,55,55,53,53,53,47,47,37,36,36,36,23,18,26,16,39,3,59,52,52,52,52,52,52,52,52,52,52,43,43,43,43,66,57],"gold":117,"neow_bonus":"THREE_RARE_CARDS","is_prod":false,"is_daily":false,"chose_seed":false,"campfire_upgraded":7,"win_rate":0,"timestamp":1550277568,"path_taken":["M","?","?","$","?","R","E","?","T","?","E","R","E","M","R","BOSS","M","M","?","?","M","R","E","M","T","R","E","M","E","M","R","BOSS","M","?","?","?","$","R","E","R","T","?","E","M","R","M","R","BOSS"],"build_version":"2019-01-23","purchased_purges":3,"victory":true,"max_hp_per_floor":[63,63,63,63,63,63,63,63,63,63,63,63,63,63,63,63,63,63,63,63,63,63,63,63,63,63,63,63,63,77,77,77,77,77,77,77,77,77,77,77,77,77,77,77,77,77,77,77,77,77],"card_choices":[{"not_picked":["Tools of the Trade","Bullet Time"],"picked":"Corpse Explosion","floor":0.0},{"not_picked":["Quick Slash","Deflect"],"picked":"Well Laid Plans","floor":1.0},{"not_picked":["Choke","Prepared"],"picked":"Poisoned Stab","floor":3.0},{"not_picked":["Outmaneuver","Eviscerate"],"picked":"Bane","floor":5.0},{"not_picked":["Dodge and Roll","Deflect"],"picked":"Bouncing Flask","floor":7.0},{"not_picked":["Slice","Acrobatics","Eviscerate","Blade Dance"],"picked":"SKIP","floor":11.0},{"not_picked":["Slice","Prepared","Dodge and Roll"],"picked":"Burst","floor":13.0},{"not_picked":["Endless Agony","Blur","Poisoned Stab"],"picked":"Deadly Poison","floor":14.0},{"not_picked":["Night Terror","A Thousand Cuts","Phantasmal Killer"],"picked":"Adrenaline","floor":16.0},{"not_picked":["Deadly Poison","Blade Dance","Reflex","Masterful Stab"],"picked":"SKIP","floor":18.0},{"not_picked":["Dagger Spray","Eviscerate","Dagger Throw"],"picked":"Cloak And Dagger","floor":19.0},{"not_picked":["Bane","Blade Dance","Deadly Poison"],"picked":"Outmaneuver+1","floor":20.0},{"not_picked":["Dodge and Roll","Terror","Deadly Poison"],"picked":"Bullet Time","floor":22.0},{"not_picked":["Caltrops","Prepared","Well Laid Plans","Phantasmal Killer"],"picked":"SKIP","floor":24.0},{"not_picked":["Concentrate","All Out Attack","Sucker Punch+1","Outmaneuver+1"],"picked":"SKIP","floor":25.0},{"not_picked":["Envenom","Setup+1","Dagger Throw"],"picked":"Cloak And Dagger+1","floor":28.0},{"not_picked":["Blade Dance+1","Bane","PiercingWail+1"],"picked":"Backflip+1","floor":29.0},{"not_picked":["Flying Knee","Flechettes","Underhanded Strike+1"],"picked":"Infinite Blades","floor":30.0},{"not_picked":["Bane+1","Riddle With Holes","Deadly Poison+1"],"picked":"Distraction+1","floor":31.0},{"not_picked":["Die Die Die","Phantasmal Killer+1","Venomology+1"],"picked":"After Image","floor":33},{"not_picked":["Distraction+1"],"picked":"Blade Dance+1","floor":35},{"not_picked":["Poisoned Stab"],"picked":"Catalyst+1","floor":41},{"not_picked":["Eviscerate","Predator+1"],"picked":"SKIP","floor":45},{"not_picked":["Slice+1","Bane+1"],"picked":"SKIP","floor":46},{"not_picked":["Slice+1","Bane+1"],"picked":"SKIP","floor":46},{"not_picked":["Choke"],"picked":"Well Laid Plans+1","floor":48}],"player_experience":556143,"relics_obtained":[{"floor":7.0,"key":"Paper Crane"},{"floor":9.0,"key":"Question Card"},{"floor":11.0,"key":"Orichalcum"},{"floor":13.0,"key":"Happy Flower"},{"floor":24.0,"key":"Ginger"},{"floor":26.0,"key":"Toxic Egg 2"},{"floor":28.0,"key":"Pen Nib"},{"floor":30.0,"key":"Mango"},{"floor":41,"key":"Bag of Marbles"},{"floor":43,"key":"Bottled Flame"},{"floor":45,"key":"Juzu Bracelet"}],"event_choices":[{"damage_healed":0.0,"max_hp_gain":0.0,"max_hp_loss":0.0,"gold_gain":75.0,"event_name":"FaceTrader","player_choice":"Touch","floor":2.0,"gold_loss":0.0,"damage_taken":6.0},{"cards_removed":["Strike_G"],"damage_healed":0.0,"max_hp_gain":0.0,"max_hp_loss":0.0,"gold_gain":0.0,"event_name":"Golden Wing","player_choice":"Card Removal","floor":8.0,"gold_loss":0.0,"damage_taken":7.0},{"damage_healed":0.0,"max_hp_gain":0.0,"max_hp_loss":0.0,"gold_gain":0.0,"event_name":"Wheel of Change","player_choice":"Damaged","floor":10.0,"gold_loss":0.0,"damage_taken":6.0},{"damage_healed":0.0,"max_hp_gain":0.0,"max_hp_loss":0.0,"gold_gain":0.0,"cards_transformed":["Strike_G","Strike_G"],"event_name":"Drug Dealer","player_choice":"Became Test Subject","floor":21.0,"gold_loss":0.0,"damage_taken":0.0,"cards_obtained":["Sucker Punch","Calculated Gamble"]},{"damage_healed":0,"gold_gain":0,"player_choice":"Forge","damage_taken":0,"max_hp_gain":0,"max_hp_loss":0,"event_name":"Accursed Blacksmith","floor":36,"gold_loss":0,"cards_upgraded":["After Image"]},{"cards_removed":["Crippling Poison"],"damage_healed":0,"gold_gain":0,"player_choice":"Removed Skill","damage_taken":0,"max_hp_gain":0,"max_hp_loss":0,"event_name":"Falling","floor":38,"gold_loss":0},{"damage_healed":0,"gold_gain":0,"player_choice":"Ignored","damage_taken":0,"max_hp_gain":0,"max_hp_loss":0,"event_name":"SecretPortal","floor":44,"gold_loss":0}],"is_beta":false,"boss_relics":[{"not_picked":["Empty Cage","Runic Pyramid"],"picked":"Cursed Key"},{"not_picked":["Runic Dome","HoveringKite"],"picked":"Busted Crown"}],"items_purged_floors":[4,37,39],"is_endless":false,"potions_floor_spawned":[7,11,14,16,19,22,25,28,30,45],"ascension_level":8}