{"gold_per_floor":[115,129,146,160,63,63,88,88,88,102,116,128,128,143,143,220,220,231,231,330,33,44,78,78,104,104,104],"floor_reached":27,"playtime":1501,"items_purged":["Strike_B","Strike_B"],"score":459,"play_id":"39f7795e-5f65-4d7e-bc75-ec295c6bfc8a","local_time":"20180812183243","is_ascension_mode":true,"campfire_choices":[{"data":"Zap","floor":6.0,"key":"SMITH"},{"data":"Dualcast","floor":8.0,"key":"SMITH"},{"data":"Steam Power","floor":13.0,"key":"SMITH"},{"data":"Go for the Eyes","floor":15.0,"key":"SMITH"},{"floor":24,"key":"REST"}],"neow_cost":"NONE","seed_source_timestamp":0,"circlet_count":0,"master_deck":["Strike_B","Strike_B","Defend_B","Defend_B","Defend_B","Defend_B","Zap+1","Dualcast+1","AscendersBane","All For One","Go for the Eyes+1","Ball Lightning","Ball Lightning","Core Surge","Ball Lightning","Steam Power+1","Auto Shields","Auto Shields","Steam+1","Echo Form","Stack+1","Apotheosis","Ball Lightning+1","Undo","Leap+1"],"special_seed":0,"relics":["Cracked Core","Pantograph","Bottled Lightning","Sozu","Symbiotic Virus","Juzu Bracelet","Thread and Needle"],"potions_floor_usage":[23,23],"damage_taken":[{"damage":1.0,"enemies":"Cultist","floor":1.0,"turns":3.0},{"damage":2.0,"enemies":"Small Slimes","floor":2.0,"turns":3.0},{"damage":0.0,"enemies":"Jaw Worm","floor":3.0,"turns":3.0},{"damage":1.0,"enemies":"2 Fungi Beasts","floor":4.0,"turns":3.0},{"damage":15.0,"enemies":"3 Sentries","floor":7.0,"turns":4.0},{"damage":3.0,"enemies":"Blue Slaver","floor":10.0,"turns":2.0},{"damage":6.0,"enemies":"3 Louse","floor":11.0,"turns":2.0},{"damage":3.0,"enemies":"Red Slaver","floor":12.0,"turns":2.0},{"damage":0.0,"enemies":"Looter","floor":14.0,"turns":2.0},{"damage":37.0,"enemies":"Hexaghost","floor":16.0,"turns":10.0},{"damage":22,"enemies":"Spheric Guardian","floor":18,"turns":4},{"damage":1,"enemies":"Chosen","floor":22,"turns":3},{"damage":28,"enemies":"Book of Stabbing","floor":23,"turns":5},{"damage":28,"enemies":"Slavers","floor":25,"turns":6},{"damage":38,"enemies":"Gremlin Leader","floor":27,"turns":4}],"seed_played":"9059688012519164030","potions_obtained":[{"floor":2.0,"key":"Fire Potion"},{"floor":7.0,"key":"Energy Potion"},{"floor":11.0,"key":"Regen Potion"},{"floor":14.0,"key":"Regen Potion"}],"is_trial":false,"path_per_floor":["M","M","M","M","$","R","E","R","T","M","M","M","R","M","R","B",null,"M","?","?","$","M","E","R","E","T"],"character_chosen":"DEFECT","items_purchased":["Ball Lightning","Apotheosis"],"campfire_rested":1,"item_purchase_floors":[5,21],"current_hp_per_floor":[63,61,61,60,60,60,45,45,45,42,36,33,33,33,33,21,59,37,37,37,37,36,42,63,35,35,0],"gold":104,"neow_bonus":"ONE_RANDOM_RARE_CARD","is_prod":false,"is_daily":false,"chose_seed":false,"campfire_upgraded":4,"win_rate":0,"timestamp":1534123963,"path_taken":["M","M","M","M","$","R","E","R","T","M","M","?","R","M","R","BOSS","M","?","?","$","M","E","R","E","T","E"],"build_version":"2018-08-09","purchased_purges":2,"victory":false,"max_hp_per_floor":[71,71,71,71,71,71,71,71,71,71,71,71,71,71,71,71,71,71,71,71,71,71,71,71,71,71,71],"card_choices":[{"not_picked":["Leap","Gash"],"picked":"Go for the Eyes","floor":1.0},{"not_picked":["Chaos","Consume"],"picked":"Ball Lightning","floor":2.0},{"not_picked":["Sweeping Beam","Turbo"],"picked":"Ball Lightning","floor":3.0},{"not_picked":["Ball Lightning","Compile Driver"],"picked":"Core Surge","floor":4.0},{"not_picked":["Capacitor","Heatsinks"],"picked":"Steam Power","floor":7.0},{"not_picked":["Melter","Turbo"],"picked":"Auto Shields","floor":10.0},{"not_picked":["Scrape","Aggregate","Compile Driver"],"picked":"SKIP","floor":11.0},{"not_picked":["Ball Lightning","Barrage"],"picked":"Auto Shields","floor":12.0},{"not_picked":["Turbo","Streamline"],"picked":"Steam","floor":14.0},{"not_picked":["All For One","Biased Cognition"],"picked":"Echo Form","floor":16.0},{"not_picked":["Reinforced Body+1","Hologram+1"],"picked":"Stack+1","floor":18},{"not_picked":["Storm+1","Redo"],"picked":"Ball Lightning+1","floor":22},{"not_picked":["Sweeping Beam","Barrage"],"picked":"Undo","floor":23},{"not_picked":["Skim","Coolheaded"],"picked":"Leap+1","floor":25}],"player_experience":750941,"relics_obtained":[{"floor":7.0,"key":"Pantograph"},{"floor":9.0,"key":"Bottled Lightning"},{"floor":23,"key":"Symbiotic Virus"},{"floor":25,"key":"Juzu Bracelet"},{"floor":26,"key":"Thread and Needle"}],"event_choices":[{"event_name":"Upgrade Shrine","player_choice":"Upgraded","floor":19,"damage_taken":0},{"event_name":"Nest","player_choice":"Stole From Cult","floor":20,"damage_taken":0}],"is_beta":false,"boss_relics":[{"not_picked":["Pandora\u0027s Box","FrozenCore"],"picked":"Sozu"}],"items_purged_floors":[5,21],"is_endless":false,"potions_floor_spawned":[2,7,11,14,16,22,23],"killed_by":"Gremlin Leader","ascension_level":14}