{"gold_per_floor":[114,130,130,144,160,160,173,173,226,376,401,413,413,9,9,83,83,102,17,27,37,53,53,53,66,120,138,67,67,67,95,95,169,169,184,32,32,45,45,45,45],"floor_reached":41,"playtime":1691,"items_purged":["Doubt"],"score":740,"play_id":"b371ee90-82d5-423a-b5d1-291422cfcadf","local_time":"20190224142216","is_ascension_mode":true,"campfire_choices":[{"data":"Chill","floor":6.0,"key":"SMITH"},{"data":"Dualcast","floor":8.0,"key":"SMITH"},{"data":"Gash","floor":13.0,"key":"SMITH"},{"data":"Rainbow","floor":15.0,"key":"SMITH"},{"floor":23.0,"key":"REST"},{"data":"Lockon","floor":30.0,"key":"SMITH"},{"floor":32.0,"key":"REST"},{"data":"Electrodynamics","floor":40,"key":"SMITH"}],"neow_cost":"TEN_PERCENT_HP_LOSS","seed_source_timestamp":488146738297565,"circlet_count":0,"master_deck":["AscendersBane","Zap+1","Dualcast+1","Melter","Rebound","Chill+1","BootSequence","Gash+1","Rainbow+1","Self Repair","Lockon+1","Echo Form","Auto Shields","Melter","Rebound","Core Surge","Undo","Amplify","Electrodynamics+1","Hologram+1","Static Discharge+1","Storm+1","Coolheaded","Leap","Turbo+1","Static Discharge+1","Self Repair+1","Biased Cognition+1","Madness","Madness"],"special_seed":0,"relics":["Cracked Core","Turnip","Happy Flower","Odd Mushroom","Pandora\u0027s Box","Frozen Egg 2","Lantern","Blue Candle","Snecko Eye","DataDisk"],"potions_floor_usage":[33,33,41],"damage_taken":[{"damage":1.0,"enemies":"Cultist","floor":1.0,"turns":4.0},{"damage":0.0,"enemies":"2 Louse","floor":2.0,"turns":1.0},{"damage":0.0,"enemies":"Small Slimes","floor":4.0,"turns":3.0},{"damage":9.0,"enemies":"Red Slaver","floor":5.0,"turns":2.0},{"damage":0.0,"enemies":"Lots of Slimes","floor":7.0,"turns":5.0},{"damage":4.0,"enemies":"The Mushroom Lair","floor":11.0,"turns":5.0},{"damage":0.0,"enemies":"3 Louse","floor":12.0,"turns":2.0},{"damage":29.0,"enemies":"Slime Boss","floor":16.0,"turns":5.0},{"damage":8.0,"enemies":"Chosen","floor":18.0,"turns":4.0},{"damage":0.0,"enemies":"Spheric Guardian","floor":20.0,"turns":1.0},{"damage":16.0,"enemies":"3 Cultists","floor":21.0,"turns":4.0},{"damage":32.0,"enemies":"Snecko","floor":22.0,"turns":4.0},{"damage":16.0,"enemies":"Centurion and Healer","floor":25.0,"turns":6.0},{"damage":11.0,"enemies":"Snake Plant","floor":27.0,"turns":4.0},{"damage":0.0,"enemies":"Slavers","floor":29.0,"turns":1.0},{"damage":17.0,"enemies":"Book of Stabbing","floor":31.0,"turns":4.0},{"damage":24,"enemies":"Champ","floor":33,"turns":11},{"damage":0,"enemies":"3 Shapes","floor":35,"turns":4},{"damage":25,"enemies":"Orb Walker","floor":38,"turns":3},{"damage":44,"enemies":"Reptomancer","floor":41,"turns":3}],"seed_played":"-6447109376804358099","potions_obtained":[{"floor":1.0,"key":"Dexterity Potion"},{"floor":7.0,"key":"PowerPotion"},{"floor":16.0,"key":"LiquidBronze"},{"floor":25.0,"key":"EntropicBrew"},{"floor":31.0,"key":"SkillPotion"},{"floor":38,"key":"Energy Potion"}],"is_trial":false,"path_per_floor":["M","M","?","M","M","R","M","R","T","?","?","M","R","$","R","B",null,"M","?","M","M","M","R","?","M","T","M","$","E","R","E","R","B",null,"M","$","?","M","?","R","E"],"character_chosen":"DEFECT","items_purchased":["Rainbow","Self Repair","Lockon","Cold Snap","Static Discharge+1","DataDisk"],"campfire_rested":2,"item_purchase_floors":[14,14,14,14,28,36],"current_hp_per_floor":[63,63,63,63,54,54,54,54,54,54,50,50,50,50,50,28,55,61,61,61,52,20,39,39,30,30,26,26,26,26,9,28,14,52,64,64,52,44,44,44,0],"gold":45,"neow_bonus":"ONE_RARE_RELIC","is_prod":false,"is_daily":false,"chose_seed":false,"campfire_upgraded":6,"win_rate":0,"timestamp":1551014536,"path_taken":["M","M","?","M","M","R","M","R","T","?","?","M","R","$","R","BOSS","M","?","M","M","M","R","?","M","T","?","$","E","R","E","R","BOSS","M","?","?","M","?","R","E"],"build_version":"2019-01-23","purchased_purges":1,"victory":false,"max_hp_per_floor":[64,64,64,64,64,64,64,64,64,64,64,64,64,64,64,64,64,64,64,64,64,64,64,64,64,64,64,64,64,64,64,64,64,64,64,64,64,64,64,64,64],"card_choices":[{"not_picked":["Undo","Barrage"],"picked":"Melter","floor":1.0},{"not_picked":["Compile Driver","Skim"],"picked":"Rebound","floor":2.0},{"not_picked":["FTL","Steam"],"picked":"Chill","floor":4.0},{"not_picked":["Stack","Turbo","Lockon"],"picked":"SKIP","floor":5.0},{"not_picked":["Scrape","Rebound","Barrage"],"picked":"SKIP","floor":7.0},{"not_picked":["Steam","Leap"],"picked":"BootSequence","floor":11.0},{"not_picked":["Sweeping Beam","Compile Driver"],"picked":"Gash","floor":12.0},{"not_picked":["Fission","Creative AI"],"picked":"Echo Form","floor":16.0},{"not_picked":["Heatsinks+1","Go for the Eyes"],"picked":"Hologram+1","floor":18.0},{"not_picked":["Self Repair+1","Streamline"],"picked":"Static Discharge+1","floor":20.0},{"not_picked":["Ball Lightning","Steam"],"picked":"Storm+1","floor":21.0},{"not_picked":["Electrodynamics+1","White Noise"],"picked":"Coolheaded","floor":22.0},{"not_picked":["Scrape","Undo"],"picked":"Leap","floor":25.0},{"not_picked":["Beam Cell","Darkness"],"picked":"Turbo+1","floor":27.0},{"not_picked":["Aggregate","Beam Cell"],"picked":"Self Repair+1","floor":31.0},{"not_picked":["Electrodynamics+1","Thunder Strike"],"picked":"Biased Cognition+1","floor":33},{"not_picked":["Hologram","Leap","Steam"],"picked":"SKIP","floor":35},{"not_picked":["White Noise","Cold Snap","Barrage"],"picked":"SKIP","floor":38}],"player_experience":407649,"relics_obtained":[{"floor":9.0,"key":"Happy Flower"},{"floor":11.0,"key":"Odd Mushroom"},{"floor":26.0,"key":"Lantern"},{"floor":31.0,"key":"Blue Candle"}],"event_choices":[{"damage_healed":0.0,"max_hp_gain":0.0,"max_hp_loss":0.0,"gold_gain":0.0,"event_name":"Upgrade Shrine","player_choice":"Upgraded","floor":3.0,"gold_loss":0.0,"damage_taken":0.0,"cards_upgraded":["Zap"]},{"damage_healed":0.0,"max_hp_gain":0.0,"max_hp_loss":0.0,"gold_gain":150.0,"event_name":"Liars Game","player_choice":"AGREE","floor":10.0,"gold_loss":0.0,"damage_taken":0.0,"cards_obtained":["Doubt"]},{"damage_healed":0.0,"max_hp_gain":0.0,"max_hp_loss":0.0,"gold_gain":0.0,"event_name":"Mushrooms","player_choice":"Fought Mushrooms","floor":11.0,"gold_loss":0.0,"damage_taken":0.0},{"damage_healed":0.0,"max_hp_gain":0.0,"max_hp_loss":0.0,"gold_gain":0.0,"event_name":"Addict","player_choice":"Obtained Relic","floor":19.0,"gold_loss":85.0,"damage_taken":0.0,"relics_obtained":["Frozen Egg 2"]},{"cards_removed":["Meteor Strike"],"damage_healed":0.0,"max_hp_gain":0.0,"max_hp_loss":0.0,"gold_gain":0.0,"event_name":"Purifier","player_choice":"Purged","floor":24.0,"gold_loss":0.0,"damage_taken":0.0},{"damage_healed":0,"gold_gain":0,"player_choice":"Embrace Madness","damage_taken":12,"max_hp_gain":0,"max_hp_loss":0,"event_name":"Winding Halls","floor":37,"gold_loss":0,"cards_obtained":["Madness","Madness"]},{"cards_removed":["Cold Snap"],"damage_healed":0,"gold_gain":0,"player_choice":"Removed Attack","damage_taken":0,"max_hp_gain":0,"max_hp_loss":0,"event_name":"Falling","floor":39,"gold_loss":0}],"is_beta":false,"boss_relics":[{"not_picked":["Eternal Feather","White Beast Statue"],"picked":"Pandora\u0027s Box"},{"not_picked":["FrozenCore","Lizard Tail"],"picked":"Snecko Eye"}],"items_purged_floors":[14],"is_endless":false,"potions_floor_spawned":[1,7,16,20,22,25,31,38],"killed_by":"Reptomancer","ascension_level":15}