{"gold_per_floor":[112,130,145,161,161,161,195,195,195,195,270,289,329,329,329,329],"floor_reached":16,"playtime":961,"items_purged":[],"score":193,"play_id":"5d0929e4-5b65-49a6-b694-46c387f95eb7","local_time":"20180818190936","is_ascension_mode":true,"campfire_choices":[{"data":"Clothesline","floor":6,"key":"SMITH"},{"data":"Bash","floor":8,"key":"SMITH"},{"data":"Iron Wave","floor":10,"key":"SMITH"},{"data":"Wild Strike","floor":15,"key":"SMITH"}],"neow_cost":"","seed_source_timestamp":2916384898522,"circlet_count":0,"master_deck":["Strike_R","Strike_R","Strike_R","Strike_R","Strike_R","Defend_R","Defend_R","Defend_R","Defend_R","Bash+1","AscendersBane","Clothesline+1","Wild Strike+1","Shrug It Off","Iron Wave+1","Disarm","Regret"],"relics":["Burning Blood","Golden Idol","Ice Cream","Pantograph","Frozen Egg 2","Question Card"],"potions_floor_usage":[7,16],"damage_taken":[{"damage":5,"enemies":"Small Slimes","floor":1,"turns":5},{"damage":0,"enemies":"2 Louse","floor":2,"turns":4},{"damage":7,"enemies":"Jaw Worm","floor":3,"turns":3},{"damage":5,"enemies":"Blue Slaver","floor":4,"turns":5},{"damage":16,"enemies":"Gremlin Nob","floor":7,"turns":5},{"damage":2,"enemies":"2 Fungi Beasts","floor":12,"turns":4},{"damage":15,"enemies":"Lagavulin","floor":13,"turns":5},{"damage":59,"enemies":"Slime Boss","floor":16,"turns":9}],"seed_played":"-3255666147694130096","potions_obtained":[{"floor":1,"key":"LiquidBronze"},{"floor":4,"key":"Ancient Potion"}],"is_trial":false,"path_per_floor":["M","M","M","M","?","R","E","R","T","R","?","M","E","?","R"],"character_chosen":"IRONCLAD","items_purchased":[],"campfire_rested":0,"item_purchase_floors":[],"current_hp_per_floor":[69,75,74,75,49,49,39,39,39,39,28,32,23,23,23,0],"gold":329,"neow_bonus":"","is_prod":false,"is_daily":false,"chose_seed":false,"campfire_upgraded":4,"win_rate":0,"timestamp":1534644576,"path_taken":["M","M","M","M","?","R","E","R","T","R","?","M","E","?","R","BOSS"],"build_version":"2018-08-16","purchased_purges":0,"victory":false,"max_hp_per_floor":[75,75,75,75,75,75,75,75,75,75,75,75,75,75,75,75],"card_choices":[{"not_picked":["Entrench","Havoc"],"picked":"Clothesline","floor":1},{"not_picked":["Body Slam","Warcry"],"picked":"Wild Strike","floor":2},{"not_picked":["Flex","Sentinel"],"picked":"Shrug It Off","floor":3},{"not_picked":["Dual Wield","Body Slam","Burning Pact"],"picked":"SKIP","floor":4},{"not_picked":["Wild Strike","Havoc"],"picked":"Iron Wave","floor":7},{"not_picked":["Dual Wield","Shockwave","Spot Weakness"],"picked":"SKIP","floor":12},{"not_picked":["Reckless Charge","Pommel Strike"],"picked":"Disarm","floor":13}],"player_experience":773750,"relics_obtained":[{"floor":7,"key":"Ice Cream"},{"floor":9,"key":"Pantograph"},{"floor":13,"key":"Frozen Egg 2"}],"event_choices":[{"event_name":"Golden Idol","player_choice":"Take Damage","floor":5,"damage_taken":0},{"event_name":"World of Goop","player_choice":"Gather Gold","floor":11,"damage_taken":0},{"event_name":"Big Fish","player_choice":"Box","floor":14,"damage_taken":0}],"is_beta":false,"boss_relics":[],"items_purged_floors":[],"is_endless":false,"potions_floor_spawned":[1,4],"killed_by":"Slime Boss","ascension_level":15}