{"path_per_floor":["M","?","M","?","M","E","R","M","T","R","$","M","?","E","R","B",null,"M","?","$","M","?"],"character_chosen":"DEFECT","items_purchased":["Chill","Flash of Steel","Anchor"],"gold_per_floor":[112,187,197,197,215,254,254,279,279,279,135,151,151,219,219,349,349,362,362,8,33,33,33],"floor_reached":23,"campfire_rested":1,"playtime":1498,"item_purchase_floors":[11,20,20],"current_hp_per_floor":[74,63,59,59,59,49,49,26,26,26,26,26,14,7,27,48,69,61,61,61,45,45,0],"items_purged":["Strike_B","Defend_B"],"gold":33,"score":229,"play_id":"12493c07-b1e9-41d7-812b-1785bf1a58f9","local_time":"20180609105838","is_prod":false,"is_daily":false,"chose_seed":false,"is_ascension_mode":true,"campfire_upgraded":2,"win_rate":0,"timestamp":1528559918,"campfire_choices":[{"data":"Zap","floor":7,"key":"SMITH"},{"data":"Dualcast","floor":10,"key":"SMITH"},{"floor":15,"key":"REST"}],"path_taken":["M","?","?","?","M","E","R","M","T","R","$","M","?","E","R","BOSS","M","?","$","M","?","E"],"build_version":"2018-06-07v3","seed_source_timestamp":747759977005,"purchased_purges":2,"victory":false,"master_deck":["Strike_B","Strike_B","Defend_B","Defend_B","Defend_B","Zap+1","Dualcast+1","Recycle","Doom and Gloom","Coolheaded+1","Lockon","Barrage","Electrodynamics","Chill+1","Tempest","Core Surge","Streamline","Conserve Battery","Flash of Steel","Capacitor"],"max_hp_per_floor":[75,75,75,69,69,69,69,69,69,69,69,69,69,69,69,69,69,69,69,69,69,69,69],"relics":["Cracked Core","Golden Idol","Juzu Bracelet","Darkstone Periapt","Pantograph","Tiny Chest","Sozu","Anchor","War Paint"],"card_choices":[{"not_picked":["Sweeping Beam","Go for the Eyes"],"picked":"Doom and Gloom","floor":1},{"not_picked":["Auto Shields","Leap"],"picked":"Coolheaded","floor":3},{"not_picked":["Reprogram","Go for the Eyes"],"picked":"Lockon","floor":5},{"not_picked":["Turbo","Stack"],"picked":"Barrage","floor":6},{"not_picked":["Stack","Coolheaded"],"picked":"Electrodynamics","floor":8},{"not_picked":["Barrage","Chaos"],"picked":"Tempest","floor":12},{"not_picked":["Cold Snap","Stack","Aggregate"],"picked":"SKIP","floor":14},{"not_picked":["Buffer","Multi-Cast"],"picked":"Core Surge","floor":16},{"not_picked":["Storm","Gash"],"picked":"Streamline","floor":18},{"not_picked":["Ball Lightning","Coolheaded"],"picked":"Capacitor","floor":21}],"player_experience":200738,"potions_floor_usage":[6,6,14],"damage_taken":[{"damage":1,"enemies":"Small Slimes","floor":1,"turns":4},{"damage":4,"enemies":"Jaw Worm","floor":3,"turns":3},{"damage":0,"enemies":"Cultist","floor":5,"turns":2},{"damage":10,"enemies":"Lagavulin","floor":6,"turns":5},{"damage":23,"enemies":"Large Slime","floor":8,"turns":5},{"damage":0,"enemies":"3 Louse","floor":12,"turns":1},{"damage":7,"enemies":"3 Sentries","floor":14,"turns":4},{"damage":4,"enemies":"Slime Boss","floor":16,"turns":6},{"damage":8,"enemies":"3 Byrds","floor":18,"turns":2},{"damage":16,"enemies":"2 Thieves","floor":21,"turns":3},{"damage":51,"enemies":"Gremlin Leader","floor":23,"turns":6}],"relics_obtained":[{"floor":6,"key":"Juzu Bracelet"},{"floor":9,"key":"Darkstone Periapt"},{"floor":14,"key":"Tiny Chest"}],"event_choices":[{"event_name":"World of Goop","player_choice":"Gather Gold","floor":2,"damage_taken":0},{"event_name":"Golden Idol","player_choice":"Lose Max HP","floor":4,"damage_taken":0},{"event_name":"Scrap Ooze","player_choice":"success","floor":13,"damage_taken":12},{"event_name":"The Library","player_choice":"Read","floor":19,"damage_taken":0},{"event_name":"The Mausoleum","player_choice":"Yes","floor":22,"damage_taken":0}],"boss_relics":[{"not_picked":["Astrolabe","Black Star"],"picked":"Sozu"}],"items_purged_floors":[11,20],"potions_floor_spawned":[1,5,8,12,18],"seed_played":"7618705318073525690","killed_by":"Gremlin Leader","ascension_level":3,"potions_obtained":[{"floor":1,"key":"PowerPotion"},{"floor":5,"key":"EssenceOfSteel"},{"floor":8,"key":"AttackPotion"},{"floor":12,"key":"Strength Potion"}],"is_trial":false}