{"gold_per_floor":[119,0,18,93,106,106,125,125,125,125,155,155,30,40,40,118,118,137,149,4,4,22,22,50,50,50,50,67,18,32,47,47,119,119,130,148,163,178,32,32,132,132,132,132,166,217,247,247,247,247],"floor_reached":51,"playtime":2974,"items_purged":["Pain"],"score":1406,"play_id":"fe31bb95-5d37-411f-889b-825d39e3d2c0","local_time":"20190224113810","is_ascension_mode":true,"campfire_choices":[{"data":"Neutralize","floor":6.0,"key":"SMITH"},{"floor":8.0,"key":"REST"},{"data":"Accuracy","floor":12.0,"key":"SMITH"},{"floor":15.0,"key":"REST"},{"data":"Wraith Form v2","floor":23.0,"key":"SMITH"},{"data":"Infinite Blades","floor":25.0,"key":"SMITH"},{"floor":27.0,"key":"REST"},{"floor":32.0,"key":"REST"},{"data":"Finisher","floor":40.0,"key":"SMITH"},{"floor":42.0,"key":"REST"},{"data":"PiercingWail","floor":49.0,"key":"SMITH"}],"neow_cost":"PERCENT_DAMAGE","seed_source_timestamp":0,"circlet_count":0,"master_deck":["AscendersBane","Defend_G","Defend_G","Defend_G","Defend_G","Strike_G","Strike_G","Strike_G","Strike_G","Survivor","Neutralize+1","PiercingWail+1","Infinite Blades+1","Accuracy+1","Dagger Spray","Dagger Throw","Blur+1","Blade Dance+1","Bullet Time+1","Wraith Form v2+1","Cloak And Dagger+1","Corpse Explosion+1","Impatience+1","Leg Sweep+1","Cloak And Dagger+1","Slice","Well Laid Plans+1","Burst+1","PiercingWail+1","Blade Dance+1","Finisher+1","Terror+1","Parasite","Caltrops+1","Calculated Gamble+1","After Image+1"],"special_seed":0,"relics":["Ring of the Snake","Toxic Egg 2","WarpedTongs","Blue Candle","WristBlade","Pen Nib","Frozen Egg 2","Cursed Key","Incense Burner","Pantograph","Question Card","Bird Faced Urn","Darkstone Periapt"],"potions_floor_usage":[],"damage_taken":[{"damage":3.0,"enemies":"2 Louse","floor":1.0,"turns":4.0},{"damage":0.0,"enemies":"Cultist","floor":3.0,"turns":5.0},{"damage":6.0,"enemies":"Jaw Worm","floor":5.0,"turns":6.0},{"damage":6.0,"enemies":"Looter","floor":7.0,"turns":5.0},{"damage":27.0,"enemies":"Lagavulin","floor":11.0,"turns":6.0},{"damage":0.0,"enemies":"3 Louse","floor":14.0,"turns":1.0},{"damage":0.0,"enemies":"Hexaghost","floor":16.0,"turns":11.0},{"damage":3.0,"enemies":"2 Thieves","floor":18.0,"turns":4.0},{"damage":0.0,"enemies":"3 Byrds","floor":19.0,"turns":5.0},{"damage":0.0,"enemies":"Centurion and Healer","floor":22.0,"turns":5.0},{"damage":21.0,"enemies":"Gremlin Leader","floor":24.0,"turns":7.0},{"damage":0.0,"enemies":"Shelled Parasite and Fungi","floor":28.0,"turns":3.0},{"damage":3.0,"enemies":"Snake Plant","floor":30.0,"turns":6.0},{"damage":0.0,"enemies":"Centurion and Healer","floor":31.0,"turns":5.0},{"damage":50.0,"enemies":"Collector","floor":33.0,"turns":10.0},{"damage":20.0,"enemies":"3 Darklings","floor":35.0,"turns":3.0},{"damage":1.0,"enemies":"Orb Walker","floor":36.0,"turns":4.0},{"damage":5.0,"enemies":"4 Shapes","floor":37.0,"turns":3.0},{"damage":3.0,"enemies":"Jaw Worm Horde","floor":38.0,"turns":4.0},{"damage":8.0,"enemies":"Mind Bloom Boss Battle","floor":41.0,"turns":6.0},{"damage":0.0,"enemies":"Reptomancer","floor":45.0,"turns":3.0},{"damage":3.0,"enemies":"2 Orb Walkers","floor":46.0,"turns":3.0},{"damage":0.0,"enemies":"Giant Head","floor":47.0,"turns":7.0},{"damage":68,"enemies":"Time Eater","floor":50,"turns":12}],"seed_played":"1527403028750249725","potions_obtained":[{"floor":5.0,"key":"Poison Potion"},{"floor":14.0,"key":"Regen Potion"},{"floor":19.0,"key":"Explosive Potion"},{"floor":30.0,"key":"Fire Potion"},{"floor":33.0,"key":"GamblersBrew"},{"floor":35.0,"key":"Block Potion"},{"floor":36.0,"key":"SteroidPotion"},{"floor":37.0,"key":"PowerPotion"}],"is_trial":false,"path_per_floor":["M","$","M","?","M","R","M","R","T","?","E","R","$","M","R","B",null,"M","M","$","?","M","R","E","R","T","R","M","$","M","M","R","B",null,"M","M","M","M","$","R","?","R","T","?","E","?","E","?","R","B",null],"character_chosen":"THE_SILENT","items_purchased":["Infinite Blades","Explosive Potion","Blade Dance+1","Corpse Explosion+1","Slice","Finisher","Terror+1"],"campfire_rested":5,"item_purchase_floors":[2,2,13,20,29,39,39],"current_hp_per_floor":[41,41,41,30,24,24,18,37,37,37,10,10,10,10,29,29,57,54,54,54,42,42,42,21,21,21,40,40,40,37,37,56,21,55,35,34,29,26,26,26,18,37,37,37,37,34,42,42,42,6],"gold":247,"neow_bonus":"REMOVE_TWO","is_prod":false,"is_daily":false,"chose_seed":false,"campfire_upgraded":6,"win_rate":0,"timestamp":1551004690,"path_taken":["M","$","M","?","M","R","M","R","T","?","E","R","$","?","R","BOSS","M","M","$","?","M","R","E","R","T","R","M","?","M","M","R","BOSS","M","?","M","M","$","R","?","R","T","?","E","?","E","?","R","BOSS"],"build_version":"2019-01-23","purchased_purges":1,"victory":true,"max_hp_per_floor":[66,66,66,66,66,66,66,66,66,66,66,66,66,66,66,66,66,66,66,66,66,66,66,66,66,66,66,66,66,66,66,66,66,66,66,66,66,66,66,66,66,66,66,66,66,66,66,66,66,66],"card_choices":[{"not_picked":["Flying Knee","Dash"],"picked":"PiercingWail","floor":1.0},{"not_picked":["Choke","Sucker Punch"],"picked":"Accuracy","floor":3.0},{"not_picked":["Underhanded Strike","Slice"],"picked":"Dagger Spray","floor":5.0},{"not_picked":["Bane","PiercingWail"],"picked":"Dagger Throw","floor":7.0},{"not_picked":["Prepared+1","Bane"],"picked":"Blur+1","floor":11.0},{"not_picked":["Caltrops","Poisoned Stab"],"picked":"Bullet Time+1","floor":14.0},{"not_picked":["Adrenaline+1","Storm of Steel+1"],"picked":"Wraith Form v2","floor":16.0},{"not_picked":["Deflect+1","Reflex+1"],"picked":"Sucker Punch+1","floor":18.0},{"not_picked":["Dagger Spray","Dodge and Roll+1"],"picked":"Cloak And Dagger+1","floor":19.0},{"not_picked":["Prepared+1","PiercingWail+1"],"picked":"Leg Sweep+1","floor":22.0},{"not_picked":["Distraction+1","Masterful Stab","Flying Knee"],"picked":"SKIP","floor":24.0},{"not_picked":["Leg Sweep+1","Choke"],"picked":"Cloak And Dagger+1","floor":28.0},{"not_picked":["Reflex+1","Poisoned Stab","Dagger Throw"],"picked":"SKIP","floor":30.0},{"not_picked":["Flying Knee","Phantasmal Killer+1"],"picked":"Well Laid Plans+1","floor":31.0},{"not_picked":["Malaise+1","Phantasmal Killer+1"],"picked":"Burst+1","floor":33.0},{"not_picked":["Blur+1","Dagger Spray"],"picked":"PiercingWail+1","floor":35.0},{"not_picked":["Sucker Punch","Riddle With Holes"],"picked":"Blade Dance+1","floor":36.0},{"not_picked":["Venomology+1","Bouncing Flask+1","Leg Sweep+1"],"picked":"SKIP","floor":37.0},{"not_picked":["Quick Slash","Outmaneuver+1","Poisoned Stab+1"],"picked":"SKIP","floor":38.0},{"not_picked":["Riddle With Holes","Poisoned Stab","Well Laid Plans+1"],"picked":"SKIP","floor":45.0},{"not_picked":["Expertise+1","Grand Finale","Flying Knee"],"picked":"Caltrops+1","floor":47.0}],"player_experience":401951,"relics_obtained":[{"floor":9.0,"key":"Toxic Egg 2"},{"floor":11.0,"key":"Blue Candle"},{"floor":24.0,"key":"Pen Nib"},{"floor":26.0,"key":"Frozen Egg 2"},{"floor":41.0,"key":"Incense Burner"},{"floor":43.0,"key":"Pantograph"},{"floor":45.0,"key":"Question Card"},{"floor":46.0,"key":"Bird Faced Urn"},{"floor":47.0,"key":"Darkstone Periapt"}],"event_choices":[{"damage_healed":0.0,"max_hp_gain":0.0,"max_hp_loss":0.0,"gold_gain":75.0,"event_name":"World of Goop","player_choice":"Gather Gold","floor":4.0,"gold_loss":0.0,"damage_taken":11.0},{"damage_healed":0.0,"max_hp_gain":0.0,"max_hp_loss":0.0,"gold_gain":0.0,"event_name":"Accursed Blacksmith","player_choice":"Rummage","floor":10.0,"gold_loss":0.0,"damage_taken":0.0,"relics_obtained":["WarpedTongs"],"cards_obtained":["Pain"]},{"damage_healed":0.0,"max_hp_gain":0.0,"max_hp_loss":0.0,"gold_gain":0.0,"event_name":"Knowing Skull","player_choice":"CARD ","floor":21.0,"potions_obtained":[],"gold_loss":0.0,"damage_taken":12.0,"cards_obtained":["Impatience"]},{"damage_healed":0.0,"max_hp_gain":0.0,"max_hp_loss":0.0,"gold_gain":0.0,"event_name":"Knowing Skull","player_choice":"CARD ","floor":21.0,"potions_obtained":[],"gold_loss":0.0,"damage_taken":12.0,"cards_obtained":["Impatience"]},{"damage_healed":0.0,"max_hp_gain":0.0,"max_hp_loss":0.0,"gold_gain":0.0,"event_name":"MindBloom","player_choice":"Fight","floor":41.0,"gold_loss":0.0,"damage_taken":0.0},{"cards_removed":["Sucker Punch"],"damage_healed":0.0,"max_hp_gain":0.0,"max_hp_loss":0.0,"gold_gain":0.0,"event_name":"Falling","player_choice":"Removed Attack","floor":44.0,"gold_loss":0.0,"damage_taken":0.0},{"damage_healed":0.0,"max_hp_gain":0.0,"max_hp_loss":0.0,"gold_gain":0.0,"event_name":"Mysterious Sphere","player_choice":"Fight","floor":46.0,"gold_loss":0.0,"damage_taken":0.0},{"damage_healed":0.0,"max_hp_gain":0.0,"max_hp_loss":0.0,"gold_gain":0.0,"event_name":"Match and Keep!","player_choice":"2 cards matched","floor":48.0,"gold_loss":0.0,"damage_taken":0.0,"cards_obtained":["Calculated Gamble","After Image"]}],"is_beta":false,"boss_relics":[{"not_picked":["Eternal Feather","Coffee Dripper"],"picked":"WristBlade"},{"not_picked":["HoveringKite","White Beast Statue"],"picked":"Cursed Key"}],"items_purged_floors":[13],"is_endless":false,"potions_floor_spawned":[5,14,19,30,31,33,35,36,37],"ascension_level":15}