{"gold_per_floor":[111,186,186,201,73,73,87,87,87,101,1,16,16,35,35,136,136,153,164,164,86,96,96,0,0,0,11,30,44,44,44,44,44],"floor_reached":33,"playtime":1969,"items_purged":["Strike_B","Strike_B"],"score":239,"play_id":"4f8e5249-5b83-4c3c-80e9-da0dc1e4a975","local_time":"20180828170257","is_ascension_mode":false,"campfire_choices":[{"data":"Zap","floor":6,"key":"SMITH"},{"data":"Hologram","floor":8,"key":"SMITH"},{"data":"Dualcast","floor":15,"key":"SMITH"},{"data":"Defragment","floor":23,"key":"SMITH"},{"data":"Defragment","floor":25,"key":"SMITH"},{"floor":32,"key":"REST"}],"neow_cost":"","seed_source_timestamp":78271985377429,"circlet_count":0,"master_deck":["Defend_B","Defend_B","Defend_B","Defend_B","Zap+1","Dualcast+1","Ball Lightning","Defragment+1","Hologram+1","Streamline","Cold Snap","Conserve Battery","Buffer","Leap","Core Surge","Defragment+1","Cold Snap+1","Ball Lightning","Conserve Battery","Decay"],"relics":["Cracked Core"],"potions_floor_usage":[16,19,22,28,33],"damage_taken":[{"damage":0,"enemies":"Small Slimes","floor":1,"turns":3},{"damage":0,"enemies":"2 Louse","floor":4,"turns":2},{"damage":1,"enemies":"Jaw Worm","floor":7,"turns":3},{"damage":5,"enemies":"Looter","floor":10,"turns":2},{"damage":1,"enemies":"Large Slime","floor":12,"turns":4},{"damage":13,"enemies":"Lots of Slimes","floor":14,"turns":4},{"damage":13,"enemies":"Hexaghost","floor":16,"turns":10},{"damage":10,"enemies":"Spheric Guardian","floor":18,"turns":4},{"damage":0,"enemies":"3 Byrds","floor":19,"turns":3},{"damage":34,"enemies":"3 Cultists","floor":22,"turns":6},{"damage":2,"enemies":"Snecko","floor":27,"turns":4},{"damage":6,"enemies":"Cultist and Chosen","floor":28,"turns":6},{"damage":1,"enemies":"Centurion and Healer","floor":29,"turns":6},{"damage":63,"enemies":"Collector","floor":33,"turns":9}],"seed_played":"-8979680644658230853","potions_obtained":[{"floor":1,"key":"Swift Potion"},{"floor":7,"key":"LiquidBronze"},{"floor":10,"key":"Dexterity Potion"},{"floor":22,"key":"PowerPotion"},{"floor":27,"key":"Regen Potion"}],"is_trial":false,"path_per_floor":["M","?","?","M","$","R","M","R","T","M","$","M","?","M","R","B",null,"M","M","?","$","M","R","?","R","T","M","M","M","?","?","R"],"character_chosen":"DEFECT","items_purchased":["Hologram","Defragment"],"campfire_rested":1,"item_purchase_floors":[5,21],"current_hp_per_floor":[75,64,57,57,57,57,56,56,56,51,51,50,50,37,37,24,75,65,65,65,65,31,31,31,31,31,29,38,37,37,37,59,0],"gold":44,"neow_bonus":"","is_prod":false,"is_daily":false,"chose_seed":false,"campfire_upgraded":5,"win_rate":0,"timestamp":1535493777,"path_taken":["M","?","?","M","$","R","M","R","T","M","$","M","?","M","R","BOSS","M","M","?","$","M","R","?","R","T","?","M","M","?","?","R","BOSS"],"build_version":"2018-08-23v2","purchased_purges":2,"victory":false,"max_hp_per_floor":[75,75,75,75,75,75,75,75,75,75,75,75,75,75,75,75,75,75,75,75,75,75,75,75,75,75,75,75,75,75,75,75,75],"card_choices":[{"not_picked":["Static Discharge","Redo"],"picked":"Ball Lightning","floor":1},{"not_picked":["Go for the Eyes","Cold Snap"],"picked":"Defragment","floor":4},{"not_picked":["Coolheaded","Sweeping Beam"],"picked":"Streamline","floor":7},{"not_picked":["Steam","Redo"],"picked":"Cold Snap","floor":10},{"not_picked":["Barrage","Redo"],"picked":"Conserve Battery","floor":12},{"not_picked":["Sweeping Beam","Chaos","Force Field"],"picked":"SKIP","floor":14},{"not_picked":["Rainbow","Biased Cognition"],"picked":"Buffer","floor":16},{"not_picked":["Fusion","Steam"],"picked":"Leap","floor":18},{"not_picked":["Leap","Stack"],"picked":"Core Surge","floor":19},{"not_picked":["Steam","Redo"],"picked":"Cold Snap+1","floor":22},{"not_picked":["Sunder","Steam"],"picked":"Ball Lightning","floor":27},{"not_picked":["Chill","Turbo","Steam"],"picked":"SKIP","floor":28},{"not_picked":["Streamline","Barrage"],"picked":"Conserve Battery","floor":29}],"player_experience":376474,"relics_obtained":[],"event_choices":[{"event_name":"World of Goop","player_choice":"Gather Gold","floor":2,"damage_taken":0},{"event_name":"Golden Wing","player_choice":"Card Removal","floor":3,"damage_taken":0},{"event_name":"The Cleric","player_choice":"Leave","floor":13,"damage_taken":0},{"event_name":"Purifier","player_choice":"One Purge","floor":20,"damage_taken":0},{"event_name":"Masked Bandits","player_choice":"Paid Fearfully","floor":24,"damage_taken":0},{"event_name":"Wheel of Change","player_choice":"Curse","floor":30,"damage_taken":0},{"event_name":"Cursed Tome","player_choice":"Ignored","floor":31,"damage_taken":0}],"is_beta":false,"boss_relics":[{"not_picked":["Pandora\u0027s Box","Busted Crown","Sozu"]}],"items_purged_floors":[5,11],"is_endless":false,"potions_floor_spawned":[1,7,10,22,27],"killed_by":"Collector","ascension_level":0}