{"gold_per_floor":[114,114,114,39,39,67,67,45,96,151,168,168,343,39,39,39],"floor_reached":16,"playtime":609,"items_purged":["Strike_R","Doubt"],"score":246,"play_id":"33735330-bd20-4a06-8715-bb5eb01d1a7d","local_time":"20190130144219","is_ascension_mode":true,"campfire_choices":[{"data":"Clothesline","floor":7.0,"key":"SMITH"},{"data":"True Grit","floor":12.0,"key":"SMITH"},{"data":"True Grit","floor":15.0,"key":"SMITH"}],"neow_cost":"NONE","seed_source_timestamp":6114370174559,"circlet_count":0,"master_deck":["AscendersBane","Strike_R","Strike_R","Strike_R","Strike_R+1","Defend_R+1","Defend_R","Defend_R","Defend_R","Bash+1","Shrug It Off+1","Clothesline+1","True Grit+1","Shrug It Off","True Grit+1","Offering"],"special_seed":0,"relics":["Burning Blood","NeowsBlessing","Dream Catcher","War Paint","Tiny Chest"],"potions_floor_usage":[16,16],"damage_taken":[{"damage":0.0,"enemies":"2 Louse","floor":1.0,"turns":1.0},{"damage":0.0,"enemies":"Gremlin Nob","floor":6.0,"turns":1.0},{"damage":0.0,"enemies":"3 Sentries","floor":10.0,"turns":2.0},{"damage":1.0,"enemies":"Small Slimes","floor":11.0,"turns":3.0},{"damage":91,"enemies":"Slime Boss","floor":16,"turns":11}],"seed_played":"4019855577899450241","potions_obtained":[{"floor":6.0,"key":"BloodPotion"}],"is_trial":false,"path_per_floor":["M","?","?","$","?","E","R","$","T","E","M","R","?","$","R","B"],"character_chosen":"IRONCLAD","items_purchased":["True Grit","Offering","PowerPotion"],"campfire_rested":0,"item_purchase_floors":[8,14,14],"current_hp_per_floor":[78,83,66,66,66,72,72,72,72,78,83,83,83,83,83,0],"gold":39,"neow_bonus":"THREE_ENEMY_KILL","is_prod":false,"is_daily":false,"chose_seed":false,"campfire_upgraded":3,"win_rate":0,"timestamp":1548880939,"path_taken":["M","?","?","$","?","E","R","$","T","E","M","R","?","?","R","BOSS"],"build_version":"2019-01-23","purchased_purges":2,"victory":false,"max_hp_per_floor":[80,85,85,85,85,85,85,85,85,85,85,85,85,85,85,85],"card_choices":[{"not_picked":["Armaments","Sentinel"],"picked":"Shrug It Off","floor":1.0},{"not_picked":["Spot Weakness","Bloodletting"],"picked":"Clothesline","floor":6.0},{"not_picked":["Wild Strike","Iron Wave"],"picked":"Shrug It Off","floor":10.0},{"not_picked":["Disarm","Armaments"],"picked":"True Grit","floor":11.0}],"player_experience":523910,"relics_obtained":[{"floor":6.0,"key":"Dream Catcher"},{"floor":9.0,"key":"War Paint"},{"floor":10.0,"key":"Tiny Chest"}],"event_choices":[{"damage_healed":0.0,"max_hp_gain":5.0,"max_hp_loss":0.0,"gold_gain":0.0,"event_name":"Big Fish","player_choice":"Donut","floor":2.0,"gold_loss":0.0,"damage_taken":0.0},{"damage_healed":0.0,"max_hp_gain":0.0,"max_hp_loss":0.0,"gold_gain":0.0,"event_name":"Shining Light","player_choice":"Entered Light","floor":3.0,"gold_loss":0.0,"damage_taken":17.0,"cards_upgraded":["Bash","Strike_R"]},{"damage_healed":0.0,"max_hp_gain":0.0,"max_hp_loss":0.0,"gold_gain":0.0,"event_name":"The Cleric","player_choice":"Leave","floor":5.0,"gold_loss":0.0,"damage_taken":0.0},{"damage_healed":0.0,"max_hp_gain":0.0,"max_hp_loss":0.0,"gold_gain":175.0,"event_name":"Liars Game","player_choice":"AGREE","floor":13.0,"gold_loss":0.0,"damage_taken":0.0,"cards_obtained":["Doubt"]}],"is_beta":false,"boss_relics":[],"items_purged_floors":[4,14],"is_endless":false,"potions_floor_spawned":[6],"killed_by":"Slime Boss","ascension_level":12}