{"gold_per_floor":[110,110,185,198,198,198,215,242,242,260,279,168,185,28,28,133,133,145,162,162,112,12,12,24,37,37,37,49,49,64,19,19,19],"floor_reached":33,"playtime":2371,"items_purged":["Strike_R","Strike_R"],"score":366,"play_id":"2e0f9226-44c8-448d-9c43-8681b11744a8","local_time":"20180728112004","is_ascension_mode":true,"campfire_choices":[{"data":"Flex","floor":6,"key":"SMITH"},{"data":"1","floor":15,"key":"LIFT"},{"data":"2","floor":23,"key":"LIFT"},{"data":"3","floor":29,"key":"LIFT"},{"floor":32,"key":"REST"}],"neow_cost":"","seed_source_timestamp":0,"circlet_count":0,"master_deck":["Strike_R+1","Strike_R+1","Defend_R","Defend_R","Defend_R","Defend_R","Bash","Flex+1","Pommel Strike","Heavy Blade","Inflame","Searing Blow","Offering","Twin Strike+1","Thunderclap+1","Shrug It Off","Iron Wave"],"relics":["Burning Blood","Ancient Tea Set","Girya","Happy Flower","Whetstone","Philosopher\u0027s Stone","Bottled Lightning"],"potions_floor_usage":[8,10,16,19,25],"damage_taken":[{"damage":1,"enemies":"Jaw Worm","floor":1,"turns":3},{"damage":0,"enemies":"Small Slimes","floor":4,"turns":3},{"damage":0,"enemies":"Cultist","floor":7,"turns":2},{"damage":16,"enemies":"Gremlin Nob","floor":8,"turns":3},{"damage":10,"enemies":"Looter","floor":10,"turns":3},{"damage":2,"enemies":"2 Fungi Beasts","floor":11,"turns":3},{"damage":12,"enemies":"Large Slime","floor":13,"turns":6},{"damage":51,"enemies":"The Guardian","floor":16,"turns":10},{"damage":5,"enemies":"Chosen","floor":18,"turns":2},{"damage":40,"enemies":"3 Byrds","floor":19,"turns":5},{"damage":5,"enemies":"Sentry and Sphere","floor":24,"turns":2},{"damage":17,"enemies":"Slaver and Parasite","floor":25,"turns":2},{"damage":36,"enemies":"Snake Plant","floor":28,"turns":3},{"damage":5,"enemies":"Cultist and Chosen","floor":30,"turns":2},{"damage":54,"enemies":"Champ","floor":33,"turns":6}],"seed_played":"384583855980757751","potions_obtained":[{"floor":1,"key":"SkillPotion"},{"floor":8,"key":"Energy Potion"},{"floor":13,"key":"Strength Potion"},{"floor":16,"key":"Regen Potion"},{"floor":19,"key":"Weak Potion"}],"is_trial":true,"path_per_floor":["M","?","?","M","T","R","M","E","T","M","M","$","M","$","R","B",null,"M","M","?","?","$","R","M","M","T","?","M","R","M","$","R"],"character_chosen":"IRONCLAD","items_purchased":["Searing Blow","Whetstone","Iron Wave"],"campfire_rested":1,"item_purchase_floors":[12,14,31],"current_hp_per_floor":[80,73,62,68,68,68,74,64,64,60,64,64,58,58,58,13,80,80,60,60,60,60,60,61,50,50,50,20,20,21,21,45,0],"gold":19,"neow_bonus":"","is_prod":false,"is_daily":false,"chose_seed":false,"campfire_upgraded":1,"win_rate":0,"timestamp":1532794804,"path_taken":["M","?","?","?","?","R","?","E","T","M","M","$","M","?","R","BOSS","M","M","?","?","$","R","M","M","T","?","M","R","M","$","R","BOSS"],"build_version":"2018-07-26","purchased_purges":2,"victory":false,"max_hp_per_floor":[80,80,80,80,80,80,80,80,80,80,80,80,80,80,80,80,80,80,80,80,80,80,80,80,80,80,80,80,80,80,80,80,80],"card_choices":[{"not_picked":["Carnage","Clothesline"],"picked":"Flex","floor":1},{"not_picked":["Corruption","Flex"],"picked":"Pommel Strike","floor":4},{"not_picked":["Perfected Strike","Evolve","Armaments"],"picked":"SKIP","floor":7},{"not_picked":["Thunderclap","Infernal Blade"],"picked":"Heavy Blade","floor":8},{"not_picked":["Fire Breathing","Warcry"],"picked":"Inflame","floor":10},{"not_picked":["Searing Blow","Feel No Pain","Rage"],"picked":"SKIP","floor":11},{"not_picked":["Clash","Iron Wave","Body Slam"],"picked":"SKIP","floor":13},{"not_picked":["Brutality","Immolate"],"picked":"Offering","floor":16},{"not_picked":["Searing Blow","Wild Strike"],"picked":"Twin Strike+1","floor":18},{"not_picked":["Evolve","Rupture+1"],"picked":"Thunderclap+1","floor":19},{"not_picked":["Thunderclap","Cleave"],"picked":"Shrug It Off","floor":24},{"not_picked":["Clothesline+1","Pommel Strike","Wild Strike"],"picked":"SKIP","floor":25},{"not_picked":["Flame Barrier","Cleave+1","Metallicize+1"],"picked":"SKIP","floor":28},{"not_picked":["Disarm+1","Juggernaut","Anger+1"],"picked":"SKIP","floor":30}],"player_experience":300733,"relics_obtained":[{"floor":5,"key":"Ancient Tea Set"},{"floor":8,"key":"Girya"},{"floor":9,"key":"Happy Flower"},{"floor":26,"key":"Bottled Lightning"}],"event_choices":[{"event_name":"Golden Wing","player_choice":"Card Removal","floor":2,"damage_taken":0},{"event_name":"World of Goop","player_choice":"Gather Gold","floor":3,"damage_taken":0},{"event_name":"Vampires","player_choice":"Ignored","floor":20,"damage_taken":0},{"event_name":"The Joust","player_choice":"Bet on Murderer","floor":21,"damage_taken":0},{"event_name":"Match and Keep!","player_choice":"0 cards matched","floor":27,"damage_taken":0}],"is_beta":false,"boss_relics":[{"not_picked":["Snecko Eye","White Beast Statue"],"picked":"Philosopher\u0027s Stone"}],"items_purged_floors":[12,22],"is_endless":true,"potions_floor_spawned":[1,8,13,16,19],"killed_by":"Champ","ascension_level":1}