{"gold_per_floor":[112,123,141,141,151,151,186,186,186,186,196,209,209,209,209,209],"floor_reached":16,"playtime":1627,"items_purged":[],"score":189,"play_id":"55dfe295-0a67-4d1d-8845-9f73b94396fc","local_time":"20190111223718","is_ascension_mode":true,"campfire_choices":[{"data":"Zap","floor":6,"key":"SMITH"},{"data":"Creative AI","floor":8,"key":"SMITH"},{"data":"White Noise","floor":10,"key":"SMITH"},{"data":"Dualcast","floor":15,"key":"SMITH"}],"neow_cost":"NONE","seed_source_timestamp":48882431545137,"circlet_count":0,"master_deck":["AscendersBane","Strike_B","Strike_B","Strike_B","Strike_B","Defend_B","Defend_B","Defend_B","Defend_B","Zap+1","Dualcast+1","Conserve Battery","White Noise+1","BootSequence","Creative AI+1","Cold Snap","Self Repair"],"relics":["Cracked Core","Omamori","Cables","Gremlin Horn","Golden Idol"],"potions_floor_usage":[16],"damage_taken":[{"damage":2,"enemies":"Cultist","floor":1,"turns":4},{"damage":5,"enemies":"Small Slimes","floor":2,"turns":3},{"damage":1,"enemies":"2 Louse","floor":3,"turns":3},{"damage":9,"enemies":"2 Fungi Beasts","floor":5,"turns":3},{"damage":33,"enemies":"Lagavulin","floor":7,"turns":7},{"damage":11,"enemies":"3 Louse","floor":11,"turns":4},{"damage":8,"enemies":"Large Slime","floor":12,"turns":5},{"damage":31,"enemies":"Hexaghost","floor":16,"turns":10}],"seed_played":"8655360035687872269","potions_obtained":[{"floor":5,"key":"Energy Potion"},{"floor":7,"key":"Strength Potion"}],"is_trial":false,"path_per_floor":["M","M","M","T","M","R","E","R","T","R","M","M","?","?","R","B"],"character_chosen":"DEFECT","items_purchased":[],"campfire_rested":0,"item_purchase_floors":[],"current_hp_per_floor":[69,64,63,63,54,54,21,21,21,21,10,2,2,28,28,0],"gold":209,"neow_bonus":"TEN_PERCENT_HP_BONUS","is_prod":false,"is_daily":false,"chose_seed":false,"campfire_upgraded":4,"win_rate":0,"timestamp":1547275038,"path_taken":["M","M","M","?","M","R","E","R","T","R","M","M","?","?","R","BOSS"],"build_version":"2019-01-10","purchased_purges":0,"victory":false,"max_hp_per_floor":[78,78,78,78,78,78,78,78,78,78,78,78,78,78,78,78],"card_choices":[{"not_picked":["Turbo","Leap"],"picked":"Conserve Battery","floor":1},{"not_picked":["Compile Driver","Stack","Fusion"],"picked":"SKIP","floor":2},{"not_picked":["Stack","Sweeping Beam"],"picked":"White Noise","floor":3},{"not_picked":["Turbo","Hologram"],"picked":"BootSequence","floor":5},{"not_picked":["Hologram","Darkness"],"picked":"Creative AI","floor":7},{"not_picked":["Barrage","Steam"],"picked":"Cold Snap","floor":11},{"not_picked":["Steam","Streamline"],"picked":"Self Repair","floor":12}],"player_experience":1114954,"relics_obtained":[{"floor":4,"key":"Omamori"},{"floor":7,"key":"Cables"},{"floor":9,"key":"Gremlin Horn"}],"event_choices":[{"damage_healed":0,"gold_gain":0,"player_choice":"Take Wound","damage_taken":0,"relics_obtained":["Golden Idol"],"max_hp_gain":0,"max_hp_loss":0,"event_name":"Golden Idol","floor":13,"gold_loss":0,"cards_obtained":["Injury"]},{"damage_healed":26,"gold_gain":0,"player_choice":"Banana","damage_taken":0,"max_hp_gain":0,"max_hp_loss":0,"event_name":"Big Fish","floor":14,"gold_loss":0}],"is_beta":false,"boss_relics":[],"items_purged_floors":[],"is_endless":false,"potions_floor_spawned":[5,7,12],"killed_by":"Hexaghost","ascension_level":17}