{"gold_per_floor":[115,130,144,161,173,173,207,219,244,244,394,394,86,86,86,86],"floor_reached":16,"playtime":696,"items_purged":["Doubt"],"score":179,"play_id":"8d4e07e1-58dc-468a-a112-4f3ae5303151","local_time":"20181018202046","is_ascension_mode":true,"campfire_choices":[{"data":"Zap","floor":6,"key":"SMITH"},{"floor":12,"key":"REST"},{"data":"Biased Cognition","floor":15,"key":"SMITH"}],"neow_cost":"NONE","seed_source_timestamp":3363750568319,"circlet_count":0,"master_deck":["Strike_B","Strike_B","Strike_B","Defend_B","Defend_B","Defend_B","Defend_B","Zap+1","Dualcast","AscendersBane","Leap","Hologram","Go for the Eyes","Consume","Conserve Battery","Leap","Chill","Biased Cognition+1"],"relics":["Cracked Core","Incense Burner","Happy Flower"],"potions_floor_usage":[7,8,16,16],"damage_taken":[{"damage":1,"enemies":"Cultist","floor":1,"turns":3},{"damage":0,"enemies":"Small Slimes","floor":2,"turns":3},{"damage":2,"enemies":"2 Louse","floor":3,"turns":2},{"damage":15,"enemies":"2 Fungi Beasts","floor":4,"turns":3},{"damage":7,"enemies":"Looter","floor":5,"turns":4},{"damage":24,"enemies":"Gremlin Nob","floor":7,"turns":4},{"damage":18,"enemies":"Gremlin Gang","floor":8,"turns":5},{"damage":33,"enemies":"Slime Boss","floor":16,"turns":21}],"seed_played":"4070831934866807864","potions_obtained":[{"floor":1,"key":"PowerPotion"},{"floor":5,"key":"Block Potion"},{"floor":7,"key":"Block Potion"}],"is_trial":false,"path_per_floor":["M","M","M","M","M","R","E","M","T","?","?","R","$","?","R"],"character_chosen":"DEFECT","items_purchased":["Chill","Biased Cognition","Weak Potion"],"campfire_rested":1,"item_purchase_floors":[13,13,13],"current_hp_per_floor":[70,70,68,53,46,46,22,4,4,4,4,27,27,27,27,0],"gold":86,"neow_bonus":"TEN_PERCENT_HP_BONUS","is_prod":false,"is_daily":false,"chose_seed":false,"campfire_upgraded":2,"win_rate":0,"timestamp":1539919246,"path_taken":["M","M","M","M","M","R","E","M","T","?","?","R","$","?","R","BOSS"],"build_version":"2018-10-18","purchased_purges":1,"victory":false,"max_hp_per_floor":[78,78,78,78,78,78,78,78,78,78,78,78,78,78,78,78],"card_choices":[{"not_picked":["Static Discharge","Steam"],"picked":"Leap","floor":1},{"not_picked":["Storm","Rebound"],"picked":"Hologram","floor":2},{"not_picked":["Multi-Cast","Reinforced Body"],"picked":"Go for the Eyes","floor":3},{"not_picked":["Rebound","Heatsinks"],"picked":"Consume","floor":4},{"not_picked":["Steam","Compile Driver","Melter"],"picked":"SKIP","floor":5},{"not_picked":["Doom and Gloom","Rebound"],"picked":"Conserve Battery","floor":7},{"not_picked":["Reprogram","Redo"],"picked":"Leap","floor":8}],"player_experience":956730,"relics_obtained":[{"floor":7,"key":"Incense Burner"},{"floor":9,"key":"Happy Flower"}],"event_choices":[{"damage_healed":0,"gold_gain":0,"player_choice":"Ignored","damage_taken":0,"max_hp_gain":0,"max_hp_loss":0,"event_name":"Golden Wing","floor":10,"gold_loss":0},{"damage_healed":0,"gold_gain":150,"player_choice":"AGREE","damage_taken":0,"max_hp_gain":0,"max_hp_loss":0,"event_name":"Liars Game","floor":11,"gold_loss":0,"cards_obtained":["Doubt"]},{"cards_removed":["Strike_B"],"damage_healed":0,"gold_gain":0,"player_choice":"Offered Basic","damage_taken":0,"max_hp_gain":0,"max_hp_loss":0,"event_name":"Bonfire Elementals","floor":14,"gold_loss":0}],"is_beta":false,"boss_relics":[],"items_purged_floors":[13],"is_endless":false,"potions_floor_spawned":[1,5,7],"killed_by":"Slime Boss","ascension_level":15}