{"gold_per_floor":[110,127,140,157,177,177,211,211,211,230,248,267,300,317,317,421,421,434,447,372,250,250,312,212,212],"floor_reached":25,"playtime":909,"items_purged":["Pain","Injury"],"score":262,"play_id":"12bc786a-7c8d-4f83-b19f-cec76364848c","local_time":"20181015035045","is_ascension_mode":false,"campfire_choices":[{"data":"Immolate","floor":6.0,"key":"SMITH"},{"data":"Feed","floor":8.0,"key":"SMITH"},{"data":"True Grit","floor":15.0,"key":"SMITH"}],"neow_cost":"NONE","seed_source_timestamp":0,"circlet_count":0,"master_deck":["Strike_R","Strike_R","Strike_R","Strike_R","Strike_R","Defend_R","Defend_R","Defend_R","Defend_R","Bash+1","Dropkick","Iron Wave","Pommel Strike","Whirlwind","Immolate+1","Feed+1","True Grit+1","Battle Trance","Warcry","Demon Form","Heavy Blade","Shrug It Off","True Grit+1","Inflame"],"special_seed":0,"relics":["Burning Blood","FossilizedHelix","Bottled Flame","Matryoshka","Calling Bell","Blood Vial","Mummified Hand","Turnip","Tiny Chest"],"potions_floor_usage":[23,25,25,25,25,25],"damage_taken":[{"damage":1.0,"enemies":"Cultist","floor":1.0,"turns":3.0},{"damage":0.0,"enemies":"Small Slimes","floor":2.0,"turns":3.0},{"damage":0.0,"enemies":"2 Louse","floor":3.0,"turns":3.0},{"damage":13.0,"enemies":"Exordium Thugs","floor":4.0,"turns":4.0},{"damage":0.0,"enemies":"3 Louse","floor":5.0,"turns":1.0},{"damage":26.0,"enemies":"Lagavulin","floor":7.0,"turns":5.0},{"damage":0.0,"enemies":"Red Slaver","floor":10.0,"turns":2.0},{"damage":0.0,"enemies":"Lots of Slimes","floor":11.0,"turns":1.0},{"damage":0.0,"enemies":"Blue Slaver","floor":12.0,"turns":3.0},{"damage":2.0,"enemies":"Gremlin Nob","floor":13.0,"turns":4.0},{"damage":0.0,"enemies":"Exordium Wildlife","floor":14.0,"turns":1.0},{"damage":15.0,"enemies":"Slime Boss","floor":16.0,"turns":8.0},{"damage":16,"enemies":"3 Byrds","floor":18,"turns":6},{"damage":38,"enemies":"2 Thieves","floor":19,"turns":4},{"damage":50,"enemies":"Slavers","floor":23,"turns":6},{"damage":35,"enemies":"Book of Stabbing","floor":25,"turns":7}],"seed_played":"-3514003066662173632","potions_obtained":[{"floor":1.0,"key":"SteroidPotion"},{"floor":3.0,"key":"EntropicBrew"},{"floor":5.0,"key":"EssenceOfSteel"},{"floor":11.0,"key":"SneckoOil"},{"floor":16.0,"key":"SteroidPotion"}],"is_trial":false,"path_per_floor":["M","M","M","M","M","R","E","R","T","M","M","M","E","M","R","B",null,"M","M","?","$","?","E","$"],"character_chosen":"IRONCLAD","items_purchased":["Shrug It Off"],"campfire_rested":0,"item_purchase_floors":[21],"current_hp_per_floor":[80,80,80,73,79,79,59,59,59,65,71,81,84,88,88,83,92,86,60,60,60,60,22,22,0],"gold":212,"neow_bonus":"UPGRADE_CARD","is_prod":false,"is_daily":false,"chose_seed":false,"campfire_upgraded":3,"win_rate":0,"timestamp":1539600645,"path_taken":["M","M","M","M","M","R","E","R","T","M","?","M","E","M","R","BOSS","M","M","?","$","?","E","$","E"],"build_version":"2018-10-11","purchased_purges":2,"victory":false,"max_hp_per_floor":[80,80,80,80,80,80,80,80,80,80,80,84,84,88,88,92,92,96,100,100,100,100,104,104,104],"card_choices":[{"not_picked":["Perfected Strike","Sentinel"],"picked":"Dropkick","floor":1.0},{"not_picked":["Cleave","Perfected Strike"],"picked":"Iron Wave","floor":2.0},{"not_picked":["Clash","Headbutt"],"picked":"Pommel Strike","floor":3.0},{"not_picked":["Power Through","Havoc"],"picked":"Whirlwind","floor":4.0},{"not_picked":["Headbutt","Heavy Blade"],"picked":"Immolate","floor":5.0},{"not_picked":["Intimidate","Headbutt"],"picked":"Feed","floor":7.0},{"not_picked":["Evolve","Pommel Strike"],"picked":"True Grit","floor":10.0},{"not_picked":["Uppercut","Inflame"],"picked":"Battle Trance","floor":11.0},{"not_picked":["Flex","Cleave","Rupture"],"picked":"SKIP","floor":12.0},{"not_picked":["Bloodletting","Thunderclap","Blood for Blood"],"picked":"SKIP","floor":13.0},{"not_picked":["Reckless Charge","Evolve"],"picked":"Warcry","floor":14.0},{"not_picked":["Exhume","Bludgeon"],"picked":"Demon Form","floor":16.0},{"not_picked":["Second Wind+1","Sword Boomerang"],"picked":"Heavy Blade","floor":18},{"not_picked":["Wild Strike","Sentinel","Flex"],"picked":"SKIP","floor":19},{"not_picked":["Flex+1","Power Through"],"picked":"Inflame","floor":23}],"player_experience":933239,"relics_obtained":[{"floor":7.0,"key":"FossilizedHelix"},{"floor":9.0,"key":"Bottled Flame"},{"floor":13.0,"key":"Matryoshka"},{"floor":17.0,"key":"Blood Vial"},{"floor":17.0,"key":"Mummified Hand"},{"floor":17.0,"key":"Turnip"},{"floor":23,"key":"Tiny Chest"}],"event_choices":[{"event_name":"Beggar","player_choice":"Gave Gold","floor":20,"damage_taken":0},{"event_name":"Duplicator","player_choice":"One dupe","floor":22,"damage_taken":0}],"is_beta":false,"boss_relics":[{"not_picked":["Eternal Feather","Black Blood"],"picked":"Calling Bell"}],"items_purged_floors":[21,24],"is_endless":false,"potions_floor_spawned":[1,3,5,11,12,16,19],"killed_by":"Book of Stabbing","ascension_level":0}