{"gold_per_floor":[112,127,52,52,69,69,95,106,106,134,134,153,186,200,200,299,299,319,319,319,335,47,47,47,77,132,132,158,178,192,222,222,319,319,330,341,355,67,77,77,95,95,95,110,123,150,150,26,26,26],"floor_reached":51,"playtime":4409,"items_purged":["Strike_R","Writhe","Defend_R","Wraith Form v2"],"score":822,"play_id":"5e6d4bca-a6f5-4783-9656-a5db22ce58de","local_time":"20180816181327","is_ascension_mode":true,"campfire_choices":[{"data":"Seeing Red","floor":6.0,"key":"SMITH"},{"data":"Echo Form","floor":11.0,"key":"SMITH"},{"data":"Armaments","floor":15.0,"key":"PURGE"},{"data":"Defend_R","floor":23,"key":"PURGE"},{"data":"Strike_R","floor":27,"key":"PURGE"},{"data":"Strike_R","floor":32,"key":"PURGE"},{"data":"Defend_R","floor":40,"key":"PURGE"},{"data":"Defend_R","floor":42,"key":"PURGE"},{"data":"Apotheosis","floor":49,"key":"SMITH"}],"neow_cost":"","seed_source_timestamp":0,"circlet_count":0,"master_deck":["Bash","Demon Form","Echo Form+1","Seeing Red+1","Blind","Thunderclap","Immolate","Heavy Blade","Shrug It Off","Apotheosis+1","Double Tap","Shrug It Off+1","Shrug It Off+1","Secret Weapon+1","Shrug It Off+1","RitualDagger","Combust","Flex+1","Clothesline","Reaper","Finesse+1","Metallicize","Headbutt","Bloodletting+1","Entrench+1","Deep Breath+1"],"special_seed":0,"relics":["Burning Blood","Smiling Mask","Self Forming Clay","Letter Opener","Peace Pipe","Philosopher\u0027s Stone","Toxic Egg 2","Happy Flower","Tiny Chest","Anchor","Potion Belt","Empty Cage","Gremlin Horn","Omamori"],"potions_floor_usage":[18,25,25,29,33,36,45,45,50,50],"damage_taken":[{"damage":0.0,"enemies":"Small Slimes","floor":1.0,"turns":4.0},{"damage":1.0,"enemies":"Cultist","floor":2.0,"turns":4.0},{"damage":3.0,"enemies":"Jaw Worm","floor":5.0,"turns":4.0},{"damage":40.0,"enemies":"Gremlin Nob","floor":7.0,"turns":5.0},{"damage":0.0,"enemies":"2 Fungi Beasts","floor":8.0,"turns":1.0},{"damage":1.0,"enemies":"Lagavulin","floor":10.0,"turns":7.0},{"damage":0.0,"enemies":"Large Slime","floor":12.0,"turns":5.0},{"damage":5.0,"enemies":"3 Sentries","floor":13.0,"turns":6.0},{"damage":5.0,"enemies":"3 Louse","floor":14.0,"turns":4.0},{"damage":37.0,"enemies":"Hexaghost","floor":16.0,"turns":7.0},{"damage":13,"enemies":"3 Byrds","floor":18,"turns":5},{"damage":25,"enemies":"Shell Parasite","floor":21,"turns":5},{"damage":40,"enemies":"Slavers","floor":25,"turns":5},{"damage":22,"enemies":"Book of Stabbing","floor":28,"turns":6},{"damage":0,"enemies":"3 Cultists","floor":29,"turns":3},{"damage":0,"enemies":"Centurion and Healer","floor":30,"turns":5},{"damage":4,"enemies":"Gremlin Leader","floor":31,"turns":5},{"damage":15,"enemies":"Automaton","floor":33,"turns":9},{"damage":0,"enemies":"Orb Walker","floor":35,"turns":3},{"damage":6,"enemies":"Flame Bruiser 1 Orb","floor":36,"turns":6},{"damage":12,"enemies":"Transient","floor":37,"turns":5},{"damage":18,"enemies":"4 Shapes","floor":39,"turns":4},{"damage":9,"enemies":"Spire Growth","floor":41,"turns":4},{"damage":0,"enemies":"3 Darklings","floor":44,"turns":2},{"damage":6,"enemies":"Sphere and 2 Shapes","floor":45,"turns":5},{"damage":32,"enemies":"2 Orb Walkers","floor":46,"turns":5},{"damage":52,"enemies":"Donu and Deca","floor":50,"turns":9}],"seed_played":"-838786506909080526","potions_obtained":[{"floor":5.0,"key":"SmokeBomb"},{"floor":8.0,"key":"Energy Potion"},{"floor":10.0,"key":"Fruit Juice"},{"floor":13.0,"key":"PowerPotion"},{"floor":16.0,"key":"BloodPotion"},{"floor":18,"key":"SteroidPotion"},{"floor":21,"key":"BloodPotion"},{"floor":28,"key":"BloodPotion"},{"floor":30,"key":"Energy Potion"},{"floor":33,"key":"Block Potion"},{"floor":35,"key":"Block Potion"},{"floor":45,"key":"SpeedPotion"},{"floor":46,"key":"Fire Potion"}],"is_trial":true,"path_per_floor":["M","M","$","?","M","R","E","M","T","E","R","M","E","M","R","B",null,"M","?","?","M","$","R","?","E","T","R","E","M","M","E","R","B",null,"M","M","M","$","M","R","M","R","T","M","M","E","?","$","R","B"],"character_chosen":"IRONCLAD","items_purchased":["Secret Weapon+1","Shrug It Off+1","Finesse+1","Metallicize","Dexterity Potion","SteroidPotion","EssenceOfSteel"],"campfire_rested":0,"item_purchase_floors":[22,22,38,38,38,38,48],"current_hp_per_floor":[80,80,80,80,80,80,46,52,52,57,57,68,69,70,70,39,85,78,78,78,59,59,59,53,35,35,35,19,33,39,41,41,32,85,85,85,79,79,79,79,76,76,76,84,84,82,72,72,72,26],"gold":26,"neow_bonus":"","is_prod":false,"is_daily":false,"chose_seed":false,"campfire_upgraded":3,"win_rate":0,"timestamp":1534461207,"path_taken":["M","M","$","?","M","R","E","M","T","E","R","M","E","M","R","BOSS","M","?","?","M","$","R","?","E","T","R","E","?","M","E","R","BOSS","M","M","M","$","M","R","M","R","T","?","M","E","?","$","R","BOSS"],"build_version":"2018-08-09","purchased_purges":4,"victory":true,"max_hp_per_floor":[80,80,80,80,80,80,80,80,80,80,80,85,85,85,85,85,85,85,85,85,85,85,85,85,85,85,85,85,85,85,85,85,85,85,85,85,85,85,85,85,85,85,85,85,85,85,85,85,85,85],"card_choices":[{"not_picked":["Cleave","Pommel Strike"],"picked":"Armaments","floor":1.0},{"not_picked":["Fire Breathing","Ghostly Armor"],"picked":"Seeing Red","floor":2.0},{"not_picked":["Spot Weakness","True Grit"],"picked":"Thunderclap","floor":5.0},{"not_picked":["Flex","Inflame"],"picked":"Immolate","floor":7.0},{"not_picked":["Searing Blow","Armaments","Perfected Strike"],"picked":"SKIP","floor":8.0},{"not_picked":["Body Slam","Rupture"],"picked":"Heavy Blade","floor":10.0},{"not_picked":["Brutality","Armaments"],"picked":"Shrug It Off","floor":12.0},{"not_picked":["Clothesline","Ghostly Armor","Perfected Strike"],"picked":"SKIP","floor":13.0},{"not_picked":["Pommel Strike","Cleave"],"picked":"Apotheosis","floor":14.0},{"not_picked":["Impervious","Magnetism"],"picked":"Double Tap","floor":16.0},{"not_picked":["Wild Strike+1","Cleave"],"picked":"Shrug It Off+1","floor":18},{"not_picked":["Clash+1","Intimidate+1"],"picked":"Shrug It Off+1","floor":21},{"not_picked":["Headbutt+1","Infernal Blade+1","Wild Strike"],"picked":"SKIP","floor":25},{"not_picked":["Bludgeon","Warcry+1","True Grit+1"],"picked":"SKIP","floor":28},{"not_picked":["Anger","Blood for Blood+1"],"picked":"Combust","floor":29},{"not_picked":["Armaments+1","Twin Strike"],"picked":"Flex+1","floor":30},{"not_picked":["Dark Shackles+1","Wild Strike"],"picked":"Clothesline","floor":31},{"not_picked":["Magnetism","Sadistic Nature"],"picked":"Reaper","floor":33},{"not_picked":["Ghostly Armor+1","Mind Blast+1","Havoc+1"],"picked":"SKIP","floor":35},{"not_picked":["Ghostly Armor+1","Mind Blast+1","Havoc+1"],"picked":"SKIP","floor":35},{"not_picked":["Headbutt+1","Anger","Pommel Strike"],"picked":"SKIP","floor":36},{"not_picked":["Flex+1","Sword Boomerang+1","Havoc+1"],"picked":"SKIP","floor":37},{"not_picked":["Jack Of All Trades+1","Warcry+1","Fiend Fire"],"picked":"SKIP","floor":39},{"not_picked":["True Grit+1","Wild Strike","Headbutt"],"picked":"SKIP","floor":41},{"not_picked":["True Grit+1","Wild Strike"],"picked":"Headbutt","floor":41},{"not_picked":["Anger","Madness+1","Reckless Charge+1"],"picked":"SKIP","floor":44},{"not_picked":["Perfected Strike+1","Cleave+1"],"picked":"Bloodletting+1","floor":45},{"not_picked":["True Grit+1","Magnetism"],"picked":"Entrench+1","floor":46},{"not_picked":["Enlightenment+1","Bandage Up+1"],"picked":"Deep Breath+1","floor":47}],"player_experience":347547,"relics_obtained":[{"floor":7.0,"key":"Smiling Mask"},{"floor":9.0,"key":"Self Forming Clay"},{"floor":10.0,"key":"Letter Opener"},{"floor":13.0,"key":"Peace Pipe"},{"floor":25,"key":"Happy Flower"},{"floor":26,"key":"Tiny Chest"},{"floor":28,"key":"Anchor"},{"floor":31,"key":"Potion Belt"},{"floor":43,"key":"Gremlin Horn"},{"floor":46,"key":"Omamori"}],"event_choices":[{"event_name":"Match and Keep!","player_choice":"1 cards matched","floor":4.0,"damage_taken":0.0},{"event_name":"Ghosts","player_choice":"Ignored","floor":19,"damage_taken":0},{"event_name":"The Mausoleum","player_choice":"Yes","floor":20,"damage_taken":0},{"event_name":"Nest","player_choice":"Joined the Cult","floor":24,"damage_taken":0},{"event_name":"SensoryStone","player_choice":"Memory 3","floor":47,"damage_taken":0}],"is_beta":false,"boss_relics":[{"not_picked":["Black Star","Coffee Dripper"],"picked":"Philosopher\u0027s Stone"},{"not_picked":["Eternal Feather","Orrery"],"picked":"Empty Cage"}],"items_purged_floors":[3,22,38,48],"is_endless":false,"potions_floor_spawned":[5,8,10,13,16,18,21,28,30,33,35,45,46],"ascension_level":1}