{"gold_per_floor":[360,376,386,386,242,242,255,272,272,272,299,313,313,313,313,412,412,423,442,442,67,78,112,124,153,165,177,189,216,228,240,252,359,371,393,405,432,461,493,755,767,789,882,894,906],"floor_reached":45,"playtime":3095,"items_purged":["Strike_B","Regret"],"score":549,"play_id":"d9b7acdd-8d84-43aa-bd70-01f06e5a310a","local_time":"20180723205220","is_ascension_mode":true,"campfire_choices":[{"data":"Self Repair","floor":6.0,"key":"SMITH"},{"floor":10.0,"key":"REST"},{"data":"Zap","floor":15.0,"key":"SMITH"},{"data":"Rainbow","floor":24.0,"key":"SMITH"},{"data":"White Noise","floor":28.0,"key":"SMITH"},{"data":"Defragment","floor":30.0,"key":"SMITH"},{"data":"Go for the Eyes","floor":32.0,"key":"SMITH"},{"data":"Fission","floor":41.0,"key":"SMITH"},{"data":"Auto Shields","floor":44.0,"key":"SMITH"}],"neow_cost":"FIFTY_PERCENT_DAMAGE","seed_source_timestamp":0,"circlet_count":0,"master_deck":["Strike_B","Strike_B","Defend_B","Defend_B","Defend_B","Defend_B","Zap+1","Dualcast","Ball Lightning","Cold Snap","Self Repair+1","Coolheaded","Rainbow+1","White Noise+1","Go for the Eyes+1","Echo Form","Defragment+1","Auto Shields+1","Fission+1","Conserve Battery","Leap+1","Ball Lightning","Core Surge","Barrage+1","Conserve Battery+1","Regret"],"special_seed":0,"relics":["Cracked Core","Vajra","Dream Catcher","Dodecahedron","Coffee Dripper","Cables","MawBank","Singing Bowl","Velvet Choker","Ornamental Fan","Darkstone Periapt"],"potions_floor_usage":[45,45,45,45,45],"damage_taken":[{"damage":0.0,"enemies":"Cultist","floor":1.0,"turns":3.0},{"damage":1.0,"enemies":"2 Louse","floor":2.0,"turns":2.0},{"damage":7.0,"enemies":"Jaw Worm","floor":3.0,"turns":2.0},{"damage":7.0,"enemies":"2 Fungi Beasts","floor":7.0,"turns":3.0},{"damage":13.0,"enemies":"Red Slaver","floor":8.0,"turns":4.0},{"damage":20.0,"enemies":"Gremlin Nob","floor":11.0,"turns":4.0},{"damage":12.0,"enemies":"Blue Slaver","floor":12.0,"turns":3.0},{"damage":35.0,"enemies":"The Guardian","floor":16.0,"turns":14.0},{"damage":14.0,"enemies":"3 Byrds","floor":18.0,"turns":5.0},{"damage":22.0,"enemies":"Spheric Guardian","floor":19.0,"turns":4.0},{"damage":0.0,"enemies":"Cultist and Chosen","floor":22.0,"turns":7.0},{"damage":36.0,"enemies":"Gremlin Leader","floor":23.0,"turns":8.0},{"damage":4.0,"enemies":"3 Cultists","floor":25.0,"turns":5.0},{"damage":1.0,"enemies":"Snecko","floor":29.0,"turns":5.0},{"damage":14.0,"enemies":"Champ","floor":33.0,"turns":9.0},{"damage":7.0,"enemies":"Orb Walker","floor":35.0,"turns":4.0},{"damage":39.0,"enemies":"3 Darklings","floor":37.0,"turns":6.0},{"damage":15.0,"enemies":"Sphere and 2 Shapes","floor":38.0,"turns":5.0},{"damage":31.0,"enemies":"Maw","floor":39.0,"turns":9.0},{"damage":48.0,"enemies":"3 Darklings","floor":42.0,"turns":6.0},{"damage":42,"enemies":"2 Orb Walkers","floor":45,"turns":3}],"seed_played":"-4732346922414911053","potions_obtained":[{"floor":3.0,"key":"SpeedPotion"},{"floor":7.0,"key":"SkillPotion"},{"floor":12.0,"key":"Fire Potion"},{"floor":14.0,"key":"EntropicBrew"},{"floor":16.0,"key":"Block Potion"},{"floor":22.0,"key":"Energy Potion"},{"floor":33.0,"key":"EssenceOfSteel"},{"floor":37.0,"key":"Energy Potion"}],"is_trial":false,"path_per_floor":["M","M","M","?","$","R","M","M","T","R","E","M","?","?","R","B",null,"M","M","?","$","M","E","R","M","T","?","R","M","R","?","R","B",null,"M","?","M","M","M","?","R","M","T","R"],"character_chosen":"DEFECT","items_purchased":["Self Repair","Cables","Conserve Battery"],"campfire_rested":1,"item_purchase_floors":[5,21,21],"current_hp_per_floor":[38,37,30,30,30,30,33,30,30,52,42,40,40,40,40,15,75,75,73,73,73,75,49,49,55,55,41,41,62,62,62,62,68,82,82,82,65,79,58,58,58,32,32,32,0],"gold":906,"neow_bonus":"TWO_FIFTY_GOLD","is_prod":false,"is_daily":false,"chose_seed":false,"campfire_upgraded":8,"win_rate":0,"timestamp":1532404340,"path_taken":["M","M","?","?","$","R","?","M","T","R","E","M","?","?","R","BOSS","M","M","?","$","M","E","R","M","T","?","R","M","R","?","R","BOSS","M","?","M","M","?","?","R","M","T","R","E"],"build_version":"2018-07-19v2","purchased_purges":2,"victory":false,"max_hp_per_floor":[75,75,75,75,75,75,75,75,75,75,75,75,75,75,75,75,75,75,75,75,75,75,75,75,75,75,80,80,82,82,82,82,82,82,82,82,84,86,86,86,86,88,88,88,88],"card_choices":[{"not_picked":["BootSequence","Coolheaded"],"picked":"Ball Lightning","floor":1.0},{"not_picked":["Ball Lightning","Steam"],"picked":"Cold Snap","floor":2.0},{"not_picked":["Rip and Tear","Turbo","Hologram"],"picked":"SKIP","floor":3.0},{"not_picked":["Ball Lightning","Barrage"],"picked":"Coolheaded","floor":7.0},{"not_picked":["Rip and Tear","Gash"],"picked":"Rainbow","floor":8.0},{"not_picked":["Genetic Algorithm","BootSequence"],"picked":"White Noise","floor":11.0},{"not_picked":["Steam","Coolheaded"],"picked":"Go for the Eyes","floor":12.0},{"not_picked":["Reboot","Biased Cognition"],"picked":"Echo Form","floor":16.0},{"not_picked":["Leap","Conserve Battery"],"picked":"Defragment","floor":18.0},{"not_picked":["Turbo+1","BootSequence"],"picked":"Auto Shields","floor":19.0},{"not_picked":["Turbo","Barrage"],"picked":"Leap+1","floor":22.0},{"not_picked":["Scrape","Meteor Strike"],"picked":"Ball Lightning","floor":23.0},{"not_picked":["Sweeping Beam","Turbo","Self Repair"],"picked":"SKIP","floor":25.0},{"not_picked":["Aggregate","Tempest","Chill+1"],"picked":"Singing Bowl","floor":29.0},{"not_picked":["All For One","Multi-Cast"],"picked":"Core Surge","floor":33.0},{"not_picked":["Redo+1","Turbo"],"picked":"Barrage+1","floor":35.0},{"not_picked":["Go for the Eyes","Ball Lightning+1","Multi-Cast"],"picked":"Singing Bowl","floor":37.0},{"not_picked":["Self Repair","Turbo+1","Go for the Eyes+1"],"picked":"Singing Bowl","floor":38.0},{"not_picked":["Genetic Algorithm","Beam Cell+1"],"picked":"Conserve Battery+1","floor":39.0},{"not_picked":["Auto Shields","Conserve Battery+1","Lockon"],"picked":"Singing Bowl","floor":42.0}],"player_experience":651661,"relics_obtained":[{"floor":9.0,"key":"Vajra"},{"floor":11.0,"key":"Dream Catcher"},{"floor":23.0,"key":"MawBank"},{"floor":26.0,"key":"Singing Bowl"},{"floor":43.0,"key":"Darkstone Periapt"}],"event_choices":[{"event_name":"Living Wall","player_choice":"Forget","floor":4.0,"damage_taken":0.0},{"event_name":"Big Fish","player_choice":"Box","floor":13.0,"damage_taken":0.0},{"event_name":"The Lab","player_choice":"Got Potions","floor":14.0,"damage_taken":0.0},{"event_name":"The Library","player_choice":"Read","floor":20.0,"damage_taken":0.0},{"event_name":"Forgotten Altar","player_choice":"Shed Blood","floor":27.0,"damage_taken":0.0},{"event_name":"Drug Dealer","player_choice":"Ignored","floor":31.0,"damage_taken":0.0},{"event_name":"Accursed Blacksmith","player_choice":"Rummage","floor":36.0,"damage_taken":0.0},{"event_name":"Golden Shrine","player_choice":"Desecrate","floor":40.0,"damage_taken":0.0}],"is_beta":false,"boss_relics":[{"not_picked":["Nuclear Battery","Sozu"],"picked":"Coffee Dripper"},{"not_picked":["Black Star","Philosopher\u0027s Stone"],"picked":"Velvet Choker"}],"items_purged_floors":[5,21],"is_endless":false,"potions_floor_spawned":[3,7,12,16,22,33,35,37,39],"killed_by":"2 Orb Walkers","ascension_level":4}