{"gold_per_floor":[118,43,115,129,140,173,173,190,240,240,252,252,269,296,296,391,391,406,425,107,123,222,222,250,250,250,277,277,277,5,25,25,126,176,190,202,202,202,212,212,7,38,38,38,65,65,65,96,96,96],"floor_reached":51,"playtime":3824,"items_purged":["Regret","Strike_R"],"score":756,"play_id":"16e3c378-123f-422a-a002-80a8a95e2399","local_time":"20180731152149","is_ascension_mode":false,"campfire_choices":[{"data":"True Grit","floor":7,"key":"SMITH"},{"data":"True Grit","floor":10,"key":"SMITH"},{"data":"Flame Barrier","floor":15,"key":"SMITH"},{"data":"Demon Form","floor":23,"key":"SMITH"},{"data":"Shrug It Off","floor":28,"key":"SMITH"},{"data":"Armaments","floor":32,"key":"SMITH"},{"data":"Barricade","floor":40,"key":"SMITH"},{"data":"Shrug It Off","floor":44,"key":"SMITH"},{"data":"Inflame","floor":47,"key":"SMITH"},{"data":"Shrug It Off","floor":49,"key":"SMITH"}],"neow_cost":"CURSE","seed_source_timestamp":1711436400315825,"circlet_count":0,"master_deck":["Strike_R","Strike_R","Strike_R","Strike_R","Defend_R","Defend_R","Defend_R+1","Defend_R+1","Bash","Shrug It Off+1","Flame Barrier+1","Iron Wave","True Grit+1","True Grit+1","Rampage","Feed","Demon Form+1","Fiend Fire","Inflame+1","Cleave","Disarm","Anger+1","Shrug It Off+1","Battle Trance+1","Armaments+1","Impervious+1","Shrug It Off+1","Feel No Pain","Flash of Steel","Barricade+1","Pommel Strike+1","True Grit+1"],"relics":["Burning Blood","Dodecahedron","Blood Vial","Bag of Preparation","Ancient Tea Set","Coffee Dripper","Juzu Bracelet","Pen Nib","Shuriken","Gremlin Horn","War Paint","Tiny House","Sling","Bag of Marbles","Toxic Egg 2","Happy Flower","Bottled Lightning","Red Skull"],"potions_floor_usage":[6,11,12,21,27,27,31,33,33,35,45,50],"damage_taken":[{"damage":5,"enemies":"Cultist","floor":1,"turns":4},{"damage":0,"enemies":"2 Louse","floor":4,"turns":3},{"damage":0,"enemies":"Small Slimes","floor":5,"turns":3},{"damage":17,"enemies":"Lagavulin","floor":6,"turns":7},{"damage":5,"enemies":"Exordium Wildlife","floor":8,"turns":5},{"damage":16,"enemies":"Gremlin Gang","floor":11,"turns":11},{"damage":6,"floor":12,"turns":3},{"damage":11,"enemies":"Red Slaver","floor":13,"turns":6},{"damage":18,"enemies":"3 Sentries","floor":14,"turns":13},{"damage":31,"enemies":"The Guardian","floor":16,"turns":11},{"damage":13,"enemies":"2 Thieves","floor":18,"turns":5},{"damage":11,"enemies":"Shell Parasite","floor":19,"turns":7},{"damage":27,"enemies":"Centurion and Healer","floor":21,"turns":7},{"damage":35,"enemies":"Book of Stabbing","floor":24,"turns":5},{"damage":44,"enemies":"Gremlin Leader","floor":27,"turns":8},{"damage":0,"enemies":"Snake Plant","floor":31,"turns":2},{"damage":8,"enemies":"Champ","floor":33,"turns":9},{"damage":34,"enemies":"Flame Bruiser 1 Orb","floor":35,"turns":5},{"damage":4,"enemies":"Orb Walker","floor":36,"turns":6},{"damage":10,"enemies":"Maw","floor":39,"turns":7},{"damage":10,"enemies":"Nemesis","floor":42,"turns":9},{"damage":7,"enemies":"Giant Head","floor":45,"turns":9},{"damage":33,"enemies":"2 Orb Walkers","floor":48,"turns":7},{"damage":35,"enemies":"Awakened One","floor":50,"turns":11}],"seed_played":"4587774559601685344","potions_obtained":[{"floor":4,"key":"PowerPotion"},{"floor":6,"key":"Fire Potion"},{"floor":11,"key":"SmokeBomb"},{"floor":14,"key":"Energy Potion"},{"floor":16,"key":"PowerPotion"},{"floor":19,"key":"AttackPotion"},{"floor":21,"key":"Dexterity Potion"},{"floor":31,"key":"Swift Potion"},{"floor":34,"key":"PowerPotion"},{"floor":36,"key":"Poison Potion"},{"floor":39,"key":"Poison Potion"}],"is_trial":false,"path_per_floor":["M","$","T","M","M","E","R","M","T","R","M","?","M","E","R","B",null,"M","M","$","M","?","R","E","?","T","E","R","?","$","M","R","B",null,"M","M","?","?","M","R","$","E","T","R","E","T","R","E","R","B"],"character_chosen":"IRONCLAD","items_purchased":["Disarm","Juzu Bracelet","War Paint","Regen Potion","Armaments","Sling"],"campfire_rested":0,"item_purchase_floors":[20,20,30,30,30,41],"current_hp_per_floor":[96,96,96,96,96,85,85,88,88,88,80,82,79,72,72,49,99,92,89,89,70,70,70,46,46,46,10,10,1,1,14,14,14,107,79,83,83,83,81,81,81,79,79,79,80,80,80,55,55,28],"gold":96,"neow_bonus":"TWENTY_PERCENT_HP_BONUS","is_prod":false,"is_daily":false,"chose_seed":false,"campfire_upgraded":10,"win_rate":0,"timestamp":1533043309,"path_taken":["M","$","?","M","M","E","R","M","T","R","M","?","M","E","R","BOSS","M","M","$","M","?","R","E","?","T","E","R","?","$","M","R","BOSS","M","M","?","?","M","R","$","E","T","R","E","?","R","E","R","BOSS"],"build_version":"2018-07-26","purchased_purges":2,"victory":true,"max_hp_per_floor":[96,96,96,96,96,96,96,96,96,96,96,96,96,99,99,99,99,99,99,99,99,99,99,102,102,102,102,102,102,102,102,102,102,107,107,107,107,107,107,107,107,107,107,107,107,107,107,107,107,107],"card_choices":[{"not_picked":["Iron Wave","Clothesline"],"picked":"Shrug It Off","floor":1},{"not_picked":["Dropkick","Armaments"],"picked":"Flame Barrier","floor":4},{"not_picked":["Reckless Charge","Wild Strike"],"picked":"Iron Wave","floor":5},{"not_picked":["Flex","Seeing Red"],"picked":"True Grit","floor":6},{"not_picked":["Iron Wave","Heavy Blade"],"picked":"True Grit","floor":8},{"not_picked":["Carnage","Cleave"],"picked":"Rampage","floor":11},{"not_picked":["Headbutt","True Grit"],"picked":"Feed","floor":13},{"not_picked":["Cleave","Wild Strike"],"picked":"Demon Form","floor":14},{"not_picked":["Feed","Bludgeon"],"picked":"Fiend Fire","floor":16},{"not_picked":["Dual Wield","Pommel Strike"],"picked":"Inflame","floor":18},{"not_picked":["Wild Strike","Headbutt"],"picked":"Cleave","floor":19},{"not_picked":["Twin Strike","Flame Barrier"],"picked":"Anger+1","floor":21},{"not_picked":["Seeing Red","Wild Strike"],"picked":"Shrug It Off","floor":24},{"not_picked":["Double Tap","True Grit+1"],"picked":"Battle Trance","floor":27},{"not_picked":["Infernal Blade","Flex+1","Pummel"],"picked":"SKIP","floor":31},{"not_picked":["Bludgeon","Berserk"],"picked":"Impervious","floor":33},{"not_picked":["Twin Strike+1","Wild Strike"],"picked":"Shrug It Off","floor":34},{"not_picked":["Havoc+1","Dropkick"],"picked":"Feel No Pain","floor":35},{"not_picked":["Corruption","Wild Strike+1","Headbutt+1"],"picked":"SKIP","floor":36},{"not_picked":["Finesse","Mind Blast"],"picked":"Flash of Steel","floor":38},{"not_picked":["Sever Soul","True Grit+1"],"picked":"Barricade","floor":39},{"not_picked":["Disarm","Anger+1"],"picked":"Pommel Strike+1","floor":42},{"not_picked":["Corruption","Clash+1","Bloodletting+1"],"picked":"SKIP","floor":45},{"not_picked":["Havoc+1","Warcry+1"],"picked":"True Grit+1","floor":48}],"player_experience":57884,"relics_obtained":[{"floor":3,"key":"Dodecahedron"},{"floor":6,"key":"Blood Vial"},{"floor":9,"key":"Bag of Preparation"},{"floor":14,"key":"Ancient Tea Set"},{"floor":24,"key":"Pen Nib"},{"floor":26,"key":"Shuriken"},{"floor":27,"key":"Gremlin Horn"},{"floor":42,"key":"Bag of Marbles"},{"floor":43,"key":"Toxic Egg 2"},{"floor":45,"key":"Happy Flower"},{"floor":46,"key":"Bottled Lightning"},{"floor":48,"key":"Red Skull"}],"event_choices":[{"event_name":"Mushrooms","player_choice":"Fought Mushrooms","floor":12,"damage_taken":0},{"event_name":"Nest","player_choice":"Stole From Cult","floor":22,"damage_taken":0},{"event_name":"Drug Dealer","player_choice":"Ignored","floor":25,"damage_taken":0},{"event_name":"Cursed Tome","player_choice":"Stopped","floor":29,"damage_taken":0},{"event_name":"Upgrade Shrine","player_choice":"Upgraded","floor":37,"damage_taken":0},{"event_name":"SensoryStone","player_choice":"Memory 1","floor":38,"damage_taken":0}],"is_beta":false,"boss_relics":[{"not_picked":["White Beast Statue","Velvet Choker"],"picked":"Coffee Dripper"},{"not_picked":["Calling Bell","Busted Crown"],"picked":"Tiny House"}],"items_purged_floors":[2,20],"is_endless":false,"potions_floor_spawned":[4,6,11,12,14,16,19,21,24,31,36,39],"ascension_level":0}