{"path_per_floor":["M","?","M","M","$","E","?","M","T","E","$","M","E","?","R","B",null,"M","M","?","?","?","R","E","?","T","M","R","E","M","$","R","B",null,"M","?","M","$","?","M","?","E","T","$","M","?","?","?","R","B"],"character_chosen":"DEFECT","items_purchased":["War Paint","BootSequence","Seek","Flash of Steel","Apotheosis","Thread and Needle","Beam Cell"],"gold_per_floor":[218,218,232,247,17,46,46,62,89,122,46,66,102,102,102,231,231,247,265,265,355,395,395,436,436,436,461,461,492,506,168,168,299,299,320,620,635,331,331,346,346,387,387,38,63,63,63,285,285,285],"floor_reached":51,"campfire_rested":2,"playtime":4253,"item_purchase_floors":[5,11,31,31,38,44,44],"current_hp_per_floor":[72,72,72,68,68,48,48,47,47,39,39,41,35,35,35,35,69,69,60,60,28,16,36,29,52,52,53,53,21,24,24,44,20,69,69,69,69,69,69,29,29,20,20,20,22,22,60,60,60,60],"items_purged":["Regret","Strike_B","Strike_B"],"gold":285,"score":891,"play_id":"2edccb0e-111c-4bf3-9551-e9c6206137a3","local_time":"20180609121054","is_prod":false,"is_daily":false,"chose_seed":false,"is_ascension_mode":true,"campfire_upgraded":3,"win_rate":0,"timestamp":1528564254,"campfire_choices":[{"data":"Scrape","floor":15,"key":"SMITH"},{"floor":23,"key":"REST"},{"data":"Creative AI","floor":28,"key":"SMITH"},{"floor":32,"key":"REST"},{"data":"Apotheosis","floor":49,"key":"SMITH"}],"path_taken":["M","?","M","M","$","E","?","M","T","E","?","M","E","?","R","BOSS","M","M","?","?","?","R","E","?","T","?","R","E","M","$","R","BOSS","M","?","M","$","?","M","?","E","T","$","M","?","?","?","R","BOSS"],"build_version":"2018-06-07v3","seed_source_timestamp":2260912189864,"purchased_purges":3,"victory":true,"master_deck":["Strike_B","Defend_B","Defend_B","Defend_B","Defend_B","Zap+1","Dualcast+1","Go for the Eyes","FTL","Core Surge+1","Conserve Battery","Scrape+1","BootSequence","Glacier","Creative AI+1","Sweeping Beam+1","Swift Strike","Mind Blast","Self Repair","Go for the Eyes","Reinforced Body","Seek","Flash of Steel","Echo Form","Coolheaded+1","Electrodynamics","Apotheosis+1","Finesse","Chill+1","Beam Cell"],"max_hp_per_floor":[75,75,75,75,75,75,69,69,69,69,69,69,69,69,69,69,69,69,69,69,69,69,69,69,69,69,69,69,69,69,69,69,69,69,69,69,69,69,69,69,69,69,69,69,69,69,60,60,60,60],"relics":["Cracked Core","Boot","War Paint","Vajra","Golden Idol","Whetstone","Blood Vial","Dodecahedron","Sozu","Red Mask","Art of War","Blue Candle","Ginger","Lizard Tail","Old Coin","Letter Opener","Juzu Bracelet","Thread and Needle"],"card_choices":[{"not_picked":["Defragment","Gash"],"picked":"Go for the Eyes","floor":1},{"not_picked":["Steam","Streamline"],"picked":"FTL","floor":3},{"not_picked":["Hologram","Go for the Eyes"],"picked":"Core Surge","floor":4},{"not_picked":["Compile Driver","Ball Lightning"],"picked":"Conserve Battery","floor":6},{"not_picked":["Fusion","Gash","Storm"],"picked":"SKIP","floor":8},{"not_picked":["Biased Cognition","Darkness"],"picked":"Scrape","floor":10},{"not_picked":["Go for the Eyes","Leap"],"picked":"Glacier","floor":12},{"not_picked":["Gash","Cold Snap","Compile Driver"],"picked":"SKIP","floor":13},{"not_picked":["Buffer","Biased Cognition"],"picked":"Creative AI","floor":16},{"not_picked":["Leap","Steam Power"],"picked":"Sweeping Beam+1","floor":18},{"not_picked":["Loop","Streamline+1","Lockon+1"],"picked":"SKIP","floor":19},{"not_picked":["Electrodynamics","Aggregate"],"picked":"Self Repair","floor":22},{"not_picked":["Auto Shields","White Noise"],"picked":"Go for the Eyes","floor":24},{"not_picked":["Doom and Gloom","Darkness","Rebound+1"],"picked":"SKIP","floor":27},{"not_picked":["Capacitor+1","Stack"],"picked":"Reinforced Body","floor":29},{"not_picked":["Hologram","Reinforced Body","Rebound"],"picked":"SKIP","floor":30},{"not_picked":["Seek","Biased Cognition"],"picked":"Echo Form","floor":33},{"not_picked":["Undo","Heatsinks+1","Conserve Battery+1"],"picked":"SKIP","floor":35},{"not_picked":["Compile Driver","Lockon+1"],"picked":"Coolheaded+1","floor":36},{"not_picked":["Hello World","Ball Lightning"],"picked":"Electrodynamics","floor":37},{"not_picked":["Deep Breath","Purity"],"picked":"Finesse","floor":39},{"not_picked":["Lockon+1","Storm","Defragment+1"],"picked":"SKIP","floor":40},{"not_picked":["Rebound+1","Coolheaded+1"],"picked":"Chill+1","floor":42},{"not_picked":["Double Energy+1","Cold Snap","Rebound+1"],"picked":"SKIP","floor":45}],"player_experience":202236,"potions_floor_usage":[12,16,18,18,18],"damage_taken":[{"damage":3,"enemies":"2 Louse","floor":1,"turns":2},{"damage":0,"enemies":"Small Slimes","floor":3,"turns":3},{"damage":4,"enemies":"Jaw Worm","floor":4,"turns":3},{"damage":20,"enemies":"Lagavulin","floor":6,"turns":5},{"damage":1,"enemies":"Lots of Slimes","floor":8,"turns":3},{"damage":8,"enemies":"Gremlin Nob","floor":10,"turns":3},{"damage":0,"enemies":"Exordium Wildlife","floor":12,"turns":3},{"damage":8,"enemies":"Lagavulin","floor":13,"turns":6},{"damage":2,"enemies":"Hexaghost","floor":16,"turns":11},{"damage":0,"enemies":"3 Byrds","floor":18,"turns":3},{"damage":9,"enemies":"2 Thieves","floor":19,"turns":3},{"damage":14,"floor":22,"turns":4},{"damage":16,"enemies":"Slavers","floor":24,"turns":5},{"damage":8,"enemies":"Snecko","floor":27,"turns":6},{"damage":34,"enemies":"Book of Stabbing","floor":29,"turns":5},{"damage":6,"enemies":"3 Cultists","floor":30,"turns":4},{"damage":33,"enemies":"Collector","floor":33,"turns":13},{"damage":0,"enemies":"3 Darklings","floor":35,"turns":5},{"damage":0,"floor":36,"turns":4},{"damage":0,"enemies":"3 Shapes","floor":37,"turns":5},{"damage":47,"enemies":"Maw","floor":40,"turns":8},{"damage":60,"enemies":"2 Orb Walkers","floor":42,"turns":6},{"damage":0,"enemies":"4 Shapes","floor":45,"turns":5},{"damage":0,"enemies":"Donu and Deca","floor":50,"turns":10}],"relics_obtained":[{"floor":6,"key":"Vajra"},{"floor":9,"key":"Whetstone"},{"floor":10,"key":"Blood Vial"},{"floor":13,"key":"Dodecahedron"},{"floor":22,"key":"Red Mask"},{"floor":24,"key":"Art of War"},{"floor":26,"key":"Blue Candle"},{"floor":29,"key":"Ginger"},{"floor":36,"key":"Old Coin"},{"floor":42,"key":"Letter Opener"},{"floor":43,"key":"Juzu Bracelet"}],"event_choices":[{"event_name":"Big Fish","player_choice":"Box","floor":2,"damage_taken":0},{"event_name":"Golden Idol","player_choice":"Lose Max HP","floor":7,"damage_taken":0},{"event_name":"Liars Game","player_choice":"disagreed","floor":14,"damage_taken":0},{"event_name":"The Woman in Blue","player_choice":"Bought 0 Potions","floor":20,"damage_taken":0},{"event_name":"Knowing Skull","player_choice":"CARD CARD GOLD ","floor":21,"damage_taken":0},{"event_name":"Masked Bandits","player_choice":"Fought over 355 gold","floor":22,"damage_taken":0},{"event_name":"The Library","player_choice":"Heal","floor":25,"damage_taken":0},{"event_name":"MindBloom","player_choice":"Fight","floor":36,"damage_taken":0},{"event_name":"SensoryStone","player_choice":"Memory 1","floor":39,"damage_taken":0},{"event_name":"Falling","player_choice":"Removed Attack","floor":41,"damage_taken":0},{"event_name":"Mysterious Sphere","player_choice":"Ignore","floor":46,"damage_taken":0},{"event_name":"The Moai Head","player_choice":"Heal","floor":47,"damage_taken":0},{"event_name":"Tomb of Lord Red Mask","player_choice":"Wore Mask","floor":48,"damage_taken":0}],"boss_relics":[{"not_picked":["Black Star","Philosopher\u0027s Stone"],"picked":"Sozu"},{"not_picked":["Nuclear Battery","Runic Pyramid"],"picked":"Lizard Tail"}],"items_purged_floors":[5,31,38],"potions_floor_spawned":[1,10,12,13,16,22,27,29,33,37,45],"seed_played":"-6232136238530053802","ascension_level":3,"potions_obtained":[{"floor":1,"key":"SpeedPotion"},{"floor":10,"key":"GamblersBrew"},{"floor":12,"key":"Block Potion"},{"floor":13,"key":"Explosive Potion"},{"floor":16,"key":"Block Potion"}],"is_trial":false}