{"gold_per_floor":[111,36,47,67,142,170,226,226,301,332,332,349,209,219,219,318,318,330,255,288,288,387,387],"floor_reached":23,"playtime":1447,"items_purged":["Strike_B","Strike_B"],"score":236,"play_id":"8c36e2b9-f9fa-4629-89f9-2afb99564657","local_time":"20190423212211","is_ascension_mode":true,"campfire_choices":[{"floor":11,"key":"REST"},{"data":"Defragment","floor":15,"key":"SMITH"}],"neow_cost":"NONE","seed_source_timestamp":1132080284708320,"circlet_count":0,"master_deck":["Strike_B","Strike_B","Defend_B","Defend_B","Defend_B","Zap","Dualcast","Defragment+1","Glacier","Conserve Battery","Self Repair","Loop","Defragment","Coolheaded"],"relics":["Cracked Core","Omamori","Strawberry","Tiny Chest","Peace Pipe","Black Star","Red Mask"],"potions_floor_usage":[16,16,20,23],"damage_taken":[{"damage":1,"enemies":"Cultist","floor":1,"turns":3},{"damage":4,"enemies":"Small Slimes","floor":3,"turns":3},{"damage":2,"enemies":"Jaw Worm","floor":4,"turns":3},{"damage":17,"enemies":"3 Sentries","floor":6,"turns":11},{"damage":41,"enemies":"Gremlin Nob","floor":10,"turns":6},{"damage":15,"enemies":"Large Slime","floor":12,"turns":6},{"damage":0,"enemies":"Blue Slaver","floor":14,"turns":5},{"damage":2,"enemies":"Hexaghost","floor":16,"turns":13},{"damage":10,"enemies":"Spheric Guardian","floor":18,"turns":6},{"damage":23,"enemies":"2 Thieves","floor":19,"turns":5},{"damage":65,"enemies":"Masked Bandits","floor":20,"turns":6},{"damage":21,"enemies":"Gremlin Leader","floor":23,"turns":3}],"seed_played":"-3053594600633766683","potions_obtained":[{"floor":3,"key":"Poison Potion"},{"floor":4,"key":"Block Potion"},{"floor":14,"key":"AttackPotion"},{"floor":18,"key":"FairyPotion"},{"floor":20,"key":"Swift Potion"}],"is_trial":false,"path_per_floor":["M","$","M","M","?","E","T","?","T","E","R","M","$","M","R","B",null,"M","M","?","?","?","E"],"character_chosen":"DEFECT","items_purchased":["Defragment"],"campfire_rested":1,"item_purchase_floors":[13],"current_hp_per_floor":[74,74,70,68,57,47,47,47,47,6,30,22,22,29,29,34,82,79,63,15,15,15,0],"gold":387,"neow_bonus":"RANDOM_COMMON_RELIC","is_prod":false,"is_daily":false,"chose_seed":false,"campfire_upgraded":1,"win_rate":0,"timestamp":1556068931,"path_taken":["M","$","M","?","?","E","?","?","T","E","R","M","?","M","R","BOSS","M","M","?","?","?","E"],"build_version":"2019-01-23","purchased_purges":2,"victory":false,"max_hp_per_floor":[75,75,75,75,75,82,82,82,82,82,82,82,82,82,82,82,82,82,82,82,82,82,82],"card_choices":[{"not_picked":["Stack","Hologram"],"picked":"Defragment","floor":1},{"not_picked":["Undo","Beam Cell"],"picked":"Glacier","floor":3},{"not_picked":["Gash","Redo","Storm"],"picked":"SKIP","floor":4},{"not_picked":["Streamline","Ball Lightning"],"picked":"Conserve Battery","floor":6},{"not_picked":["Glacier","Amplify"],"picked":"Self Repair","floor":10},{"not_picked":["Recycle","Conserve Battery"],"picked":"Loop","floor":12},{"not_picked":["Leap","Turbo"],"picked":"Coolheaded","floor":14},{"not_picked":["Doom and Gloom","Steam","Sweeping Beam"],"picked":"SKIP","floor":18},{"not_picked":["Streamline","Gash","Chaos"],"picked":"SKIP","floor":19}],"player_experience":93309,"relics_obtained":[{"floor":6,"key":"Strawberry"},{"floor":7,"key":"Tiny Chest"},{"floor":10,"key":"Peace Pipe"},{"floor":20,"key":"Red Mask"}],"event_choices":[{"damage_healed":0,"gold_gain":75,"player_choice":"Gather Gold","damage_taken":11,"max_hp_gain":0,"max_hp_loss":0,"event_name":"World of Goop","floor":5,"gold_loss":0},{"cards_removed":["Defend_B"],"damage_healed":0,"gold_gain":0,"player_choice":"Forget","damage_taken":0,"max_hp_gain":0,"max_hp_loss":0,"event_name":"Living Wall","floor":8,"gold_loss":0},{"damage_healed":0,"gold_gain":0,"player_choice":"Fought Bandits","damage_taken":0,"max_hp_gain":0,"max_hp_loss":0,"event_name":"Masked Bandits","floor":20,"gold_loss":0},{"damage_healed":0,"gold_gain":0,"player_choice":"Ignored","damage_taken":0,"max_hp_gain":0,"max_hp_loss":0,"event_name":"Ghosts","floor":21,"gold_loss":0},{"damage_healed":0,"gold_gain":99,"player_choice":"Stole From Cult","damage_taken":0,"max_hp_gain":0,"max_hp_loss":0,"event_name":"Nest","floor":22,"gold_loss":0}],"is_beta":false,"boss_relics":[{"not_picked":["Coffee Dripper","Orrery"],"picked":"Black Star"}],"items_purged_floors":[2,13],"is_endless":false,"potions_floor_spawned":[3,4,14,18,20],"killed_by":"Gremlin Leader","ascension_level":4}