{"path_per_floor":["M","?","M","?","M","E","?","R","T","R","M","$","?","E","R","B",null,"M","?","M","?","M","R","M","R","T","$","M","M","R","M","R","B",null,"M","M","?","M","$","M","M","R","T","?","R","$","$","M","R","B"],"character_chosen":"DEFECT","items_purchased":["Flash of Steel","Whetstone","Tempest+1"],"gold_per_floor":[110,110,124,124,135,169,169,169,195,195,214,37,137,172,172,270,270,288,288,303,303,317,317,337,337,337,86,101,112,112,125,125,228,228,239,255,255,267,64,76,86,86,112,112,112,112,112,128,128,128],"floor_reached":51,"campfire_rested":4,"playtime":4928,"item_purchase_floors":[12,27,39],"current_hp_per_floor":[75,75,74,59,59,28,28,28,28,65,65,65,65,60,60,52,75,69,69,59,43,43,43,12,49,49,49,46,31,31,31,68,32,75,75,75,66,64,64,40,38,52,52,42,42,42,42,40,81,65],"items_purged":["Defend_B","Defend_B","Defend_B"],"gold":128,"score":639,"play_id":"7cbfa861-c007-4af5-aa2f-d9b2deed61da","local_time":"20180605180510","is_prod":false,"is_daily":false,"chose_seed":false,"is_ascension_mode":true,"campfire_upgraded":2,"win_rate":0,"timestamp":1528239910,"campfire_choices":[{"data":"Zap","floor":8,"key":"SMITH"},{"floor":10,"key":"REST"},{"data":"Chill","floor":15,"key":"SMITH"},{"floor":23,"key":"DIG"},{"floor":25,"key":"REST"},{"floor":30,"key":"DIG"},{"floor":32,"key":"REST"},{"floor":42,"key":"DIG"},{"floor":45,"key":"DIG"},{"floor":49,"key":"REST"}],"path_taken":["M","?","M","?","M","E","?","R","T","R","M","$","?","E","R","BOSS","M","?","?","?","M","R","M","R","T","$","M","M","R","M","R","BOSS","M","?","?","M","$","M","M","R","T","?","R","?","$","M","R","BOSS"],"build_version":"2018-05-31","seed_source_timestamp":96421034137738,"purchased_purges":3,"victory":true,"master_deck":["Strike_B","Strike_B+1","Strike_B+1","Defend_B+1","Zap+1","Dualcast+1","Rip and Tear+1","Auto Shields+1","Chill+1","Chill+1","Sweeping Beam","Leap","Flash of Steel","Auto Shields+1","Machine Learning","Glacier+1","Hologram+1","Necronomicurse","Cold Snap","Capacitor","Barrage+1","FTL","Reboot+1","Rebound+1","Madness+1","Madness+1","Hologram+1","Tempest+1","Finesse+1","Thinking Ahead+1","Dramatic Entrance"],"max_hp_per_floor":[75,75,75,75,75,75,75,75,75,75,75,75,75,75,75,75,75,75,75,75,75,75,75,75,75,75,75,75,75,75,75,75,75,75,75,75,75,75,75,75,75,89,89,89,89,89,89,89,89,89],"relics":["Cracked Core","Regal Pillow","Happy Flower","Toxic Egg 2","Runic Dome","Shovel","Necronomicon","War Paint","Mummified Hand","Whetstone","Potion Belt","Black Star","Mango","Ancient Tea Set","Girya"],"card_choices":[{"not_picked":["Leap","Hologram"],"picked":"Rip and Tear","floor":0},{"not_picked":["Capacitor","Steam"],"picked":"Auto Shields","floor":1},{"not_picked":["Genetic Algorithm","Go for the Eyes"],"picked":"Chill","floor":3},{"not_picked":["Redo","Hologram"],"picked":"Chill","floor":5},{"not_picked":["Compile Driver","Heatsinks"],"picked":"Sweeping Beam","floor":6},{"not_picked":["Stack","Go for the Eyes"],"picked":"Leap","floor":11},{"not_picked":["Gash","Rebound"],"picked":"Auto Shields","floor":14},{"not_picked":["All For One","Biased Cognition"],"picked":"Machine Learning","floor":16},{"not_picked":["Sweeping Beam+1","Steam+1"],"picked":"Glacier+1","floor":18},{"not_picked":["Beam Cell","Go for the Eyes+1"],"picked":"Hologram+1","floor":20},{"not_picked":["Aggregate+1","All For One"],"picked":"Cold Snap","floor":22},{"not_picked":["Turbo+1","Sweeping Beam","Cold Snap+1"],"picked":"SKIP","floor":24},{"not_picked":["Fusion+1","Ball Lightning"],"picked":"Capacitor","floor":28},{"not_picked":["Aggregate+1","Hologram+1"],"picked":"Barrage+1","floor":29},{"not_picked":["Beam Cell","Hologram+1"],"picked":"FTL","floor":31},{"not_picked":["Buffer","Fission+1"],"picked":"Reboot+1","floor":33},{"not_picked":["Compile Driver+1","Go for the Eyes+1","Sweeping Beam+1"],"picked":"SKIP","floor":35},{"not_picked":["Barrage+1","Leap+1"],"picked":"Rebound+1","floor":36},{"not_picked":["Beam Cell","Self Repair+1"],"picked":"Hologram+1","floor":38},{"not_picked":["Force Field+1","Hologram+1","Go for the Eyes"],"picked":"SKIP","floor":40},{"not_picked":["Echo Form","Barrage","Reprogram+1"],"picked":"SKIP","floor":41},{"not_picked":["Panacea+1","Secret Technique+1"],"picked":"Finesse+1","floor":44},{"not_picked":["Trip+1","Secret Technique+1"],"picked":"Thinking Ahead+1","floor":44},{"not_picked":["Master of Strategy+1","Madness+1"],"picked":"Dramatic Entrance","floor":44},{"not_picked":["Stack+1","Loop","Go for the Eyes+1"],"picked":"SKIP","floor":48}],"player_experience":183197,"potions_floor_usage":[16,22,31,33,33,35,50,50,50],"damage_taken":[{"damage":0,"enemies":"Small Slimes","floor":1,"turns":3},{"damage":1,"enemies":"Cultist","floor":3,"turns":3},{"damage":0,"enemies":"Jaw Worm","floor":5,"turns":2},{"damage":31,"enemies":"Gremlin Nob","floor":6,"turns":5},{"damage":0,"enemies":"2 Fungi Beasts","floor":11,"turns":3},{"damage":5,"enemies":"Lagavulin","floor":14,"turns":5},{"damage":23,"enemies":"Slime Boss","floor":16,"turns":11},{"damage":6,"enemies":"2 Thieves","floor":18,"turns":4},{"damage":10,"enemies":"3 Byrds","floor":20,"turns":7},{"damage":15,"enemies":"Cultist and Chosen","floor":22,"turns":8},{"damage":31,"enemies":"Snake Plant","floor":24,"turns":7},{"damage":3,"enemies":"3 Cultists","floor":28,"turns":7},{"damage":15,"enemies":"Slaver and Parasite","floor":29,"turns":8},{"damage":0,"enemies":"Centurion and Healer","floor":31,"turns":7},{"damage":36,"enemies":"Champ","floor":33,"turns":12},{"damage":0,"enemies":"3 Darklings","floor":35,"turns":7},{"damage":0,"enemies":"3 Shapes","floor":36,"turns":5},{"damage":2,"enemies":"Sphere and 2 Shapes","floor":38,"turns":5},{"damage":24,"enemies":"Maw","floor":40,"turns":8},{"damage":2,"enemies":"3 Darklings","floor":41,"turns":5},{"damage":2,"enemies":"4 Shapes","floor":48,"turns":4},{"damage":16,"enemies":"Awakened One","floor":50,"turns":21}],"relics_obtained":[{"floor":6,"key":"Regal Pillow"},{"floor":9,"key":"Happy Flower"},{"floor":14,"key":"Toxic Egg 2"},{"floor":21,"key":"Necronomicon"},{"floor":23,"key":"War Paint"},{"floor":26,"key":"Mummified Hand"},{"floor":30,"key":"Potion Belt"},{"floor":42,"key":"Mango"},{"floor":43,"key":"Ancient Tea Set"},{"floor":45,"key":"Girya"}],"event_choices":[{"event_name":"Accursed Blacksmith","player_choice":"Forge","floor":2,"damage_taken":0},{"event_name":"Shining Light","player_choice":"Entered Light","floor":4,"damage_taken":0},{"event_name":"Purifier","player_choice":"One Purge","floor":7,"damage_taken":0},{"event_name":"Wheel of Change","player_choice":"Gold","floor":13,"damage_taken":0},{"event_name":"The Mausoleum","player_choice":"Yes","floor":19,"damage_taken":0},{"event_name":"Cursed Tome","player_choice":"Obtained Book","floor":21,"damage_taken":0},{"event_name":"Winding Halls","player_choice":"Embrace Madness","floor":37,"damage_taken":0},{"event_name":"SensoryStone","player_choice":"Memory 3","floor":44,"damage_taken":0}],"boss_relics":[{"not_picked":["Nuclear Battery","Calling Bell"],"picked":"Runic Dome"},{"not_picked":["Lizard Tail","Philosopher\u0027s Stone"],"picked":"Black Star"}],"items_purged_floors":[12,27,39],"potions_floor_spawned":[1,5,11,22,24,28,31,38,41,48],"seed_played":"2925992996070332836","ascension_level":1,"potions_obtained":[{"floor":1,"key":"Regen Potion"},{"floor":5,"key":"Poison Potion"},{"floor":11,"key":"Regen Potion"},{"floor":22,"key":"SteroidPotion"},{"floor":24,"key":"Dexterity Potion"},{"floor":28,"key":"AttackPotion"},{"floor":31,"key":"Explosive Potion"},{"floor":38,"key":"Explosive Potion"},{"floor":41,"key":"EssenceOfSteel"},{"floor":48,"key":"Swift Potion"}],"is_trial":false}