{"gold_per_floor":[109,122,122,272,272,304,322,347,347,377,393,393,30,43,43,114,114,125,125,125,125,141,141,174,174,174,192,192,210,64,74,74,153,153,173,183,196,215,225,225],"floor_reached":40,"playtime":1676,"items_purged":["Doubt","Strike_R"],"score":1015,"play_id":"f8267bbb-8703-4efb-9bd9-30d7477da586","local_time":"20190111160416","is_ascension_mode":true,"campfire_choices":[{"data":"Whirlwind","floor":12.0,"key":"SMITH"},{"data":"Inflame","floor":15.0,"key":"SMITH"},{"data":"Infernal Blade","floor":23.0,"key":"SMITH"},{"floor":25.0,"key":"REST"},{"data":"Disarm","floor":28.0,"key":"SMITH"},{"data":"Uppercut","floor":32.0,"key":"SMITH"}],"neow_cost":"NONE","seed_source_timestamp":0,"circlet_count":0,"master_deck":["AscendersBane","Strike_R","Strike_R","Strike_R","Strike_R","Defend_R","Defend_R+1","Defend_R","Defend_R","Bash+1","Anger","Whirlwind+1","Sword Boomerang","Sword Boomerang","Double Tap","Iron Wave","Shrug It Off","Inflame+1","Disarm+1","Limit Break","Infernal Blade+1","Ghostly Armor","Shrug It Off+1","Clothesline","Reaper","Disarm","Metallicize","True Grit","Uppercut+1","Impervious","Shame","Clumsy","Decay","Metallicize+1","True Grit+1","Corruption+1","Parasite"],"special_seed":0,"relics":["Burning Blood","Red Skull","Champion Belt","Strawberry","Question Card","Letter Opener","Lantern","Sozu","Mango","Smiling Mask","Turnip","Calling Bell","Oddly Smooth Stone","Paper Frog","Ice Cream"],"potions_floor_usage":[],"damage_taken":[{"damage":15.0,"enemies":"Small Slimes","floor":1.0,"turns":5.0},{"damage":24.0,"enemies":"Jaw Worm","floor":2.0,"turns":4.0},{"damage":8.0,"enemies":"Gremlin Nob","floor":6.0,"turns":3.0},{"damage":3.0,"enemies":"2 Louse","floor":7.0,"turns":3.0},{"damage":20.0,"enemies":"3 Sentries","floor":8.0,"turns":4.0},{"damage":0.0,"enemies":"Gremlin Nob","floor":10.0,"turns":2.0},{"damage":0.0,"enemies":"Blue Slaver","floor":11.0,"turns":1.0},{"damage":8.0,"enemies":"Exordium Thugs","floor":14.0,"turns":3.0},{"damage":20.0,"enemies":"Slime Boss","floor":16.0,"turns":5.0},{"damage":4.0,"enemies":"3 Byrds","floor":18.0,"turns":5.0},{"damage":37.0,"enemies":"Chosen","floor":22.0,"turns":6.0},{"damage":45.0,"enemies":"Gremlin Leader","floor":24.0,"turns":5.0},{"damage":19.0,"enemies":"Centurion and Healer","floor":27.0,"turns":4.0},{"damage":8.0,"enemies":"Snake Plant","floor":29.0,"turns":2.0},{"damage":0.0,"enemies":"Sentry and Sphere","floor":31.0,"turns":3.0},{"damage":33.0,"enemies":"Collector","floor":33.0,"turns":8.0},{"damage":59.0,"enemies":"3 Darklings","floor":35.0,"turns":4.0},{"damage":14.0,"enemies":"Orb Walker","floor":36.0,"turns":3.0},{"damage":1.0,"enemies":"Sphere and 2 Shapes","floor":37.0,"turns":5.0},{"damage":49.0,"enemies":"Writhing Mass","floor":38.0,"turns":10.0},{"damage":11.0,"enemies":"4 Shapes","floor":39.0,"turns":5.0},{"damage":45,"enemies":"Reptomancer","floor":40,"turns":3}],"seed_played":"8473917320627816299","potions_obtained":[{"floor":1.0,"key":"Swift Potion"},{"floor":6.0,"key":"BloodPotion"},{"floor":11.0,"key":"SteroidPotion"}],"is_trial":false,"path_per_floor":["M","M","?","?","?","E","M","E","T","E","M","R","$","M","R","B",null,"M","?","?","T","M","R","E","R","T","M","R","M","$","M","R","B",null,"M","M","M","M","M","E"],"character_chosen":"IRONCLAD","items_purchased":["Shrug It Off","Inflame","Lantern","Metallicize","True Grit"],"campfire_rested":1,"item_purchase_floors":[13,13,13,30,30],"current_hp_per_floor":[66,48,43,43,18,16,19,20,20,26,32,32,32,30,30,16,71,73,73,73,87,56,56,17,47,47,34,34,47,47,53,53,52,90,73,72,77,38,34,0],"gold":225,"neow_bonus":"TEN_PERCENT_HP_BONUS","is_prod":false,"is_daily":false,"chose_seed":false,"campfire_upgraded":5,"win_rate":0,"timestamp":1547251456,"path_taken":["M","M","?","?","?","E","M","E","T","E","M","R","?","?","R","BOSS","M","?","?","?","M","R","E","R","T","?","R","?","$","M","R","BOSS","M","M","?","M","?","E"],"build_version":"2019-01-10","purchased_purges":2,"victory":false,"max_hp_per_floor":[82,82,82,82,82,82,82,89,89,89,89,89,89,89,89,89,89,89,89,89,103,103,103,103,103,103,103,103,103,103,103,103,103,103,103,103,103,103,103,103],"card_choices":[{"not_picked":["Bloodletting","Cleave"],"picked":"Anger","floor":1.0},{"not_picked":["Heavy Blade","Pommel Strike"],"picked":"Whirlwind","floor":2.0},{"not_picked":["Intimidate","Feel No Pain","Flex"],"picked":"SKIP","floor":6.0},{"not_picked":["Dark Embrace","Warcry"],"picked":"Sword Boomerang","floor":7.0},{"not_picked":["Havoc","Rage"],"picked":"Sword Boomerang","floor":8.0},{"not_picked":["Heavy Blade","Havoc","Bloodletting"],"picked":"Double Tap","floor":10.0},{"not_picked":["Havoc","Cleave","Twin Strike"],"picked":"Iron Wave","floor":11.0},{"not_picked":["Wild Strike","Barricade","Shrug It Off"],"picked":"Disarm","floor":14.0},{"not_picked":["Berserk","Double Tap","Fiend Fire"],"picked":"Limit Break","floor":16.0},{"not_picked":["Pommel Strike+1","Clash","Twin Strike"],"picked":"Infernal Blade","floor":18.0},{"not_picked":["Pommel Strike","Wild Strike","Sword Boomerang"],"picked":"Shrug It Off+1","floor":22.0},{"not_picked":["Heavy Blade","Spot Weakness+1","Armaments"],"picked":"Clothesline","floor":24.0},{"not_picked":["Spot Weakness","Sword Boomerang","Body Slam"],"picked":"Reaper","floor":27.0},{"not_picked":["Wild Strike","Heavy Blade","Flame Barrier"],"picked":"Disarm","floor":29.0},{"not_picked":["Perfected Strike","Heavy Blade","Clothesline+1"],"picked":"Uppercut","floor":31.0},{"not_picked":["Dark Embrace","Reaper","Double Tap"],"picked":"Impervious","floor":33.0},{"not_picked":["Burning Pact+1","Thunderclap","Sword Boomerang"],"picked":"Metallicize+1","floor":35.0},{"not_picked":["Armaments","Anger","Shrug It Off"],"picked":"True Grit+1","floor":36.0},{"not_picked":["Sword Boomerang+1","Headbutt","Burning Pact"],"picked":"Corruption+1","floor":37.0},{"not_picked":["Spot Weakness","Armaments","Seeing Red+1","Body Slam+1"],"picked":"SKIP","floor":38.0},{"not_picked":["Anger+1","Perfected Strike+1","Headbutt","Dropkick"],"picked":"SKIP","floor":39.0}],"player_experience":1107799,"relics_obtained":[{"floor":6.0,"key":"Champion Belt"},{"floor":8.0,"key":"Strawberry"},{"floor":9.0,"key":"Question Card"},{"floor":10.0,"key":"Letter Opener"},{"floor":21.0,"key":"Mango"},{"floor":24.0,"key":"Smiling Mask"},{"floor":26.0,"key":"Turnip"},{"floor":34.0,"key":"Oddly Smooth Stone"},{"floor":34.0,"key":"Paper Frog"},{"floor":34.0,"key":"Ice Cream"}],"event_choices":[{"damage_healed":0.0,"max_hp_gain":0.0,"max_hp_loss":0.0,"gold_gain":0.0,"event_name":"Scrap Ooze","player_choice":"Success","floor":3.0,"gold_loss":0.0,"damage_taken":5.0,"relics_obtained":["Red Skull"]},{"damage_healed":0.0,"max_hp_gain":0.0,"max_hp_loss":0.0,"gold_gain":150.0,"event_name":"Liars Game","player_choice":"AGREE","floor":4.0,"gold_loss":0.0,"damage_taken":0.0,"cards_obtained":["Doubt"]},{"damage_healed":0.0,"max_hp_gain":0.0,"max_hp_loss":0.0,"gold_gain":0.0,"event_name":"Shining Light","player_choice":"Entered Light","floor":5.0,"gold_loss":0.0,"damage_taken":25.0,"cards_upgraded":["Defend_R","Bash"]},{"damage_healed":0.0,"max_hp_gain":0.0,"max_hp_loss":0.0,"gold_gain":0.0,"event_name":"The Library","player_choice":"Read","floor":19.0,"gold_loss":0.0,"damage_taken":0.0,"cards_obtained":["Ghostly Armor"]},{"damage_healed":0.0,"max_hp_gain":0.0,"max_hp_loss":0.0,"gold_gain":0.0,"event_name":"Ghosts","player_choice":"Ignored","floor":20.0,"gold_loss":0.0,"damage_taken":0.0}],"is_beta":false,"boss_relics":[{"not_picked":["Empty Cage","Orrery"],"picked":"Sozu"},{"not_picked":["Snecko Eye","White Beast Statue"],"picked":"Calling Bell"}],"items_purged_floors":[13,30],"is_endless":false,"potions_floor_spawned":[1,6,11,18,31,35,37,38],"killed_by":"Reptomancer","ascension_level":18}