{"gold_per_floor":[11,11,26,40,40,40,56,72,95,123,123,180,180,210,210,309,309,320,5,5,20,30,30,30,42,42,42,59,85,85,99,99,196,196,214,214,214,233,233,233,84,84,84,84,84,132,163,180,180,180],"floor_reached":50,"playtime":3290,"items_purged":["Pain","Strike_G"],"score":813,"play_id":"c8c05ea6-cec9-4768-b4fe-021fa68954de","local_time":"20190208155659","is_ascension_mode":true,"campfire_choices":[{"data":"Glass Knife","floor":6.0,"key":"SMITH"},{"data":"Neutralize","floor":11.0,"key":"SMITH"},{"data":"Crippling Poison","floor":13.0,"key":"SMITH"},{"data":"Deadly Poison","floor":15.0,"key":"SMITH"},{"data":"Die Die Die","floor":23.0,"key":"SMITH"},{"data":"Footwork","floor":30.0,"key":"SMITH"},{"data":"Bouncing Flask","floor":32.0,"key":"SMITH"},{"data":"Predator","floor":40.0,"key":"SMITH"},{"data":"Backflip","floor":42.0,"key":"SMITH"},{"data":"Well Laid Plans","floor":44.0,"key":"SMITH"},{"data":"PiercingWail","floor":49.0,"key":"SMITH"}],"neow_cost":"NO_GOLD","seed_source_timestamp":145891152988070,"circlet_count":0,"master_deck":["AscendersBane","Defend_G","Defend_G","Defend_G","Defend_G","Defend_G","Strike_G","Strike_G","Strike_G","Survivor","Neutralize+1","Deadly Poison+1","Glass Knife+1","PiercingWail+1","Crippling Poison+1","Bouncing Flask+1","Die Die Die+1","Well Laid Plans+1","Dash","Quick Slash","Footwork+1","Backflip+1","Adrenaline","Predator+1","Good Instincts","Well Laid Plans","Bouncing Flask+1"],"special_seed":0,"relics":["Ring of the Snake","Gambling Chip","WarpedTongs","Juzu Bracelet","Happy Flower","Tiny Chest","Pantograph","HoveringKite","Gremlin Horn","Meat on the Bone","Anchor","Black Star","Bottled Lightning","Vajra","Ornamental Fan","Orichalcum"],"potions_floor_usage":[50,50],"damage_taken":[{"damage":0.0,"enemies":"Small Slimes","floor":1.0,"turns":3.0},{"damage":0.0,"enemies":"2 Louse","floor":3.0,"turns":2.0},{"damage":0.0,"enemies":"Cultist","floor":4.0,"turns":3.0},{"damage":4.0,"enemies":"2 Fungi Beasts","floor":7.0,"turns":3.0},{"damage":0.0,"enemies":"Exordium Thugs","floor":8.0,"turns":3.0},{"damage":8.0,"enemies":"3 Sentries","floor":10.0,"turns":4.0},{"damage":18.0,"enemies":"Lagavulin","floor":12.0,"turns":5.0},{"damage":4.0,"enemies":"3 Sentries","floor":14.0,"turns":5.0},{"damage":7.0,"enemies":"The Guardian","floor":16.0,"turns":7.0},{"damage":6.0,"enemies":"Spheric Guardian","floor":18.0,"turns":3.0},{"damage":8.0,"enemies":"Chosen","floor":21.0,"turns":3.0},{"damage":3.0,"enemies":"Centurion and Healer","floor":22.0,"turns":4.0},{"damage":2.0,"enemies":"Shelled Parasite and Fungi","floor":25.0,"turns":5.0},{"damage":5.0,"enemies":"3 Cultists","floor":28.0,"turns":4.0},{"damage":4.0,"enemies":"Slavers","floor":29.0,"turns":5.0},{"damage":0.0,"enemies":"Chosen and Byrds","floor":31.0,"turns":4.0},{"damage":82.0,"enemies":"Champ","floor":33.0,"turns":12.0},{"damage":3.0,"enemies":"3 Darklings","floor":35.0,"turns":4.0},{"damage":0.0,"enemies":"3 Shapes","floor":38.0,"turns":3.0},{"damage":12.0,"enemies":"Reptomancer","floor":47.0,"turns":6.0},{"damage":0.0,"enemies":"Sphere and 2 Shapes","floor":48.0,"turns":3.0},{"damage":80,"enemies":"Donu and Deca","floor":50,"turns":9}],"seed_played":"-162779611521754838","potions_obtained":[{"floor":3.0,"key":"SkillPotion"},{"floor":7.0,"key":"Explosive Potion"},{"floor":12.0,"key":"Block Potion"},{"floor":18.0,"key":"LiquidBronze"},{"floor":25.0,"key":"Dexterity Potion"},{"floor":31.0,"key":"Regen Potion"},{"floor":35.0,"key":"GhostInAJar"},{"floor":48.0,"key":"Weak Potion"}],"is_trial":false,"path_per_floor":["M","?","M","M","?","R","M","M","T","E","R","E","R","E","R","B",null,"M","$","?","M","M","R","?","M","T","?","M","E","R","M","R","B",null,"M","?","?","M","?","R","$","R","T","R","$","T","E","M","R","B"],"character_chosen":"THE_SILENT","items_purchased":["Gremlin Horn","Block Potion"],"campfire_rested":0,"item_purchase_floors":[19,41],"current_hp_per_floor":[63,56,56,56,56,56,52,52,52,44,44,26,26,22,22,40,63,57,57,57,49,46,46,46,44,44,31,38,46,46,46,46,16,60,57,57,57,57,57,57,57,57,57,57,57,57,45,45,45,0],"gold":180,"neow_bonus":"ONE_RARE_RELIC","is_prod":false,"is_daily":false,"chose_seed":false,"campfire_upgraded":11,"win_rate":0,"timestamp":1549637819,"path_taken":["M","?","M","M","?","R","M","?","T","E","R","E","R","E","R","BOSS","M","$","?","M","M","R","?","M","T","?","M","E","R","M","R","BOSS","M","?","?","M","?","R","$","R","T","R","$","?","E","M","R","BOSS"],"build_version":"2019-01-23","purchased_purges":2,"victory":false,"max_hp_per_floor":[70,70,70,70,70,70,70,70,70,70,70,70,70,70,70,70,70,70,70,70,70,70,70,70,70,70,75,75,75,75,75,75,75,75,75,75,75,75,75,75,75,75,75,75,75,75,75,75,75,75],"card_choices":[{"not_picked":["Poisoned Stab","Prepared"],"picked":"Deadly Poison","floor":1.0},{"not_picked":["Backflip","Dodge and Roll"],"picked":"Dagger Throw","floor":3.0},{"not_picked":["Dodge and Roll","Footwork"],"picked":"Glass Knife","floor":4.0},{"not_picked":["Caltrops","Blur","Distraction"],"picked":"SKIP","floor":7.0},{"not_picked":["PiercingWail","Distraction","Riddle With Holes"],"picked":"SKIP","floor":8.0},{"not_picked":["Distraction","Riddle With Holes"],"picked":"PiercingWail","floor":8.0},{"not_picked":["Prepared","Bane","Concentrate"],"picked":"SKIP","floor":10.0},{"not_picked":["Heel Hook","Bane"],"picked":"Crippling Poison","floor":12.0},{"not_picked":["Prepared","Quick Slash"],"picked":"Bouncing Flask","floor":14.0},{"not_picked":["After Image","Adrenaline"],"picked":"Die Die Die","floor":16.0},{"not_picked":["Heel Hook","Choke"],"picked":"Well Laid Plans","floor":18.0},{"not_picked":["Underhanded Strike+1","Quick Slash+1"],"picked":"Dash","floor":21.0},{"not_picked":["Bouncing Flask","Calculated Gamble"],"picked":"Quick Slash","floor":22.0},{"not_picked":["Dagger Throw","Storm of Steel","Outmaneuver"],"picked":"SKIP","floor":25.0},{"not_picked":["Slice","Sucker Punch","Concentrate+1"],"picked":"SKIP","floor":28.0},{"not_picked":["Prepared","Backflip"],"picked":"Footwork","floor":29.0},{"not_picked":["Flechettes","Caltrops+1"],"picked":"Backflip","floor":31.0},{"not_picked":["Storm of Steel","Bullet Time"],"picked":"Adrenaline","floor":33.0},{"not_picked":["Accuracy","Bane"],"picked":"Predator","floor":35.0},{"not_picked":["Forethought","Swift Strike"],"picked":"Good Instincts","floor":37.0},{"not_picked":["Cloak And Dagger","Dagger Throw"],"picked":"Well Laid Plans","floor":38.0},{"not_picked":["Setup","Predator+1","Flying Knee"],"picked":"SKIP","floor":47.0},{"not_picked":["PiercingWail","Bane"],"picked":"Bouncing Flask+1","floor":48.0}],"player_experience":340338,"relics_obtained":[{"floor":9.0,"key":"Juzu Bracelet"},{"floor":10.0,"key":"Happy Flower"},{"floor":12.0,"key":"Tiny Chest"},{"floor":14.0,"key":"Pantograph"},{"floor":26.0,"key":"Meat on the Bone"},{"floor":29.0,"key":"Anchor"},{"floor":43.0,"key":"Bottled Lightning"},{"floor":46.0,"key":"Vajra"},{"floor":47.0,"key":"Ornamental Fan"},{"floor":47.0,"key":"Orichalcum"}],"event_choices":[{"cards_removed":["Strike_G"],"damage_healed":0.0,"max_hp_gain":0.0,"max_hp_loss":0.0,"gold_gain":0.0,"event_name":"Golden Wing","player_choice":"Card Removal","floor":2.0,"gold_loss":0.0,"damage_taken":7.0},{"damage_healed":0.0,"max_hp_gain":0.0,"max_hp_loss":0.0,"gold_gain":0.0,"event_name":"Accursed Blacksmith","player_choice":"Rummage","floor":5.0,"gold_loss":0.0,"damage_taken":0.0,"relics_obtained":["WarpedTongs"],"cards_obtained":["Pain"]},{"damage_healed":0.0,"max_hp_gain":0.0,"max_hp_loss":0.0,"gold_gain":0.0,"event_name":"N\u0027loth","player_choice":"Ignored","floor":20.0,"gold_loss":0.0,"damage_taken":0.0},{"damage_healed":0.0,"max_hp_gain":0.0,"max_hp_loss":0.0,"gold_gain":0.0,"event_name":"Ghosts","player_choice":"Ignored","floor":24.0,"gold_loss":0.0,"damage_taken":0.0},{"damage_healed":0.0,"max_hp_gain":5.0,"max_hp_loss":0.0,"gold_gain":0.0,"event_name":"Forgotten Altar","player_choice":"Shed Blood","floor":27.0,"gold_loss":0.0,"damage_taken":18.0},{"damage_healed":0.0,"max_hp_gain":0.0,"max_hp_loss":0.0,"gold_gain":0.0,"event_name":"Match and Keep!","player_choice":"0 cards matched","floor":36.0,"gold_loss":0.0,"damage_taken":0.0,"cards_obtained":[]},{"damage_healed":0.0,"max_hp_gain":0.0,"max_hp_loss":0.0,"gold_gain":0.0,"event_name":"SensoryStone","player_choice":"Memory 1","floor":37.0,"gold_loss":0.0,"damage_taken":0.0},{"cards_removed":["Dagger Throw"],"damage_healed":0.0,"max_hp_gain":0.0,"max_hp_loss":0.0,"gold_gain":0.0,"event_name":"Falling","player_choice":"Removed Attack","floor":39.0,"gold_loss":0.0,"damage_taken":0.0}],"is_beta":false,"boss_relics":[{"not_picked":["Ring of the Serpent","WristBlade"],"picked":"HoveringKite"},{"not_picked":["Calling Bell","Pandora\u0027s Box"],"picked":"Black Star"}],"items_purged_floors":[19,41],"is_endless":false,"potions_floor_spawned":[3,7,12,18,25,31,35,48],"killed_by":"Donu and Deca","ascension_level":12}