{"gold_per_floor":[113,113,63,15,33,67,67,67,67,86,24,49,66,78,78,78],"floor_reached":16,"playtime":615,"items_purged":[],"score":182,"play_id":"7c62453a-0907-4d3a-8910-d527e2bdd00d","local_time":"20190201160703","is_ascension_mode":true,"campfire_choices":[{"data":"Neutralize","floor":7.0,"key":"SMITH"},{"data":"Footwork","floor":15,"key":"SMITH"}],"neow_cost":"NONE","seed_source_timestamp":21449706812905,"circlet_count":0,"master_deck":["Defend_G","Defend_G","Defend_G","Defend_G","Strike_G","Strike_G","Strike_G","Strike_G","Survivor","Neutralize+1","Backflip","Flying Knee","A Thousand Cuts+1","PiercingWail+1","Blur+1","Footwork+1","PiercingWail+1","Deflect+1"],"special_seed":0,"relics":["Ring of the Snake","NeowsBlessing","The Courier","Toxic Egg 2","Bottled Flame"],"potions_floor_usage":[16],"damage_taken":[{"damage":0.0,"enemies":"2 Louse","floor":1.0,"turns":1.0},{"damage":0.0,"enemies":"Jaw Worm","floor":5.0,"turns":1.0},{"damage":0.0,"enemies":"3 Sentries","floor":6.0,"turns":1.0},{"damage":0,"enemies":"Small Slimes","floor":10,"turns":4},{"damage":34,"enemies":"Gremlin Nob","floor":12,"turns":5},{"damage":14,"enemies":"Exordium Thugs","floor":13,"turns":6},{"damage":1,"enemies":"Large Slime","floor":14,"turns":7},{"damage":9,"enemies":"Hexaghost","floor":16,"turns":13}],"seed_played":"6819749072104346896","potions_obtained":[{"floor":10,"key":"Regen Potion"},{"floor":13,"key":"SmokeBomb"},{"floor":14,"key":"Dexterity Potion"}],"is_trial":false,"path_per_floor":["M","?","?","$","M","E","R","?","T","M","$","E","M","M","R","B"],"character_chosen":"THE_SILENT","items_purchased":["Backflip","Blur+1"],"campfire_rested":0,"item_purchase_floors":[4,11],"current_hp_per_floor":[63,56,56,56,56,56,56,56,56,56,56,22,8,7,7,0],"gold":78,"neow_bonus":"THREE_ENEMY_KILL","is_prod":false,"is_daily":false,"chose_seed":false,"campfire_upgraded":2,"win_rate":0,"timestamp":1549033623,"path_taken":["M","?","?","?","M","E","R","?","T","M","$","E","M","?","R","BOSS"],"build_version":"2019-01-23","purchased_purges":0,"victory":false,"max_hp_per_floor":[70,70,70,70,70,70,70,70,70,70,70,70,70,70,70,70],"card_choices":[{"not_picked":["Prepared","Acrobatics","Bane"],"picked":"SKIP","floor":1.0},{"not_picked":["Blade Dance","Accuracy"],"picked":"Flying Knee","floor":5.0},{"not_picked":["Riddle With Holes","Flechettes"],"picked":"A Thousand Cuts","floor":6.0},{"not_picked":["Prepared+1","Sucker Punch"],"picked":"PiercingWail+1","floor":10},{"not_picked":["Sucker Punch","Endless Agony"],"picked":"Footwork","floor":12},{"not_picked":["Infinite Blades","Predator"],"picked":"PiercingWail+1","floor":13},{"not_picked":["Eviscerate","Sucker Punch"],"picked":"Deflect+1","floor":14}],"player_experience":235872,"relics_obtained":[{"floor":6.0,"key":"The Courier"},{"floor":9.0,"key":"Toxic Egg 2"},{"floor":12,"key":"Bottled Flame"}],"event_choices":[{"cards_removed":["Strike_G"],"damage_healed":0.0,"max_hp_gain":0.0,"max_hp_loss":0.0,"gold_gain":0.0,"event_name":"Golden Wing","player_choice":"Card Removal","floor":2.0,"gold_loss":0.0,"damage_taken":7.0},{"cards_removed":["Defend_G"],"damage_healed":0.0,"max_hp_gain":0.0,"max_hp_loss":0.0,"gold_gain":0.0,"event_name":"The Cleric","player_choice":"Card Removal","floor":3.0,"gold_loss":50.0,"damage_taken":0.0},{"damage_healed":0.0,"max_hp_gain":0.0,"max_hp_loss":0.0,"gold_gain":0.0,"event_name":"Upgrade Shrine","player_choice":"Upgraded","floor":8.0,"gold_loss":0.0,"damage_taken":0.0,"cards_upgraded":["A Thousand Cuts"]}],"is_beta":false,"boss_relics":[],"items_purged_floors":[],"is_endless":false,"potions_floor_spawned":[10,13,14],"killed_by":"Hexaghost","ascension_level":7}