{"gold_per_floor":[146,146,158,83,103,130,130,144,212,212,88,98,111,111,111,209,209,229,104,115,115],"floor_reached":21,"playtime":1445,"items_purged":["Strike_B","Strike_B","Pain"],"score":217,"play_id":"dd642bc2-db67-4a11-b621-d889ee39a276","local_time":"20180724214451","is_ascension_mode":true,"campfire_choices":[{"floor":7,"key":"REST"},{"floor":10,"key":"DIG"},{"floor":15,"key":"REST"}],"neow_cost":"NONE","seed_source_timestamp":26693847227863,"circlet_count":0,"master_deck":["Strike_B","Defend_B","Defend_B","Defend_B","Defend_B","Zap","Dualcast","Ball Lightning","Chaos","Coolheaded","Static Discharge","Go for the Eyes","Cold Snap","Conserve Battery","Multi-Cast","Writhe","Injury"],"relics":["Cracked Core","Tiny Chest","Shovel","Bottled Tornado","Dream Catcher","Calling Bell","Strawberry","Pantograph","Gambling Chip"],"potions_floor_usage":[6,16,18],"damage_taken":[{"damage":0,"enemies":"Small Slimes","floor":1,"turns":2},{"damage":2,"enemies":"Jaw Worm","floor":3,"turns":3},{"damage":0,"enemies":"Cultist","floor":5,"turns":2},{"damage":42,"enemies":"Gremlin Nob","floor":6,"turns":4},{"damage":6,"enemies":"Exordium Wildlife","floor":8,"turns":3},{"damage":14,"enemies":"Exordium Thugs","floor":12,"turns":4},{"damage":21,"enemies":"Lots of Slimes","floor":13,"turns":2},{"damage":13,"enemies":"Hexaghost","floor":16,"turns":10},{"damage":35,"enemies":"2 Thieves","floor":18,"turns":5},{"damage":9,"enemies":"3 Byrds","floor":20,"turns":5},{"damage":45,"enemies":"Snecko","floor":21,"turns":4}],"seed_played":"704238298504754734","potions_obtained":[{"floor":1,"key":"SkillPotion"},{"floor":8,"key":"PowerPotion"},{"floor":12,"key":"Swift Potion"}],"is_trial":false,"path_per_floor":["M","?","M","$","M","E","R","M","T","R","$","M","M","?","R","B",null,"M","$","M"],"character_chosen":"DEFECT","items_purchased":["Go for the Eyes"],"campfire_rested":2,"item_purchase_floors":[11],"current_hp_per_floor":[75,68,66,66,66,24,46,40,40,40,40,26,5,5,27,14,82,47,47,38,0],"gold":115,"neow_bonus":"RANDOM_COMMON_RELIC","is_prod":false,"is_daily":false,"chose_seed":false,"campfire_upgraded":0,"win_rate":0,"timestamp":1532493891,"path_taken":["M","?","M","?","?","E","R","M","T","R","$","M","M","?","R","BOSS","M","$","M","M"],"build_version":"2018-07-19v2","purchased_purges":3,"victory":false,"max_hp_per_floor":[75,75,75,75,75,75,75,75,75,75,75,75,75,75,75,75,82,82,82,82,82],"card_choices":[{"not_picked":["Undo","Redo"],"picked":"Ball Lightning","floor":1},{"not_picked":["Go for the Eyes","Hologram"],"picked":"Chaos","floor":3},{"not_picked":["Hologram","Scrape","Beam Cell"],"picked":"SKIP","floor":5},{"not_picked":["Heatsinks","Leap"],"picked":"Coolheaded","floor":6},{"not_picked":["BootSequence","Ball Lightning"],"picked":"Static Discharge","floor":8},{"not_picked":["Coolheaded","Aggregate"],"picked":"Cold Snap","floor":12},{"not_picked":["Sweeping Beam","Consume","All For One"],"picked":"SKIP","floor":13},{"not_picked":["Meteor Strike","All For One"],"picked":"Multi-Cast","floor":16},{"not_picked":["Heatsinks","Steam Power","Reinforced Body"],"picked":"SKIP","floor":18},{"not_picked":["Melter","Sweeping Beam+1","Streamline"],"picked":"SKIP","floor":20}],"player_experience":654756,"relics_obtained":[{"floor":6,"key":"Shovel"},{"floor":9,"key":"Bottled Tornado"},{"floor":10,"key":"Dream Catcher"},{"floor":17,"key":"Strawberry"},{"floor":17,"key":"Pantograph"},{"floor":17,"key":"Gambling Chip"}],"event_choices":[{"event_name":"Golden Wing","player_choice":"Card Removal","floor":2,"damage_taken":0},{"event_name":"Match and Keep!","player_choice":"1 cards matched","floor":14,"damage_taken":0}],"is_beta":false,"boss_relics":[{"not_picked":["Snecko Eye","Lizard Tail"],"picked":"Calling Bell"}],"items_purged_floors":[4,11,19],"is_endless":false,"potions_floor_spawned":[1,8,12],"killed_by":"Snecko","ascension_level":4}