{"path_per_floor":["M","M","M","?","$","E","R","E","T","R","M","R","?","$","R","B",null,"M","?","M","$","M","E","?"],"character_chosen":"IRONCLAD","items_purchased":["Mercury Hourglass","Fire Breathing","Swift Strike"],"gold_per_floor":[116,135,150,100,25,350,350,385,385,385,398,398,398,298,298,429,429,450,700,715,156,170,209,209,209],"floor_reached":25,"campfire_rested":1,"playtime":1828,"current_hp_per_floor":[72,72,72,72,72,56,56,29,29,29,34,34,34,34,55,39,72,57,57,62,62,42,21,21,0],"items_purged":["Strike_R","Injury","Regret"],"gold":209,"score":255,"play_id":"ca7b9e45-34a9-49eb-86f1-022df3848041","local_time":"20180329230533","is_prod":false,"is_daily":false,"is_ascension_mode":false,"campfire_upgraded":3,"timestamp":1522389933,"path_taken":["M","M","M","?","$","E","R","E","T","R","M","R","?","$","R","BOSS","M","?","?","$","M","E","?","M"],"build_version":"2018-03-29","purchased_purges":3,"victory":false,"master_deck":["Strike_R","Defend_R","Defend_R","Defend_R","Defend_R","Bash+1","Anger+1","Whirlwind+1","Impervious","Rage","Shrug It Off","Limit Break","Inflame","Metallicize","Fire Breathing","Swift Strike","Shrug It Off","Inflame","Ghostly","Ghostly","Ghostly","Ghostly","Ghostly"],"max_hp_per_floor":[72,72,72,72,72,72,72,72,72,72,72,72,72,72,72,72,72,72,72,72,72,72,82,41,41],"relics":["Black Blood","Old Coin","Orichalcum","Sundial","Golden Idol","Mercury Hourglass","Pear"],"card_choices":[{"not_picked":["Sword Boomerang","Second Wind"],"picked":"Anger","floor":1},{"not_picked":["True Grit","Clothesline"],"picked":"Whirlwind","floor":2},{"not_picked":["Thunderclap","Armaments"],"picked":"Impervious","floor":3},{"not_picked":["Searing Blow","Headbutt"],"picked":"Rage","floor":6},{"not_picked":["Heavy Blade","Corruption"],"picked":"Shrug It Off","floor":11},{"not_picked":["Dark Embrace","Bludgeon"],"picked":"Limit Break","floor":16},{"not_picked":["Thunderclap","Headbutt"],"picked":"Inflame","floor":18},{"not_picked":["Burning Pact","Uppercut"],"picked":"Metallicize","floor":20},{"not_picked":["Dropkick","Anger"],"picked":"Shrug It Off","floor":22},{"not_picked":["Feel No Pain","Combust"],"picked":"Inflame","floor":23}],"player_experience":180477,"potions_floor_usage":[16,23,25],"damage_taken":[{"damage":2,"enemies":"Small Slimes","floor":1,"turns":6},{"damage":3,"enemies":"Jaw Worm","floor":2,"turns":5},{"damage":5,"enemies":"Cultist","floor":3,"turns":4},{"damage":22,"enemies":"3 Sentries","floor":6,"turns":7},{"damage":33,"enemies":"Lagavulin","floor":8,"turns":9},{"damage":1,"enemies":"Exordium Thugs","floor":11,"turns":3},{"damage":22,"enemies":"Hexaghost","floor":16,"turns":12},{"damage":25,"enemies":"2 Thieves","floor":18,"turns":4},{"damage":5,"enemies":"Spheric Guardian","floor":20,"turns":3},{"damage":30,"enemies":"Cultist and Chosen","floor":22,"turns":8},{"damage":41,"enemies":"Gremlin Leader","floor":23,"turns":8},{"damage":29,"enemies":"Slaver and Parasite","floor":25,"turns":5}],"event_choices":[{"event_name":"The Cleric","player_choice":"Card Removal","floor":4,"damage_taken":0},{"event_name":"Golden Idol","player_choice":"Take Wound","floor":13,"damage_taken":0},{"event_name":"Golden Shrine","player_choice":"Desecrate","floor":19,"damage_taken":0},{"event_name":"Ghosts","player_choice":"Became a Ghost","floor":24,"damage_taken":0}],"boss_relics":[{"not_picked":["Tiny House","Runic Dome"],"picked":"Black Blood"}],"potions_floor_spawned":[6,8,16,20,23],"seed_played":"-9096942159872006876","killed_by":"Slaver and Parasite","ascension_level":0,"is_trial":false}