{"gold_per_floor":[17,27,45,195,208,208,243,243,543,543,578,578],"floor_reached":12,"playtime":504,"items_purged":[],"score":188,"play_id":"7ab99b10-d07b-48be-9937-5e3905acc93b","local_time":"20180828131338","is_ascension_mode":true,"campfire_choices":[{"data":"Zap","floor":6.0,"key":"SMITH"},{"data":"Dualcast","floor":8.0,"key":"SMITH"}],"neow_cost":"NO_GOLD","seed_source_timestamp":0,"circlet_count":0,"master_deck":["Strike_B","Strike_B","Strike_B","Strike_B","Defend_B","Defend_B","Defend_B","Defend_B","Zap+1","Dualcast+1","AscendersBane","Go for the Eyes","Defragment","Doubt","Go for the Eyes","Capacitor","Parasite"],"special_seed":0,"relics":["Cracked Core","Mango","Old Coin","Girya"],"potions_floor_usage":[],"damage_taken":[{"damage":4.0,"enemies":"Jaw Worm","floor":1.0,"turns":4.0},{"damage":1.0,"enemies":"2 Louse","floor":2.0,"turns":3.0},{"damage":0.0,"enemies":"Small Slimes","floor":3.0,"turns":3.0},{"damage":9.0,"enemies":"Red Slaver","floor":5.0,"turns":4.0},{"damage":37.0,"enemies":"Gremlin Nob","floor":7.0,"turns":5.0},{"damage":59,"enemies":"3 Sentries","floor":11,"turns":9},{"damage":8,"enemies":"Large Slime","floor":12,"turns":1}],"seed_played":"-5886976233809157814","potions_obtained":[{"floor":1.0,"key":"Block Potion"}],"is_trial":false,"path_per_floor":["M","M","M","?","M","R","E","R","T","?","E"],"character_chosen":"DEFECT","items_purchased":[],"campfire_rested":0,"item_purchase_floors":[],"current_hp_per_floor":[74,73,73,73,64,64,41,41,41,65,6,0],"gold":578,"neow_bonus":"TWENTY_PERCENT_HP_BONUS","is_prod":false,"is_daily":false,"chose_seed":false,"campfire_upgraded":2,"win_rate":0,"timestamp":1535487218,"path_taken":["M","M","M","?","M","R","E","R","T","?","E","?"],"build_version":"2018-08-23v2","purchased_purges":0,"victory":false,"max_hp_per_floor":[85,85,85,85,85,85,99,99,99,99,99,99],"card_choices":[{"not_picked":["Reprogram","Beam Cell","Steam"],"picked":"SKIP","floor":1.0},{"not_picked":["Beam Cell","Rebound"],"picked":"Go for the Eyes","floor":2.0},{"not_picked":["Compile Driver","Static Discharge"],"picked":"Defragment","floor":3.0},{"not_picked":["Beam Cell","Barrage"],"picked":"Go for the Eyes","floor":5.0},{"not_picked":["Multi-Cast","BootSequence"],"picked":"Capacitor","floor":7.0},{"not_picked":["Lockon","Turbo","Heatsinks"],"picked":"SKIP","floor":11}],"player_experience":811940,"relics_obtained":[{"floor":7.0,"key":"Mango"},{"floor":9.0,"key":"Old Coin"},{"floor":11,"key":"Girya"}],"event_choices":[{"event_name":"Liars Game","player_choice":"agreed","floor":4.0,"damage_taken":0.0},{"event_name":"Mushrooms","player_choice":"Healed and dodged fight","floor":10,"damage_taken":0}],"is_beta":false,"boss_relics":[],"items_purged_floors":[],"is_endless":false,"potions_floor_spawned":[1],"killed_by":"Large Slime","ascension_level":17}