{"gold_per_floor":[113,113,127,127,138,138,169,169,169,195,118,66,83,83],"floor_reached":14,"playtime":2581,"items_purged":[],"score":186,"play_id":"e85f0777-d3cf-4faf-b72e-11fc7b276371","local_time":"20190222181139","is_ascension_mode":true,"campfire_choices":[{"data":"Corruption","floor":6.0,"key":"SMITH"},{"data":"Bash","floor":8.0,"key":"SMITH"}],"neow_cost":"NONE","seed_source_timestamp":0,"circlet_count":0,"master_deck":["AscendersBane","Strike_R","Strike_R","Strike_R","Strike_R","Defend_R","Defend_R","Defend_R","Defend_R","Bash+1","True Grit+1","Twin Strike","Sentinel","Corruption+1","Exhume","Rage","Inflame","Body Slam"],"special_seed":0,"relics":["Burning Blood","Shuriken","Dodecahedron","Art of War"],"potions_floor_usage":[],"damage_taken":[{"damage":9.0,"enemies":"Jaw Worm","floor":1.0,"turns":5.0},{"damage":7.0,"enemies":"Cultist","floor":3.0,"turns":4.0},{"damage":0.0,"enemies":"2 Louse","floor":5.0,"turns":3.0},{"damage":44.0,"enemies":"Gremlin Nob","floor":7.0,"turns":6.0},{"damage":30.0,"enemies":"3 Sentries","floor":10.0,"turns":13.0},{"damage":0.0,"enemies":"Lots of Slimes","floor":13.0,"turns":4.0},{"damage":28,"enemies":"Large Slime","floor":14,"turns":3}],"seed_played":"2166048049741150477","potions_obtained":[{"floor":1.0,"key":"Fire Potion"},{"floor":3.0,"key":"Ancient Potion"},{"floor":10.0,"key":"SkillPotion"}],"is_trial":false,"path_per_floor":["M","?","M","?","M","R","E","R","T","E","$","$","M","M"],"character_chosen":"IRONCLAD","items_purchased":["Inflame","Body Slam"],"campfire_rested":0,"item_purchase_floors":[11,12],"current_hp_per_floor":[65,65,64,69,75,75,37,37,37,13,13,13,19,0],"gold":83,"neow_bonus":"TRANSFORM_CARD","is_prod":false,"is_daily":false,"chose_seed":false,"campfire_upgraded":2,"win_rate":0,"timestamp":1550855499,"path_taken":["M","?","?","?","M","R","E","R","T","E","?","$","M","M"],"build_version":"2019-01-23","purchased_purges":0,"victory":false,"max_hp_per_floor":[75,75,75,80,80,80,80,80,80,80,80,80,80,80],"card_choices":[{"not_picked":["Thunderclap","Hemokinesis"],"picked":"Twin Strike","floor":1.0},{"not_picked":["Combust","Power Through"],"picked":"Sentinel","floor":3.0},{"not_picked":["Cleave","Heavy Blade"],"picked":"Corruption","floor":5.0},{"not_picked":["Havoc","True Grit"],"picked":"Exhume","floor":7.0},{"not_picked":["Corruption","Burning Pact"],"picked":"Rage","floor":10.0},{"not_picked":["Cleave","Flex","Infernal Blade"],"picked":"SKIP","floor":13.0}],"player_experience":396809,"relics_obtained":[{"floor":7.0,"key":"Shuriken"},{"floor":9.0,"key":"Dodecahedron"},{"floor":10.0,"key":"Art of War"}],"event_choices":[{"damage_healed":0.0,"max_hp_gain":0.0,"max_hp_loss":0.0,"gold_gain":0.0,"event_name":"Upgrade Shrine","player_choice":"Upgraded","floor":2.0,"gold_loss":0.0,"damage_taken":0.0,"cards_upgraded":["True Grit"]},{"damage_healed":0.0,"max_hp_gain":5.0,"max_hp_loss":0.0,"gold_gain":0.0,"event_name":"Big Fish","player_choice":"Donut","floor":4.0,"gold_loss":0.0,"damage_taken":0.0}],"is_beta":false,"boss_relics":[],"items_purged_floors":[],"is_endless":false,"potions_floor_spawned":[1,3,10],"killed_by":"Large Slime","ascension_level":18}