{"gold_per_floor":[114,131,143,68,68,68,81,156,156,183,183,214,214,245,245,322,322,336,289,289,303,317,317,317],"floor_reached":24,"playtime":1422,"items_purged":[],"score":400,"play_id":"b72e9295-20a2-47d3-a141-4dabbcf135d0","local_time":"20190116221423","is_ascension_mode":true,"campfire_choices":[{"data":"Zap","floor":6.0,"key":"SMITH"},{"data":"Dualcast","floor":11.0,"key":"SMITH"},{"floor":13.0,"key":"REST"},{"data":"Cold Snap","floor":15.0,"key":"SMITH"},{"data":"Zap","floor":23,"key":"SMITH"}],"neow_cost":"NONE","seed_source_timestamp":0,"circlet_count":0,"master_deck":["AscendersBane","Strike_B","Strike_B","Defend_B","Defend_B","Defend_B","Defend_B","Zap+1","Dualcast+1","Cold Snap+1","Chill","Self Repair","Reinforced Body","Genetic Algorithm","Seek","Core Surge","Cold Snap","Go for the Eyes","Zap+1","Auto Shields"],"special_seed":0,"relics":["Cracked Core","Potion Belt","Pear","Mercury Hourglass","Blue Candle","Peace Pipe","Black Star"],"potions_floor_usage":[24,24],"damage_taken":[{"damage":8.0,"enemies":"2 Louse","floor":1.0,"turns":3.0},{"damage":2.0,"enemies":"Jaw Worm","floor":2.0,"turns":3.0},{"damage":0.0,"enemies":"Cultist","floor":3.0,"turns":4.0},{"damage":2.0,"enemies":"2 Fungi Beasts","floor":7.0,"turns":4.0},{"damage":17.0,"enemies":"Lagavulin","floor":10.0,"turns":10.0},{"damage":31.0,"enemies":"Gremlin Nob","floor":12.0,"turns":5.0},{"damage":6.0,"enemies":"3 Sentries","floor":14.0,"turns":8.0},{"damage":37.0,"enemies":"Slime Boss","floor":16.0,"turns":14.0},{"damage":15.0,"enemies":"Shell Parasite","floor":18.0,"turns":9.0},{"damage":8.0,"enemies":"2 Thieves","floor":19.0,"turns":5.0},{"damage":4,"enemies":"Snecko","floor":21,"turns":6},{"damage":24,"enemies":"Snake Plant","floor":22,"turns":7},{"damage":70,"enemies":"Gremlin Leader","floor":24,"turns":12}],"seed_played":"-5007729498666186205","potions_obtained":[{"floor":2.0,"key":"PowerPotion"},{"floor":10.0,"key":"EssenceOfSteel"},{"floor":12.0,"key":"EssenceOfSteel"},{"floor":14.0,"key":"SpeedPotion"},{"floor":18.0,"key":"Regen Potion"}],"is_trial":false,"path_per_floor":["M","M","M","?","?","R","M","?","T","E","R","E","R","E","R","B",null,"M","M","?","M","M","R","E"],"character_chosen":"DEFECT","items_purchased":[],"campfire_rested":1,"item_purchase_floors":[],"current_hp_per_floor":[56,54,54,54,54,54,59,48,58,48,48,24,48,49,49,19,66,58,50,50,53,36,36,0],"gold":317,"neow_bonus":"RANDOM_COMMON_RELIC","is_prod":false,"is_daily":false,"chose_seed":false,"campfire_upgraded":4,"win_rate":0,"timestamp":1547705663,"path_taken":["M","M","M","?","?","R","?","?","T","E","R","E","R","E","R","BOSS","M","M","?","M","?","R","E"],"build_version":"2019-01-10","purchased_purges":0,"victory":false,"max_hp_per_floor":[71,71,71,71,71,71,71,71,81,81,81,81,81,81,81,81,81,81,81,81,81,81,81,81],"card_choices":[{"not_picked":["Steam","Barrage"],"picked":"Cold Snap","floor":1.0},{"not_picked":["Heatsinks","Doom and Gloom"],"picked":"Chill","floor":2.0},{"not_picked":["Go for the Eyes","Lockon"],"picked":"Self Repair","floor":3.0},{"not_picked":["Go for the Eyes","Stack"],"picked":"Reinforced Body","floor":7.0},{"not_picked":["Blizzard","Streamline"],"picked":"Genetic Algorithm","floor":10.0},{"not_picked":["Go for the Eyes","Sweeping Beam"],"picked":"Seek","floor":12.0},{"not_picked":["Darkness","Aggregate","Hello World"],"picked":"SKIP","floor":14.0},{"not_picked":["Seek","Reboot"],"picked":"Core Surge","floor":16.0},{"not_picked":["Gash","Rebound"],"picked":"Cold Snap","floor":18.0},{"not_picked":["Streamline+1","Static Discharge"],"picked":"Go for the Eyes","floor":19.0},{"not_picked":["Beam Cell","Tempest","Steam Power"],"picked":"SKIP","floor":21},{"not_picked":["Streamline","Skim"],"picked":"Auto Shields","floor":22}],"player_experience":1138717,"relics_obtained":[{"floor":9.0,"key":"Pear"},{"floor":10.0,"key":"Mercury Hourglass"},{"floor":12.0,"key":"Blue Candle"},{"floor":14.0,"key":"Peace Pipe"}],"event_choices":[{"cards_removed":["Strike_B"],"damage_healed":0.0,"max_hp_gain":0.0,"max_hp_loss":0.0,"gold_gain":0.0,"event_name":"The Cleric","player_choice":"Card Removal","floor":4.0,"gold_loss":75.0,"damage_taken":0.0},{"cards_removed":["Strike_B"],"damage_healed":0.0,"max_hp_gain":0.0,"max_hp_loss":0.0,"gold_gain":0.0,"event_name":"Wheel of Change","player_choice":"Card Removal","floor":5.0,"gold_loss":0.0,"damage_taken":0.0},{"damage_healed":0.0,"max_hp_gain":0.0,"max_hp_loss":0.0,"gold_gain":75.0,"event_name":"World of Goop","player_choice":"Gather Gold","floor":8.0,"gold_loss":0.0,"damage_taken":11.0},{"damage_healed":0,"gold_gain":0,"player_choice":"1 cards matched","damage_taken":0,"max_hp_gain":0,"max_hp_loss":0,"event_name":"Match and Keep!","floor":20,"gold_loss":0,"cards_obtained":["Zap"]}],"is_beta":false,"boss_relics":[{"not_picked":["Lizard Tail","Snecko Eye"],"picked":"Black Star"}],"items_purged_floors":[],"is_endless":false,"potions_floor_spawned":[2,10,12,14,18],"killed_by":"Gremlin Leader","ascension_level":17}