{"path_per_floor":["M","M","?","?","M","R","?","M","T","$","M","?","E","M","R","B",null,"M","$","M","M","M","R","M","?","T","M","?","?","E","M","R"],"character_chosen":"THE_SILENT","items_purchased":["Finesse","Quick Slash","Prepared"],"gold_per_floor":[211,229,179,179,199,199,274,286,286,92,112,112,146,162,162,260,260,273,125,140,154,171,171,182,182,257,269,184,184,211,229,229],"floor_reached":33,"campfire_rested":3,"playtime":2825,"current_hp_per_floor":[70,68,68,68,68,68,57,53,53,53,53,53,44,43,64,36,70,70,70,59,45,20,41,32,19,19,17,17,1,3,3,25],"items_purged":["Strike_G","Strike_G"],"gold":229,"score":311,"play_id":"8b8c9f02-3d57-43f2-a89a-a02d3db592ae","is_prod":false,"is_daily":false,"is_ascension_mode":true,"campfire_upgraded":1,"path_taken":["M","M","?","?","?","R","?","M","T","$","M","?","E","M","R","BOSS","M","$","M","M","M","R","M","?","T","M","?","?","E","M","R","BOSS"],"build_version":"2018-02-22-PROD2","purchased_purges":2,"victory":false,"master_deck":["Defend_G","Defend_G","Defend_G","Defend_G","Strike_G","Strike_G","Survivor","Neutralize","Slice","Well Laid Plans+1","Crippling Poison+1","Cloak And Dagger","Finesse","Quick Slash","All Out Attack","Acrobatics","Adrenaline","Flying Knee","Prepared","Blade Dance","Dash","Bane+1","Escape Plan","Necronomicurse","Terror"],"max_hp_per_floor":[70,70,70,70,70,70,70,70,70,70,70,70,70,70,70,70,70,70,70,70,70,70,70,70,75,75,75,75,75,75,75,75],"relics":["Ring of the Snake","Torii","Bronze Scales","The Specimen","Mercury Hourglass","Blood Vial","Necronomicon","The Courier"],"card_choices":[{"not_picked":["Deadly Poison","Prepared"],"picked":"Slice"},{"not_picked":["Acrobatics","Deadly Poison"],"picked":"Well Laid Plans"},{"not_picked":["Underhanded Strike","Backflip"],"picked":"Crippling Poison"},{"not_picked":["Dagger Spray","Endless Agony"],"picked":"Cloak And Dagger"},{"not_picked":["Underhanded Strike","Reflex"],"picked":"All Out Attack"},{"not_picked":["Outmaneuver","Tactician"],"picked":"Acrobatics"},{"not_picked":["Unload","Night Terror"],"picked":"Adrenaline"},{"not_picked":["Deflect","Expertise"],"picked":"Flying Knee"},{"not_picked":["Endless Agony","Outmaneuver"],"picked":"Blade Dance"},{"not_picked":["Backflip","Dagger Spray"],"picked":"Dash"},{"not_picked":["Venomology","Blur"],"picked":"Bane"},{"not_picked":["Acrobatics","Outmaneuver"],"picked":"Escape Plan"},{"not_picked":["Dagger Spray","Heel Hook"],"picked":"Terror"}],"player_experience":95897,"potions_floor_usage":[16,21,22,24,30,30],"damage_taken":[{"damage":0,"enemies":"Small Slimes","floor":1,"turns":5},{"damage":2,"enemies":"Jaw Worm","floor":2,"turns":5},{"damage":0,"enemies":"Cultist","floor":5,"turns":3},{"damage":4,"enemies":"Blue Slaver","floor":8,"turns":3},{"damage":0,"enemies":"Red Slaver","floor":11,"turns":4},{"damage":9,"enemies":"3 Sentries","floor":13,"turns":7},{"damage":1,"enemies":"3 Louse","floor":14,"turns":3},{"damage":28,"enemies":"Slime Boss","floor":16,"turns":11},{"damage":0,"enemies":"3 Byrds","floor":18,"turns":4},{"damage":11,"enemies":"Spheric Guardian","floor":20,"turns":4},{"damage":14,"enemies":"Centurion and Healer","floor":21,"turns":9},{"damage":25,"enemies":"Slaver and Parasite","floor":22,"turns":7},{"damage":9,"enemies":"Cultist and Chosen","floor":24,"turns":9},{"damage":2,"enemies":"3 Cultists","floor":27,"turns":4},{"damage":0,"enemies":"Book of Stabbing","floor":30,"turns":4},{"damage":2,"enemies":"Slaver and Parasite","floor":31,"turns":5},{"damage":33,"enemies":"Collector","floor":33,"turns":3}],"event_choices":[{"event_name":"The Cleric","player_choice":"Card Removal","floor":3,"damage_taken":0},{"event_name":"Upgrade Shrine","player_choice":"Upgraded","floor":4,"damage_taken":0},{"event_name":"World of Goop","player_choice":"Gather Gold","floor":7,"damage_taken":0},{"event_name":"Wheel of Change","player_choice":"Card Removal","floor":12,"damage_taken":0},{"event_name":"Forgotten Altar","player_choice":"Shed Blood","floor":25,"damage_taken":0},{"event_name":"Addict","player_choice":"Obtained Relic","floor":28,"damage_taken":0},{"event_name":"Cursed Tome","player_choice":"Obtained Book","floor":29,"damage_taken":0}],"boss_relics":[{"not_picked":["Lizard Tail","Astrolabe"],"picked":"The Specimen"}],"potions_floor_spawned":[8,11,13,18,21,27],"seed_played":"1175694634467494752","killed_by":"Collector","ascension_level":1,"is_trial":false}