{"gold_per_floor":[109,109,109,109,123,154,154,154,154,194,194,194,207,226,226,351,351,375,395,409,151,166,166,166,197,197,197,216,257,273,294,294,424,424,439,1438,1438,1454,1105,1140,1140,1155,1155,1155,1174,1174,188,203,203,203],"floor_reached":51,"playtime":3766,"items_purged":["Defend_B","Normality","Normality"],"score":964,"play_id":"05f97be6-d0c1-468c-882f-0e1194d71a17","local_time":"20180727144939","is_ascension_mode":true,"campfire_choices":[{"data":"Zap","floor":8.0,"key":"SMITH"},{"data":"Dualcast","floor":12.0,"key":"SMITH"},{"data":"Static Discharge","floor":15.0,"key":"SMITH"},{"floor":23.0,"key":"REST"},{"data":"Rainbow","floor":27.0,"key":"SMITH"},{"floor":32.0,"key":"REST"},{"floor":41.0,"key":"REST"},{"floor":44.0,"key":"REST"},{"floor":49.0,"key":"REST"}],"neow_cost":"NONE","seed_source_timestamp":0,"circlet_count":0,"master_deck":["Strike_B+1","Strike_B","Defend_B","Defend_B+1","Defend_B+1","Zap+1","Dualcast+1","Conserve Battery","Cold Snap","Cold Snap","Darkness","Glacier","Leap","Static Discharge+1","Rainbow+1","Loop","Conserve Battery+1","Blizzard","Go for the Eyes","Coolheaded","Go for the Eyes+1","Doom and Gloom+1","Auto Shields","Echo Form","Cold Snap+1","Static Discharge+1","Auto Shields+1","Ball Lightning","Multi-Cast","Force Field+1"],"special_seed":0,"relics":["Cracked Core","Whetstone","Golden Idol","Pen Nib","Incense Burner","Singing Bowl","Velvet Choker","Meat on the Bone","Dodecahedron","StoneCalendar","Runic Pyramid","Matryoshka","Gremlin Horn","Blue Candle","Strawberry","Happy Flower","Nunchaku","OrangePellets"],"potions_floor_usage":[50,50,50,50,50,50],"damage_taken":[{"damage":0.0,"enemies":"2 Louse","floor":1.0,"turns":2.0},{"damage":0.0,"enemies":"Small Slimes","floor":5.0,"turns":3.0},{"damage":8.0,"enemies":"3 Sentries","floor":6.0,"turns":10.0},{"damage":3.0,"enemies":"Lagavulin","floor":10.0,"turns":6.0},{"damage":0.0,"enemies":"Cultist","floor":13.0,"turns":3.0},{"damage":0.0,"enemies":"Exordium Wildlife","floor":14.0,"turns":3.0},{"damage":3.0,"enemies":"Slime Boss","floor":16.0,"turns":13.0},{"damage":1.0,"enemies":"3 Byrds","floor":18.0,"turns":5.0},{"damage":0.0,"enemies":"Shell Parasite","floor":19.0,"turns":6.0},{"damage":1.0,"enemies":"Cultist and Chosen","floor":20.0,"turns":9.0},{"damage":25.0,"enemies":"Snecko","floor":22.0,"turns":8.0},{"damage":11.0,"enemies":"Gremlin Leader","floor":25.0,"turns":10.0},{"damage":1.0,"enemies":"Centurion and Healer","floor":28.0,"turns":7.0},{"damage":13.0,"enemies":"Slavers","floor":29.0,"turns":3.0},{"damage":6.0,"enemies":"Cultist and Chosen","floor":30.0,"turns":5.0},{"damage":6.0,"enemies":"3 Cultists","floor":31.0,"turns":5.0},{"damage":20.0,"enemies":"Automaton","floor":33.0,"turns":10.0},{"damage":8.0,"enemies":"3 Darklings","floor":35.0,"turns":6.0},{"damage":11.0,"enemies":"3 Shapes","floor":38.0,"turns":7.0},{"damage":37.0,"enemies":"2 Orb Walkers","floor":40.0,"turns":4.0},{"damage":9.0,"enemies":"Spire Growth","floor":42.0,"turns":5.0},{"damage":47.0,"enemies":"3 Darklings","floor":45.0,"turns":3.0},{"damage":27.0,"enemies":"Transient","floor":48.0,"turns":5.0},{"damage":11,"enemies":"Donu and Deca","floor":50,"turns":10}],"seed_played":"-8527397944295306343","potions_obtained":[{"floor":5.0,"key":"SteroidPotion"},{"floor":10.0,"key":"Regen Potion"},{"floor":14.0,"key":"Dexterity Potion"},{"floor":16.0,"key":"SteroidPotion"},{"floor":20.0,"key":"Energy Potion"},{"floor":28.0,"key":"FocusPotion"},{"floor":29.0,"key":"Weak Potion"},{"floor":33.0,"key":"Ancient Potion"},{"floor":35.0,"key":"FocusPotion"},{"floor":42.0,"key":"SpeedPotion"},{"floor":45.0,"key":"LiquidBronze"},{"floor":48.0,"key":"EntropicBrew"}],"is_trial":false,"path_per_floor":["M","?","?","?","M","E","?","R","T","E","?","R","M","M","R","B",null,"M","M","M","$","M","R","?","E","T","R","M","E","M","M","R","B",null,"M","?","?","M","$","E","R","M","T","R","M","?","$","M","R","B"],"character_chosen":"DEFECT","items_purchased":["Blizzard","Go for the Eyes","Coolheaded","Matryoshka","Happy Flower","Nunchaku","Dexterity Potion","OrangePellets","Multi-Cast"],"campfire_rested":5,"item_purchase_floors":[21,21,21,39,47,47,47,47,47],"current_hp_per_floor":[68,68,75,57,57,49,34,34,34,31,31,31,31,31,31,43,67,66,66,67,67,42,65,65,56,56,56,55,44,50,46,70,50,75,67,67,67,56,56,31,55,46,53,80,47,49,49,34,62,51],"gold":203,"neow_bonus":"RANDOM_COMMON_RELIC","is_prod":false,"is_daily":false,"chose_seed":false,"campfire_upgraded":4,"win_rate":0,"timestamp":1532728179,"path_taken":["M","?","?","?","M","E","?","R","T","E","?","R","M","?","R","BOSS","M","M","?","?","M","R","?","E","T","R","M","E","M","M","R","BOSS","M","?","?","?","$","E","R","M","T","R","M","?","$","M","R","BOSS"],"build_version":"2018-07-26","purchased_purges":3,"victory":true,"max_hp_per_floor":[75,75,75,75,75,75,75,75,75,75,75,75,75,75,75,75,75,75,75,77,77,77,77,77,79,79,79,79,81,81,83,83,83,83,83,83,83,83,83,83,83,83,90,90,92,94,94,94,94,94],"card_choices":[{"not_picked":["Sweeping Beam","Beam Cell"],"picked":"Conserve Battery","floor":1.0},{"not_picked":["Gash","Stack"],"picked":"Cold Snap","floor":5.0},{"not_picked":["Aggregate","Reprogram"],"picked":"Darkness","floor":6.0},{"not_picked":["Blizzard","Gash"],"picked":"Glacier","floor":10.0},{"not_picked":["Compile Driver","Chill"],"picked":"Leap","floor":13.0},{"not_picked":["Aggregate","Redo"],"picked":"Static Discharge","floor":14.0},{"not_picked":["Meteor Strike","All For One"],"picked":"Rainbow","floor":16.0},{"not_picked":["Compile Driver","Glacier"],"picked":"Loop","floor":18.0},{"not_picked":["Turbo","Sunder"],"picked":"Conserve Battery+1","floor":19.0},{"not_picked":["Sweeping Beam","Gash","Hello World"],"picked":"Singing Bowl","floor":20.0},{"not_picked":["Skim+1","White Noise"],"picked":"Go for the Eyes+1","floor":22.0},{"not_picked":["Streamline","Lockon","Gash+1"],"picked":"Singing Bowl","floor":25.0},{"not_picked":["Glacier","Amplify"],"picked":"Doom and Gloom+1","floor":28.0},{"not_picked":["Streamline+1","Steam Power+1","Consume"],"picked":"Singing Bowl","floor":29.0},{"not_picked":["Redo","Hello World"],"picked":"Auto Shields","floor":30.0},{"not_picked":["Compile Driver+1","Coolheaded","Hologram"],"picked":"Singing Bowl","floor":31.0},{"not_picked":["Amplify","Hyperbeam"],"picked":"Echo Form","floor":33.0},{"not_picked":["Compile Driver","Turbo"],"picked":"Cold Snap+1","floor":35.0},{"not_picked":["Self Repair+1","Compile Driver+1"],"picked":"Static Discharge+1","floor":38.0},{"not_picked":["Redo+1","Lockon"],"picked":"Auto Shields+1","floor":40.0},{"not_picked":["Hello World+1","White Noise"],"picked":"Ball Lightning","floor":42.0},{"not_picked":["Go for the Eyes","Skim","Compile Driver"],"picked":"Singing Bowl","floor":45.0},{"not_picked":["Good Instincts","Purity","Panacea"],"picked":"Singing Bowl","floor":46.0},{"not_picked":["Thunder Strike","Tempest+1"],"picked":"Force Field+1","floor":48.0}],"player_experience":676624,"relics_obtained":[{"floor":6.0,"key":"Pen Nib"},{"floor":9.0,"key":"Incense Burner"},{"floor":10.0,"key":"Singing Bowl"},{"floor":25.0,"key":"Meat on the Bone"},{"floor":26.0,"key":"Dodecahedron"},{"floor":29.0,"key":"StoneCalendar"},{"floor":40.0,"key":"Gremlin Horn"},{"floor":43.0,"key":"Blue Candle"},{"floor":43.0,"key":"Strawberry"}],"event_choices":[{"event_name":"Living Wall","player_choice":"Change","floor":2.0,"damage_taken":0.0},{"event_name":"Wheel of Change","player_choice":"Full Heal","floor":3.0,"damage_taken":0.0},{"event_name":"Golden Idol","player_choice":"Take Damage","floor":4.0,"damage_taken":0.0},{"event_name":"Shining Light","player_choice":"Entered Light","floor":7.0,"damage_taken":0.0},{"event_name":"Match and Keep!","player_choice":"0 cards matched","floor":11.0,"damage_taken":0.0},{"event_name":"Vampires","player_choice":"Ignored","floor":24.0,"damage_taken":0.0},{"event_name":"MindBloom","player_choice":"Gold","floor":36.0,"damage_taken":0.0},{"event_name":"Falling","player_choice":"Removed Attack","floor":37.0,"damage_taken":0.0},{"event_name":"SensoryStone","player_choice":"Memory 1","floor":46.0,"damage_taken":0.0}],"is_beta":false,"boss_relics":[{"not_picked":["Philosopher\u0027s Stone","Black Star"],"picked":"Velvet Choker"},{"not_picked":["Snecko Eye","Orrery"],"picked":"Runic Pyramid"}],"items_purged_floors":[21,39,47],"is_endless":false,"potions_floor_spawned":[5,10,14,16,20,28,29,30,33,35,42,45,48],"ascension_level":7}