{"gold_per_floor":[115,390,401,411,428,461,28,40,65,81,100,129,129,129,129,204,204,221,236,248,248],"floor_reached":21,"playtime":1751,"items_purged":["Regret"],"score":380,"play_id":"50e32429-0203-4e24-89d9-dc7eb3665e19","local_time":"20190410162348","is_ascension_mode":true,"campfire_choices":[{"data":"Whirlwind","floor":13.0,"key":"SMITH"},{"data":"Bash","floor":15.0,"key":"SMITH"}],"neow_cost":"NONE","seed_source_timestamp":12015916722001,"circlet_count":0,"master_deck":["AscendersBane","Strike_R","Strike_R","Strike_R","Strike_R","Strike_R","Defend_R","Defend_R","Defend_R","Defend_R","Bash+1","Clothesline","Spot Weakness","Twin Strike","Armaments","Seeing Red","Whirlwind+1","Anger","Blood for Blood","Shockwave","Limit Break","Pommel Strike","Shrug It Off","Battle Trance"],"special_seed":0,"relics":["Burning Blood","NeowsBlessing","Ginger","Lee\u0027s Waffle","Boot","Happy Flower","Mark of Pain"],"potions_floor_usage":[],"damage_taken":[{"damage":0.0,"enemies":"2 Louse","floor":1.0,"turns":1.0},{"damage":0.0,"enemies":"Cultist","floor":3.0,"turns":1.0},{"damage":0.0,"enemies":"Jaw Worm","floor":4.0,"turns":1.0},{"damage":15.0,"enemies":"Exordium Thugs","floor":5.0,"turns":4.0},{"damage":29.0,"enemies":"Gremlin Nob","floor":6.0,"turns":4.0},{"damage":6.0,"enemies":"Blue Slaver","floor":8.0,"turns":2.0},{"damage":20.0,"enemies":"Large Slime","floor":10.0,"turns":6.0},{"damage":4.0,"enemies":"Looter","floor":11.0,"turns":3.0},{"damage":25.0,"enemies":"Lagavulin","floor":12.0,"turns":6.0},{"damage":42.0,"enemies":"The Guardian","floor":16.0,"turns":9.0},{"damage":35.0,"enemies":"2 Thieves","floor":18.0,"turns":5.0},{"damage":28.0,"enemies":"3 Byrds","floor":19.0,"turns":4.0},{"damage":4.0,"enemies":"Centurion and Healer","floor":20.0,"turns":4.0},{"damage":26,"enemies":"Cultist and Chosen","floor":21,"turns":3}],"seed_played":"-1136292817656312312","potions_obtained":[{"floor":1.0,"key":"Strength Potion"},{"floor":4.0,"key":"AttackPotion"},{"floor":6.0,"key":"BloodPotion"},{"floor":10.0,"key":"Energy Potion"},{"floor":12.0,"key":"EssenceOfSteel"},{"floor":14.0,"key":"EntropicBrew"},{"floor":14.0,"key":"LiquidBronze"},{"floor":16.0,"key":"SkillPotion"},{"floor":19.0,"key":"Strength Potion"}],"is_trial":false,"path_per_floor":["M","?","M","M","M","E","$","M","T","M","M","E","R","?","R","B",null,"M","M","M","M"],"character_chosen":"IRONCLAD","items_purchased":["Lee\u0027s Waffle","Whirlwind","SteroidPotion"],"campfire_rested":0,"item_purchase_floors":[7,7,7],"current_hp_per_floor":[74,74,75,75,66,43,82,82,82,76,78,59,59,59,59,38,71,42,20,22,0],"gold":248,"neow_bonus":"THREE_ENEMY_KILL","is_prod":false,"is_daily":false,"chose_seed":false,"campfire_upgraded":2,"win_rate":0,"timestamp":1554931428,"path_taken":["M","?","?","M","M","E","$","M","T","M","M","E","R","?","R","BOSS","M","M","?","M"],"build_version":"2019-01-23","purchased_purges":1,"victory":false,"max_hp_per_floor":[75,75,75,75,75,75,82,82,82,82,82,82,82,82,82,82,82,82,82,82,82],"card_choices":[{"not_picked":["Ghostly Armor","Sever Soul"],"picked":"Clothesline","floor":1.0},{"not_picked":["Headbutt","Warcry"],"picked":"Spot Weakness","floor":3.0},{"not_picked":["Warcry","Second Wind"],"picked":"Twin Strike","floor":4.0},{"not_picked":["Burning Pact","Sentinel"],"picked":"Armaments","floor":5.0},{"not_picked":["Carnage","Body Slam"],"picked":"Seeing Red","floor":6.0},{"not_picked":["Cleave","Ghostly Armor"],"picked":"Anger","floor":8.0},{"not_picked":["Reckless Charge","Perfected Strike","Clash"],"picked":"SKIP","floor":10.0},{"not_picked":["Carnage","Sentinel"],"picked":"Blood for Blood","floor":11.0},{"not_picked":["Body Slam","Dropkick"],"picked":"Shockwave","floor":12.0},{"not_picked":["Barricade","Berserk"],"picked":"Limit Break","floor":16.0},{"not_picked":["Clash","Headbutt"],"picked":"Pommel Strike","floor":18.0},{"not_picked":["Headbutt","Anger"],"picked":"Shrug It Off","floor":19.0},{"not_picked":["Wild Strike","Second Wind"],"picked":"Battle Trance","floor":20.0}],"player_experience":721972,"relics_obtained":[{"floor":6.0,"key":"Ginger"},{"floor":9.0,"key":"Boot"},{"floor":12.0,"key":"Happy Flower"}],"event_choices":[{"damage_healed":0.0,"max_hp_gain":0.0,"max_hp_loss":0.0,"gold_gain":275.0,"event_name":"Golden Shrine","player_choice":"Desecrate","floor":2.0,"gold_loss":0.0,"damage_taken":0.0,"cards_obtained":["Regret"]},{"damage_healed":0.0,"max_hp_gain":0.0,"max_hp_loss":0.0,"gold_gain":0.0,"event_name":"Lab","player_choice":"Got Potions","floor":14.0,"gold_loss":0.0,"damage_taken":0.0}],"is_beta":false,"boss_relics":[{"not_picked":["White Beast Statue","Black Blood"],"picked":"Mark of Pain"}],"items_purged_floors":[7],"is_endless":false,"potions_floor_spawned":[1,4,6,10,12,16,19],"killed_by":"Cultist and Chosen","ascension_level":19}