{"gold_per_floor":[110,123,141,151,170,170,170,198,245,245,258,53,53,81,81,158,158,174,189,0,20,20,20,48,48,98,98],"floor_reached":27,"playtime":2211,"items_purged":["Decay","Strike_B"],"score":496,"play_id":"8114f735-08e7-4254-b1db-44a3e8598fad","local_time":"20190111234353","is_ascension_mode":true,"campfire_choices":[{"data":"Zap","floor":6,"key":"SMITH"},{"data":"Dualcast","floor":10,"key":"SMITH"},{"data":"Loop","floor":13,"key":"SMITH"},{"data":"Ball Lightning","floor":15,"key":"SMITH"},{"data":"Ball Lightning","floor":23,"key":"SMITH"},{"data":"Capacitor","floor":25,"key":"SMITH"}],"neow_cost":"NONE","seed_source_timestamp":52274636969458,"circlet_count":0,"master_deck":["AscendersBane","Strike_B","Strike_B","Strike_B","Defend_B","Defend_B","Defend_B","Defend_B","Zap+1","Dualcast+1","Reinforced Body","Cold Snap","FTL","Ball Lightning+1","Loop+1","Conserve Battery","Ball Lightning+1","Echo Form","Conserve Battery+1","Glacier","Coolheaded","Capacitor+1"],"relics":["Cracked Core","Singing Bowl","Dream Catcher","Cables","Coffee Dripper","Regal Pillow","Bag of Marbles"],"potions_floor_usage":[8,16,24,24,27,27],"damage_taken":[{"damage":2,"enemies":"Cultist","floor":1,"turns":4},{"damage":9,"enemies":"Jaw Worm","floor":2,"turns":4},{"damage":0,"enemies":"2 Louse","floor":3,"turns":3},{"damage":11,"enemies":"Exordium Thugs","floor":4,"turns":11},{"damage":4,"enemies":"Looter","floor":5,"turns":3},{"damage":27,"enemies":"Gremlin Nob","floor":8,"turns":4},{"damage":2,"enemies":"Red Slaver","floor":11,"turns":2},{"damage":0,"enemies":"Lagavulin","floor":14,"turns":6},{"damage":13,"enemies":"The Guardian","floor":16,"turns":9},{"damage":0,"enemies":"Chosen","floor":18,"turns":4},{"damage":19,"enemies":"Shell Parasite","floor":19,"turns":4},{"damage":22,"enemies":"Snake Plant","floor":21,"turns":5},{"damage":7,"enemies":"Book of Stabbing","floor":24,"turns":6},{"damage":34,"enemies":"Slavers","floor":27,"turns":3}],"seed_played":"3684411839604358780","potions_obtained":[{"floor":2,"key":"Strength Potion"},{"floor":3,"key":"LiquidBronze"},{"floor":5,"key":"FocusPotion"},{"floor":16,"key":"EntropicBrew"},{"floor":18,"key":"Strength Potion"},{"floor":24,"key":"Block Potion"}],"is_trial":false,"path_per_floor":["M","M","M","M","M","R","?","E","T","R","M","$","R","E","R","B",null,"M","M","$","M","$","R","E","R","T","E"],"character_chosen":"DEFECT","items_purchased":["Loop","Conserve Battery","Glacier"],"campfire_rested":0,"item_purchase_floors":[12,12,20],"current_hp_per_floor":[69,60,60,49,45,45,45,20,20,20,20,20,20,20,20,7,63,63,46,46,24,24,24,17,17,17,0],"gold":98,"neow_bonus":"TEN_PERCENT_HP_BONUS","is_prod":false,"is_daily":false,"chose_seed":false,"campfire_upgraded":6,"win_rate":0,"timestamp":1547279033,"path_taken":["M","M","M","M","M","R","?","E","T","R","M","$","R","E","R","BOSS","M","M","?","?","$","R","E","R","T","E"],"build_version":"2019-01-10","purchased_purges":2,"victory":false,"max_hp_per_floor":[78,78,78,78,78,78,78,80,80,80,82,82,82,82,82,82,82,82,84,84,84,84,84,84,84,84,84],"card_choices":[{"not_picked":["Beam Cell","Tempest"],"picked":"Reinforced Body","floor":1},{"not_picked":["Gash","Scrape"],"picked":"Cold Snap","floor":2},{"not_picked":["Hello World","Redo","Barrage"],"picked":"SKIP","floor":3},{"not_picked":["Ball Lightning","Leap"],"picked":"FTL","floor":4},{"not_picked":["Multi-Cast","Steam Power"],"picked":"Ball Lightning","floor":5},{"not_picked":["Storm","Steam","Streamline"],"picked":"Singing Bowl","floor":8},{"not_picked":["Lockon","Consume","Steam"],"picked":"Singing Bowl","floor":11},{"not_picked":["Turbo","Double Energy"],"picked":"Ball Lightning","floor":14},{"not_picked":["Seek","All For One"],"picked":"Echo Form","floor":16},{"not_picked":["Sweeping Beam","Genetic Algorithm"],"picked":"Conserve Battery+1","floor":18},{"not_picked":["Fusion","Streamline+1","Steam Power"],"picked":"Singing Bowl","floor":19},{"not_picked":["Streamline+1","Steam Power"],"picked":"Coolheaded","floor":21},{"not_picked":["Scrape+1","Genetic Algorithm+1"],"picked":"Capacitor","floor":24}],"player_experience":1117657,"relics_obtained":[{"floor":8,"key":"Singing Bowl"},{"floor":9,"key":"Dream Catcher"},{"floor":14,"key":"Cables"},{"floor":24,"key":"Regal Pillow"},{"floor":26,"key":"Bag of Marbles"}],"event_choices":[{"damage_healed":0,"gold_gain":0,"player_choice":"Cursed","damage_taken":0,"max_hp_gain":0,"max_hp_loss":0,"event_name":"Wheel of Change","floor":7,"gold_loss":0,"cards_obtained":["Decay"]}],"is_beta":false,"boss_relics":[{"not_picked":["Black Star","Fusion Hammer"],"picked":"Coffee Dripper"}],"items_purged_floors":[12,20],"is_endless":false,"potions_floor_spawned":[2,3,5,16,18,24],"killed_by":"Slavers","ascension_level":17}