{"path_per_floor":["M","M","M","?","M","E","M","R","T","R","M","R","?","M","R","B",null,"M","M","M","M","$","E","M","R","T","$","M","?","?","?","R"],"character_chosen":"THE_SILENT","items_purchased":["Accuracy"],"gold_per_floor":[114,124,136,101,112,141,154,154,179,179,194,194,194,207,207,302,302,227,227,227,227,114,114,114,114,114,14,14,14,14,14,14],"floor_reached":33,"campfire_rested":2,"playtime":4098,"current_hp_per_floor":[34,34,34,51,41,29,29,29,29,29,31,31,31,31,31,12,72,67,66,47,45,45,34,8,30,30,30,27,53,53,37,60],"items_purged":["Strike_G","Strike_G"],"gold":14,"score":271,"play_id":"7d8e6ec0-72ff-40b5-9c7d-ce6cf58035c3","local_time":"20180320224154","is_prod":false,"is_daily":false,"is_ascension_mode":false,"campfire_upgraded":0,"timestamp":1521610914,"path_taken":["M","?","M","?","M","E","M","R","T","R","M","R","?","M","R","BOSS","M","M","?","M","$","E","M","R","T","$","M","?","?","?","R","BOSS"],"build_version":"2018-03-15v3","purchased_purges":2,"victory":false,"master_deck":["Defend_G+1","Defend_G+1","Defend_G+1","Defend_G+1","Defend_G+1","Strike_G+1","Strike_G+1","Strike_G+1","Survivor","Neutralize+1","Dagger Throw","Quick Slash","Flying Knee","Infinite Blades","Cloak And Dagger","Footwork","Burst","Flying Knee","Quick Slash","Deflect","Accuracy","Deflect"],"max_hp_per_floor":[70,70,70,70,70,70,70,70,70,70,72,72,72,72,72,72,72,72,72,72,74,74,74,76,76,76,76,78,78,78,78,78],"relics":["Ring of the Snake","Shovel","Dodecahedron","Singing Bowl","Orichalcum","Gambling Chip","Ice Cream","Centennial Puzzle","Ectoplasm","Ninja Scroll","Lantern"],"card_choices":[{"not_picked":["Expertise","Underhanded Strike"],"picked":"Dagger Throw"},{"not_picked":["Well Laid Plans","Acrobatics"],"picked":"Quick Slash"},{"not_picked":["Catalyst","Reflex"],"picked":"Flying Knee"},{"not_picked":["Night Terror","Tools of the Trade"],"picked":"Infinite Blades"},{"not_picked":["All Out Attack","Dagger Spray"],"picked":"Cloak And Dagger"},{"not_picked":["Sucker Punch","Slice"],"picked":"Footwork"},{"not_picked":["Tools of the Trade","Storm of Steel"],"picked":"Burst"},{"not_picked":["Deadly Poison","Poisoned Stab"],"picked":"Flying Knee"},{"not_picked":["Acrobatics","Bane"],"picked":"Quick Slash"},{"not_picked":["Outmaneuver","Quick Slash"],"picked":"Deflect"},{"not_picked":["Prepared","Malaise"],"picked":"Deflect"}],"player_experience":135640,"potions_floor_usage":[11,16,24,24,24,33,33],"damage_taken":[{"damage":1,"enemies":"Cultist","floor":1,"turns":5},{"damage":0,"enemies":"Jaw Worm","floor":2,"turns":5},{"damage":0,"enemies":"2 Louse","floor":3,"turns":3},{"damage":10,"enemies":"Large Slime","floor":5,"turns":6},{"damage":12,"enemies":"3 Sentries","floor":6,"turns":10},{"damage":0,"enemies":"Looter","floor":7,"turns":5},{"damage":0,"enemies":"Gremlin Gang","floor":11,"turns":5},{"damage":0,"enemies":"Large Slime","floor":14,"turns":6},{"damage":19,"enemies":"The Guardian","floor":16,"turns":15},{"damage":5,"enemies":"2 Thieves","floor":18,"turns":5},{"damage":1,"enemies":"Shell Parasite","floor":19,"turns":6},{"damage":19,"enemies":"Snake Plant","floor":20,"turns":6},{"damage":4,"enemies":"3 Cultists","floor":21,"turns":6},{"damage":11,"enemies":"Book of Stabbing","floor":23,"turns":8},{"damage":28,"enemies":"Centurion and Healer","floor":24,"turns":6},{"damage":5,"enemies":"Snake Plant","floor":28,"turns":7},{"damage":72,"enemies":"Collector","floor":33,"turns":17}],"event_choices":[{"event_name":"The Cleric","player_choice":"Healed","floor":4,"damage_taken":0},{"event_name":"Living Wall","player_choice":"Grow","floor":13,"damage_taken":0},{"event_name":"The Library","player_choice":"Heal","floor":29,"damage_taken":0},{"event_name":"Back to Basics","player_choice":"Simplicity","floor":30,"damage_taken":0},{"event_name":"Knowing Skull","player_choice":"POTION ","floor":31,"damage_taken":0}],"boss_relics":[{"not_picked":["Runic Dome","Tiny House"],"picked":"Ectoplasm"}],"potions_floor_spawned":[1,3,6,19,23,28],"seed_played":"-7502428228071335717","killed_by":"Collector","ascension_level":0,"is_trial":false}