{"gold_per_floor":[113,113,185,185,185,215,215,243,243,261,261,273,298,77,77,173,173,191,1,21,39,39,67,67,67,67,81,101,101,113,113,113,113],"floor_reached":33,"playtime":2301,"items_purged":["Strike_R"],"score":283,"play_id":"d90c7f8c-2d7a-4c1e-b300-15fcf3e455ab","local_time":"20180729031552","is_ascension_mode":false,"campfire_choices":[{"data":"Iron Wave","floor":11,"key":"SMITH"},{"data":"Inflame","floor":15,"key":"SMITH"},{"floor":24,"key":"REST"},{"floor":29,"key":"REST"},{"floor":32,"key":"REST"}],"neow_cost":"NONE","seed_source_timestamp":1496609928383563,"circlet_count":0,"master_deck":["Strike_R+1","Strike_R","Strike_R+1","Strike_R","Defend_R","Defend_R","Defend_R","Defend_R","Bash+1","Clothesline","Iron Wave","Iron Wave+1","Anger","Sword Boomerang+1","Inflame+1","Ghostly Armor","Double Tap","Cleave","Armaments","Warcry+1","Body Slam","Spot Weakness","Twin Strike","Shockwave+1","Feel No Pain"],"relics":["Burning Blood","Happy Flower","Regal Pillow","GremlinMask","Lantern","Pear","Pantograph","Whetstone","Magic Flower","Bottled Lightning"],"potions_floor_usage":[12,12,20,21,23],"damage_taken":[{"damage":6,"enemies":"Jaw Worm","floor":1,"turns":5},{"damage":9,"enemies":"Gremlin Nob","floor":6,"turns":4},{"damage":32,"enemies":"3 Sentries","floor":8,"turns":10},{"damage":0,"enemies":"Cultist","floor":10,"turns":3},{"damage":1,"enemies":"2 Louse","floor":12,"turns":3},{"damage":13,"enemies":"Lagavulin","floor":13,"turns":6},{"damage":38,"enemies":"Hexaghost","floor":16,"turns":9},{"damage":0,"enemies":"Chosen","floor":18,"turns":4},{"damage":12,"enemies":"Spheric Guardian","floor":20,"turns":4},{"damage":28,"enemies":"3 Cultists","floor":21,"turns":6},{"damage":59,"enemies":"Gremlin Leader","floor":23,"turns":9},{"damage":28,"enemies":"Centurion and Healer","floor":27,"turns":6},{"damage":42,"enemies":"Sentry and Sphere","floor":28,"turns":7},{"damage":7,"enemies":"Chosen and Byrds","floor":30,"turns":5},{"damage":100,"enemies":"Champ","floor":33,"turns":11}],"seed_played":"-8134344450755591405","potions_obtained":[{"floor":2,"key":"BloodPotion"},{"floor":2,"key":"FairyPotion"},{"floor":2,"key":"AttackPotion"},{"floor":6,"key":"BloodPotion"},{"floor":16,"key":"Strength Potion"},{"floor":20,"key":"Explosive Potion"},{"floor":21,"key":"Swift Potion"}],"is_trial":false,"path_per_floor":["M","?","?","?","$","E","?","E","T","M","R","M","E","$","R","B",null,"M","$","M","M","$","E","R","?","T","M","M","R","M","?","R"],"character_chosen":"IRONCLAD","items_purchased":["Inflame","Ghostly Armor","Armaments","Whetstone"],"campfire_rested":3,"item_purchase_floors":[14,14,19,19],"current_hp_per_floor":[80,80,80,64,64,61,61,35,45,51,51,74,67,67,67,58,90,90,90,84,62,62,9,51,51,51,32,13,55,57,57,90,0],"gold":113,"neow_bonus":"RANDOM_COMMON_RELIC","is_prod":false,"is_daily":false,"chose_seed":false,"campfire_upgraded":2,"win_rate":0.0,"timestamp":1532826952,"path_taken":["M","?","?","?","?","E","?","E","T","M","R","M","E","$","R","BOSS","M","$","M","M","?","E","R","?","T","?","M","R","M","?","R","BOSS"],"build_version":"2018-07-26","purchased_purges":1,"victory":false,"max_hp_per_floor":[80,80,80,80,80,80,80,80,90,90,90,90,90,90,90,90,90,90,90,90,90,90,90,90,90,90,90,90,90,90,90,90,90],"card_choices":[{"not_picked":["True Grit","Clash"],"picked":"Clothesline","floor":1},{"not_picked":["Dropkick","Feed"],"picked":"Iron Wave","floor":6},{"not_picked":["Thunderclap","Infernal Blade"],"picked":"Iron Wave","floor":8},{"not_picked":["Cleave","Combust"],"picked":"Anger","floor":10},{"not_picked":["Combust","Dual Wield","Hemokinesis"],"picked":"SKIP","floor":12},{"not_picked":["Flex","Perfected Strike"],"picked":"Sword Boomerang","floor":13},{"not_picked":["Fiend Fire","Feed"],"picked":"Double Tap","floor":16},{"not_picked":["True Grit","Rage+1"],"picked":"Cleave","floor":18},{"not_picked":["Clothesline","Thunderclap"],"picked":"Warcry+1","floor":20},{"not_picked":["Intimidate","Berserk"],"picked":"Body Slam","floor":21},{"not_picked":["Thunderclap+1","Sword Boomerang+1"],"picked":"Spot Weakness","floor":23},{"not_picked":["Iron Wave+1","Perfected Strike"],"picked":"Twin Strike","floor":27},{"not_picked":["Cleave+1","Twin Strike"],"picked":"Shockwave+1","floor":28},{"not_picked":["Clothesline","Headbutt"],"picked":"Feel No Pain","floor":30}],"player_experience":38488,"relics_obtained":[{"floor":6,"key":"Regal Pillow"},{"floor":8,"key":"Lantern"},{"floor":9,"key":"Pear"},{"floor":13,"key":"Pantograph"},{"floor":23,"key":"Magic Flower"},{"floor":26,"key":"Bottled Lightning"}],"event_choices":[{"event_name":"The Lab","player_choice":"Got Potions","floor":2,"damage_taken":0},{"event_name":"Golden Wing","player_choice":"Gained Gold","floor":3,"damage_taken":0},{"event_name":"Shining Light","player_choice":"Entered Light","floor":4,"damage_taken":0},{"event_name":"FaceTrader","player_choice":"Trade","floor":7,"damage_taken":0},{"event_name":"Addict","player_choice":"Ignored","floor":25,"damage_taken":0},{"event_name":"Ghosts","player_choice":"Ignored","floor":31,"damage_taken":0}],"is_beta":false,"boss_relics":[{"not_picked":["Sozu","Coffee Dripper","Runic Dome"]}],"items_purged_floors":[14],"is_endless":false,"potions_floor_spawned":[6,10,16,20,21],"killed_by":"Champ","ascension_level":0}