{"path_per_floor":["M","M","M","$","M","E","R","E","T","R","E","M","M","$","R","B",null,"M","M","?","?","$","R","$","M","T","R","M","R","E","M","R"],"character_chosen":"IRONCLAD","items_purchased":["Metallicize","Combust","Matryoshka"],"gold_per_floor":[116,126,144,30,48,80,80,107,181,181,214,228,242,168,168,265,265,278,290,290,290,50,50,50,61,61,61,78,78,103,120,120,120],"floor_reached":33,"campfire_rested":2,"playtime":1959,"current_hp_per_floor":[80,80,77,77,69,65,65,68,68,68,41,47,53,53,53,29,77,55,42,42,42,42,42,42,24,24,51,36,36,50,40,70,0],"items_purged":["Parasite"],"gold":120,"score":412,"play_id":"3699e1d8-3ac4-4ff2-aedb-26e5b6c04f1b","local_time":"20180421012328","is_prod":false,"is_daily":false,"chose_seed":false,"is_ascension_mode":true,"campfire_upgraded":2,"timestamp":1524299008,"path_taken":["M","M","M","$","M","E","R","E","T","R","E","M","M","$","R","BOSS","M","M","?","?","$","R","$","M","T","R","M","R","E","M","R","BOSS"],"build_version":"2018-04-19","seed_source_timestamp":51712291374846,"purchased_purges":2,"victory":false,"master_deck":["Strike_R","Strike_R","Strike_R","Strike_R","Strike_R","Defend_R","Defend_R","Defend_R","Defend_R","Bash","Rupture","Metallicize","Cleave","Metallicize+1","Immolate+1","Thunderclap","Brutality","Heavy Blade","Headbutt","Combust","Demon Form","Clothesline","Iron Wave+1","Iron Wave+1"],"max_hp_per_floor":[96,96,96,93,93,93,93,93,93,93,93,93,93,93,93,93,93,93,93,93,93,93,93,93,93,93,93,93,93,103,103,103,103],"relics":["Burning Blood","Paper Frog","Girya","Bottled Flame","Omamori","Runic Cube","Red Skull","Matryoshka","Lantern","Magic Flower","Pear"],"card_choices":[{"not_picked":["Heavy Blade","Havoc"],"picked":"Rupture","floor":1},{"not_picked":["Flex","Body Slam"],"picked":"Metallicize","floor":2},{"not_picked":["Wild Strike","Warcry"],"picked":"Cleave","floor":3},{"not_picked":["Sword Boomerang","Iron Wave"],"picked":"Immolate","floor":5},{"not_picked":["Battle Trance","Second Wind"],"picked":"Thunderclap","floor":8},{"not_picked":["Pommel Strike","Bludgeon"],"picked":"Brutality","floor":11},{"not_picked":["Cleave","Twin Strike"],"picked":"Heavy Blade","floor":12},{"not_picked":["Entrench","True Grit"],"picked":"Headbutt","floor":13},{"not_picked":["Brutality","Reaper"],"picked":"Demon Form","floor":16},{"not_picked":["Bloodletting","Rupture"],"picked":"Iron Wave","floor":25},{"not_picked":["Ghostly Armor","Armaments"],"picked":"Iron Wave","floor":31}],"player_experience":339559,"potions_floor_usage":[6,6,11,16,30,30,31],"damage_taken":[{"damage":14,"enemies":"Jaw Worm","floor":1,"turns":5},{"damage":6,"enemies":"Cultist","floor":2,"turns":4},{"damage":9,"enemies":"Small Slimes","floor":3,"turns":5},{"damage":14,"enemies":"Exordium Thugs","floor":5,"turns":8},{"damage":22,"enemies":"Gremlin Nob","floor":6,"turns":5},{"damage":3,"enemies":"3 Sentries","floor":8,"turns":3},{"damage":33,"enemies":"Gremlin Nob","floor":11,"turns":5},{"damage":0,"enemies":"3 Louse","floor":12,"turns":1},{"damage":0,"enemies":"Blue Slaver","floor":13,"turns":1},{"damage":30,"enemies":"Hexaghost","floor":16,"turns":6},{"damage":28,"enemies":"Spheric Guardian","floor":18,"turns":6},{"damage":19,"enemies":"Shell Parasite","floor":19,"turns":5},{"damage":24,"enemies":"Snake Plant","floor":25,"turns":2},{"damage":24,"enemies":"Centurion and Healer","floor":28,"turns":5},{"damage":10,"enemies":"Slavers","floor":30,"turns":2},{"damage":19,"enemies":"Slaver and Parasite","floor":31,"turns":5},{"damage":70,"enemies":"Automaton","floor":33,"turns":8}],"event_choices":[{"event_name":"Accursed Blacksmith","player_choice":"Rummage","floor":20,"damage_taken":0},{"event_name":"The Library","player_choice":"Read","floor":21,"damage_taken":0}],"boss_relics":[{"not_picked":["Philosopher\u0027s Stone","Pandora\u0027s Box"],"picked":"Runic Cube"}],"potions_floor_spawned":[1,3,6,11,12,18,25,28],"seed_played":"8514148816343468365","killed_by":"Automaton","ascension_level":7,"is_trial":false}