{"path_per_floor":["M","?","?","T","M","E","R","M","T","?","?","M","R","$","R","B",null,"M","?","?","$","M","M","?","M","T","R"],"character_chosen":"THE_SILENT","items_purchased":["Apotheosis"],"gold_per_floor":[111,111,111,135,154,181,181,195,222,172,200,217,217,25,25,122,122,137,87,87,12,27,38,38,58,58,58],"floor_reached":28,"campfire_rested":2,"playtime":3248,"current_hp_per_floor":[70,70,70,70,68,55,55,53,53,53,37,31,52,52,52,52,70,64,64,48,48,44,27,27,7,7,28],"items_purged":["Defend_G"],"gold":58,"score":265,"play_id":"6541ce4d-30ca-412e-8714-a911ae2d7590","is_prod":false,"is_daily":false,"is_ascension_mode":false,"campfire_upgraded":2,"path_taken":["M","?","?","?","M","E","R","M","T","?","?","M","R","$","R","BOSS","M","?","?","$","M","M","?","M","T","R","E"],"build_version":"2018-02-08-PROD1","purchased_purges":1,"victory":false,"master_deck":["Defend_G","Defend_G","Defend_G","Strike_G","Strike_G","Strike_G","Strike_G","Strike_G","Survivor","Neutralize","Infinite Blades+1","Dagger Throw","Deadly Poison","Venomology","Dagger Spray","Glass Knife","Apotheosis+1","Adrenaline","Noxious Fumes","Poisoned Stab","Prepared","Poisoned Stab","Dodge and Roll","Flying Knee+1","Noxious Fumes","Blade Dance+1","Decay"],"max_hp_per_floor":[70,70,70,70,70,70,70,70,70,70,70,70,70,70,70,70,70,70,70,70,70,70,70,70,70,70,70],"relics":["Ring of the Snake","Toolbox","Spirit Poop","Orichalcum","Ornamental Fan","Snake Skull","Odd Mushroom","Orrery","Nilry\u0027s Codex","Sundial"],"card_choices":[{"not_picked":["Expertise","Blur"],"picked":"Infinite Blades"},{"not_picked":["Slice","All Out Attack"],"picked":"Dagger Throw"},{"not_picked":["Slice","Outmaneuver"],"picked":"Deadly Poison"},{"not_picked":["Predator","Escape Plan"],"picked":"Venomology"},{"not_picked":["Backflip","Footwork"],"picked":"Dagger Spray"},{"not_picked":["Deadly Poison","Deflect"],"picked":"Glass Knife"},{"not_picked":["Unload","Envenom"],"picked":"Adrenaline"},{"not_picked":["Acrobatics","Slice"],"picked":"Noxious Fumes"},{"not_picked":["Slice","Acrobatics"],"picked":"Poisoned Stab"},{"not_picked":["Blur","Terror"],"picked":"Prepared"},{"not_picked":["Prepared","Sucker Punch"],"picked":"Poisoned Stab"},{"not_picked":["Deflect","Blur"],"picked":"Dodge and Roll"},{"not_picked":["Terror","Backflip"],"picked":"Flying Knee"},{"not_picked":["Well Laid Plans","PiercingWail"],"picked":"Noxious Fumes"},{"not_picked":["Predator","Quick Slash"],"picked":"Blade Dance"}],"player_experience":12154,"potions_floor_usage":[11,12,12,16,18,18,22,22,23,25,28],"damage_taken":[{"damage":0,"enemies":"Small Slimes","floor":1,"turns":4},{"damage":2,"enemies":"Blue Slaver","floor":5,"turns":5},{"damage":13,"enemies":"Gremlin Nob","floor":6,"turns":4},{"damage":2,"enemies":"Cultist","floor":8,"turns":3},{"damage":16,"enemies":"The Mushroom Lair","floor":11,"turns":5},{"damage":6,"enemies":"Looter","floor":12,"turns":3},{"damage":0,"enemies":"Hexaghost","floor":16,"turns":7},{"damage":6,"enemies":"Spheric Guardian","floor":18,"turns":4},{"damage":4,"enemies":"Shell Parasite","floor":22,"turns":4},{"damage":17,"enemies":"Chosen and Byrds","floor":23,"turns":5},{"damage":20,"enemies":"Snecko","floor":25,"turns":5},{"damage":34,"enemies":"Slavers","floor":28,"turns":2}],"event_choices":[{"event_name":"Accursed Blacksmith","player_choice":"Rummage","floor":2,"damage_taken":0},{"event_name":"Bonfire Elementals","player_choice":"CURSE","floor":3,"damage_taken":0},{"event_name":"The Cleric","player_choice":"Card Removal","floor":10,"damage_taken":0},{"event_name":"Mushrooms","player_choice":"Fought Mushrooms","floor":11,"damage_taken":0},{"event_name":"The Joust","player_choice":"Bet on Owner","floor":19,"damage_taken":0},{"event_name":"Cursed Tome","player_choice":"Obtained Book","floor":20,"damage_taken":0},{"event_name":"Wheel of Change","player_choice":"Curse","floor":24,"damage_taken":0}],"boss_relics":[{"not_picked":["Runic Pyramid","Tiny House"],"picked":"Orrery"}],"potions_floor_spawned":[1,6,11,16,18],"seed_played":"4127872183889808140","killed_by":"Slavers","ascension_level":0,"is_trial":false}