{"path_per_floor":["M","?","M","$","?","R","M","E","T","?","M","M","R","?","R","B",null,"M","$","?","M","$","R","E","M","T","M","R","M","R","M","R","B",null,"M","?","M","?","M","R","?","R","T","E","R","M","$","T","R","B"],"character_chosen":"THE_SILENT","items_purchased":["Footwork","Footwork","Bronze Scales","Dash","Explosive Potion"],"gold_per_floor":[19,19,39,0,0,0,16,43,119,119,134,148,148,208,208,282,282,292,169,169,184,30,30,64,81,81,101,101,120,120,131,131,210,210,228,228,242,242,253,253,253,253,253,282,282,301,122,122,122,122],"floor_reached":51,"campfire_rested":5,"playtime":5310,"item_purchase_floors":[],"current_hp_per_floor":[59,59,52,52,45,45,45,29,29,29,25,20,41,37,37,28,60,60,60,60,48,48,48,31,25,25,15,36,40,61,60,60,4,54,36,36,21,21,21,42,60,60,60,44,65,66,66,66,66,41],"items_purged":["Regret","Writhe"],"gold":122,"score":1064,"play_id":"1f38001c-38dd-4eda-8b24-356c85898029","local_time":"20180602200121","is_prod":false,"is_daily":false,"chose_seed":false,"is_ascension_mode":true,"campfire_upgraded":6,"win_rate":0,"timestamp":1527994881,"campfire_choices":[{"data":"Neutralize","floor":6.0,"key":"SMITH"},{"floor":13.0,"key":"REST"},{"data":"Footwork","floor":15.0,"key":"SMITH"},{"data":"Malaise","floor":23.0,"key":"SMITH"},{"floor":28.0,"key":"REST"},{"floor":30.0,"key":"REST"},{"data":"Dagger Spray","floor":32.0,"key":"SMITH"},{"floor":40,"key":"REST"},{"data":"Predator","floor":42,"key":"SMITH"},{"floor":45,"key":"REST"},{"data":"Dash","floor":49,"key":"SMITH"}],"path_taken":["M","?","M","$","?","R","M","E","T","?","M","M","R","?","R","BOSS","M","$","?","?","?","R","E","M","T","M","R","?","R","M","R","BOSS","M","?","M","?","M","R","?","R","T","E","R","M","$","?","R","BOSS"],"build_version":"2018-05-31","seed_source_timestamp":0,"purchased_purges":2,"victory":true,"master_deck":["Defend_G+1","Defend_G+1","Defend_G+1","Defend_G+1","Defend_G+1","Strike_G+1","Strike_G+1","Strike_G+1","Survivor","Neutralize+1","AscendersBane","Sucker Punch","Predator+1","Footwork+1","Malaise+1","Adrenaline","Dagger Throw+1","Caltrops","Prepared","Adrenaline","Underhanded Strike","Footwork+1","Slice+1","Dagger Spray+1","Blur","Tactician","Calculated Gamble+1","Dash+1"],"max_hp_per_floor":[70,70,70,70,70,70,70,70,70,70,70,70,70,70,70,70,70,70,70,70,70,70,70,70,70,70,70,70,70,70,70,70,70,70,70,70,70,70,70,70,70,70,70,72,72,74,74,74,74,74],"relics":["Ring of the Snake","Oddly Smooth Stone","Bottled Tornado","Smiling Mask","Tough Bandages","Pen Nib","Runic Dome","Bronze Scales","Ancient Tea Set","Boot","Velvet Choker","Mummified Hand","Singing Bowl","Whetstone"],"card_choices":[{"not_picked":["Eviscerate","Dodge and Roll"],"picked":"Sucker Punch","floor":1.0},{"not_picked":["Blur","Sucker Punch"],"picked":"Predator","floor":3.0},{"not_picked":["Quick Slash","Outmaneuver"],"picked":"Malaise","floor":7.0},{"not_picked":["Terror","Accuracy"],"picked":"Adrenaline","floor":8.0},{"not_picked":["Acrobatics","Blade Dance"],"picked":"Dagger Throw","floor":11.0},{"not_picked":["PiercingWail","Deadly Poison"],"picked":"Caltrops","floor":12.0},{"not_picked":["Sucker Punch","Acrobatics"],"picked":"Prepared","floor":14.0},{"not_picked":["Doppelganger","Bullet Time"],"picked":"Adrenaline","floor":16.0},{"not_picked":["Outmaneuver","Malaise"],"picked":"Underhanded Strike","floor":18.0},{"not_picked":["Quick Slash","Bane"],"picked":"Slice","floor":21.0},{"not_picked":["Poisoned Stab","Endless Agony","Night Terror"],"picked":"SKIP","floor":24.0},{"not_picked":["Expertise","Noxious Fumes","Setup"],"picked":"SKIP","floor":25.0},{"not_picked":["Accuracy","Finisher"],"picked":"Dagger Spray","floor":27.0},{"not_picked":["PiercingWail","Acrobatics","Malaise"],"picked":"SKIP","floor":29.0},{"not_picked":["Cloak And Dagger","Masterful Stab"],"picked":"Blur","floor":31.0},{"not_picked":["Night Terror","A Thousand Cuts"],"picked":"Tactician","floor":33.0},{"not_picked":["Quick Slash","Dagger Spray","Flechettes"],"picked":"SKIP","floor":35},{"not_picked":["Slice","Skewer"],"picked":"Calculated Gamble","floor":37},{"not_picked":["Heel Hook+1","Poisoned Stab","Blade Dance"],"picked":"SKIP","floor":39},{"not_picked":["Flying Knee","Sucker Punch","Bullet Time"],"picked":"Singing Bowl","floor":44},{"not_picked":["Sucker Punch","Distraction","Acrobatics"],"picked":"Singing Bowl","floor":46}],"player_experience":551941,"potions_floor_usage":[50,50],"damage_taken":[{"damage":4.0,"enemies":"2 Louse","floor":1.0,"turns":5.0},{"damage":7.0,"enemies":"Small Slimes","floor":3.0,"turns":6.0},{"damage":0.0,"enemies":"Jaw Worm","floor":7.0,"turns":5.0},{"damage":16.0,"enemies":"Gremlin Nob","floor":8.0,"turns":4.0},{"damage":4.0,"enemies":"Gremlin Gang","floor":11.0,"turns":3.0},{"damage":5.0,"enemies":"2 Fungi Beasts","floor":12.0,"turns":4.0},{"damage":4.0,"enemies":"3 Sentries","floor":14.0,"turns":10.0},{"damage":9.0,"enemies":"The Guardian","floor":16.0,"turns":15.0},{"damage":0.0,"enemies":"3 Byrds","floor":18.0,"turns":8.0},{"damage":12.0,"enemies":"Spheric Guardian","floor":21.0,"turns":6.0},{"damage":17.0,"enemies":"Slavers","floor":24.0,"turns":5.0},{"damage":6.0,"enemies":"Snake Plant","floor":25.0,"turns":3.0},{"damage":10.0,"enemies":"Slaver and Parasite","floor":27.0,"turns":6.0},{"damage":6.0,"enemies":"Centurion and Healer","floor":29.0,"turns":5.0},{"damage":1.0,"enemies":"Chosen and Byrds","floor":31.0,"turns":6.0},{"damage":56.0,"enemies":"Collector","floor":33.0,"turns":16.0},{"damage":18,"enemies":"3 Darklings","floor":35,"turns":5},{"damage":15,"enemies":"Orb Walker","floor":37,"turns":5},{"damage":0,"enemies":"4 Shapes","floor":39,"turns":7},{"damage":18,"enemies":"2 Orb Walkers","floor":44,"turns":6},{"damage":1,"enemies":"Maw","floor":46,"turns":11},{"damage":25,"enemies":"Awakened One","floor":50,"turns":24}],"relics_obtained":[{"floor":8.0,"key":"Bottled Tornado"},{"floor":9.0,"key":"Smiling Mask"},{"floor":14.0,"key":"Pen Nib"},{"floor":24.0,"key":"Ancient Tea Set"},{"floor":26.0,"key":"Boot"},{"floor":43,"key":"Mummified Hand"},{"floor":44,"key":"Singing Bowl"},{"floor":48,"key":"Whetstone"}],"event_choices":[{"event_name":"The Cleric","player_choice":"Leave","floor":2.0,"damage_taken":0.0},{"event_name":"Scrap Ooze","player_choice":"success","floor":5.0,"damage_taken":7.0},{"event_name":"Big Fish","player_choice":"Box","floor":10.0,"damage_taken":0.0},{"event_name":"Dead Adventurer","player_choice":"Searched \u00271\u0027 times","floor":14.0,"damage_taken":0.0},{"event_name":"Back to Basics","player_choice":"Simplicity","floor":20.0,"damage_taken":0.0},{"event_name":"Accursed Blacksmith","player_choice":"Forge","floor":36,"damage_taken":0},{"event_name":"Upgrade Shrine","player_choice":"Upgraded","floor":38,"damage_taken":0},{"event_name":"Winding Halls","player_choice":"Writhe","floor":41,"damage_taken":0}],"boss_relics":[{"not_picked":["Black Star","Lizard Tail"],"picked":"Velvet Choker"}],"items_purged_floors":[],"potions_floor_spawned":[3,7,8,14,16,21,24,27,33,37,46],"seed_played":"3828321290396416253","ascension_level":13,"potions_obtained":[{"floor":3.0,"key":"FearPotion"},{"floor":7.0,"key":"Energy Potion"},{"floor":8.0,"key":"Explosive Potion"},{"floor":14.0,"key":"AttackPotion"},{"floor":16.0,"key":"PowerPotion"},{"floor":21.0,"key":"Dexterity Potion"},{"floor":24.0,"key":"Dexterity Potion"},{"floor":27.0,"key":"Regen Potion"},{"floor":33.0,"key":"GhostInAJar"},{"floor":37,"key":"FairyPotion"},{"floor":46,"key":"Swift Potion"}],"is_trial":false}