{"path_per_floor":["M","$","?","?","M","E","R","E","T","E","?","M","M","$","R","B",null,"M","$","M","?","M","R","E","R","T","?","R","M","M","M","R","B",null,"M","?","M","T","$","R","E","R","T","M","?","?","R","$","R","B"],"character_chosen":"IRONCLAD","items_purchased":["Metallicize","Shuriken","Inflame","Combust","Bottled Tornado","Vajra","Clash","Shrug It Off","Fire Potion","Mango","Metallicize","Apotheosis","Metallicize"],"gold_per_floor":[112,32,107,407,418,447,447,477,551,586,586,596,614,292,292,391,391,411,32,42,42,60,60,88,88,167,167,167,183,194,212,212,314,314,326,576,595,595,557,557,585,585,585,596,596,596,596,10,10,10],"floor_reached":51,"campfire_rested":7,"playtime":6945,"current_hp_per_floor":[80,80,69,51,57,63,63,42,42,44,64,66,67,67,67,34,80,57,57,34,34,23,46,16,39,39,39,62,45,43,41,64,37,77,51,51,26,26,26,49,25,48,48,39,39,39,39,53,80,12],"items_purged":["Strike_R"],"gold":10,"score":904,"play_id":"787cea4e-c655-47aa-adc3-747c340eec45","local_time":"20180410220259","is_prod":false,"is_daily":false,"is_ascension_mode":true,"campfire_upgraded":3,"timestamp":1523422979,"path_taken":["M","$","?","?","M","E","R","E","T","E","?","M","M","$","R","BOSS","M","$","M","?","M","R","E","R","T","?","R","M","?","M","R","BOSS","M","?","?","?","$","R","E","R","T","?","?","?","R","$","R","BOSS"],"build_version":"2018-04-05v2","purchased_purges":3,"victory":true,"master_deck":["Strike_R","Strike_R","Strike_R","Defend_R","Defend_R","Defend_R","Defend_R","Bash","Iron Wave","Metallicize+1","Seeing Red","Offering+1","Pommel Strike","Flex","Flex","Rupture","Inflame","Combust+1","Offering","Flex","Clash","Shrug It Off","Cleave","Iron Wave","Demon Form+1","Inflame+1","Dropkick+1","Power Through+1","Limit Break","Metallicize","Regret","Metallicize","Apotheosis","Metallicize"],"max_hp_per_floor":[80,80,80,80,80,80,80,80,80,80,80,80,80,80,80,80,80,80,80,80,77,77,77,77,77,77,77,77,77,77,77,77,77,77,77,77,77,77,77,77,77,77,77,77,77,77,77,91,91,91],"relics":["Burning Blood","NeowsBlessing","Old Coin","Bag of Marbles","Matryoshka","Letter Opener","Question Card","The Courier","Shuriken","Runic Cube","Bottled Tornado","Vajra","Bag of Preparation","Self Forming Clay","Molten Egg 2","Velvet Choker","Charon\u0027s Ashes","Bronze Scales","Happy Flower","Mango"],"card_choices":[{"not_picked":["Warcry","Headbutt"],"picked":"Iron Wave","floor":1},{"not_picked":["Sword Boomerang","Combust"],"picked":"Seeing Red","floor":5},{"not_picked":["Reckless Charge","Wild Strike"],"picked":"Offering","floor":6},{"not_picked":["Body Slam","Twin Strike"],"picked":"Pommel Strike","floor":8},{"not_picked":["Armaments","Twin Strike","Bludgeon"],"picked":"Flex","floor":10},{"not_picked":["Rage","Whirlwind","Heavy Blade"],"picked":"Flex","floor":12},{"not_picked":["Headbutt","Shrug It Off","Twin Strike"],"picked":"Rupture","floor":13},{"not_picked":["Juggernaut","Limit Break","Demon Form"],"picked":"Offering","floor":16},{"not_picked":["Whirlwind","Shockwave","Pommel Strike"],"picked":"Flex","floor":18},{"not_picked":["Shockwave","Sentinel","Headbutt"],"picked":"Cleave","floor":20},{"not_picked":["Evolve","Battle Trance","Thunderclap"],"picked":"Iron Wave","floor":22},{"not_picked":["Combust","Twin Strike","Infernal Blade"],"picked":"Demon Form","floor":24},{"not_picked":["Pummel","Warcry","Clothesline"],"picked":"Inflame","floor":29},{"not_picked":["Searing Blow","Flex","Pommel Strike"],"picked":"Dropkick","floor":30},{"not_picked":["Armaments","Carnage","Anger"],"picked":"Power Through","floor":31},{"not_picked":["Immolate","Barricade","Dark Embrace"],"picked":"Limit Break","floor":33},{"not_picked":["Thunderclap","Pummel","Dropkick"],"picked":"Metallicize","floor":35}],"player_experience":266290,"potions_floor_usage":[8,10,31,33,33,41,41,41],"damage_taken":[{"damage":0,"enemies":"Small Slimes","floor":1,"turns":1},{"damage":0,"enemies":"Jaw Worm","floor":5,"turns":1},{"damage":0,"enemies":"Gremlin Nob","floor":6,"turns":1},{"damage":42,"enemies":"Lagavulin","floor":8,"turns":11},{"damage":4,"enemies":"Gremlin Nob","floor":10,"turns":2},{"damage":4,"enemies":"2 Louse","floor":12,"turns":1},{"damage":5,"enemies":"Looter","floor":13,"turns":2},{"damage":39,"enemies":"The Guardian","floor":16,"turns":13},{"damage":29,"enemies":"3 Byrds","floor":18,"turns":4},{"damage":29,"enemies":"2 Thieves","floor":20,"turns":3},{"damage":17,"enemies":"Sentry and Sphere","floor":22,"turns":4},{"damage":36,"enemies":"Slavers","floor":24,"turns":3},{"damage":23,"enemies":"Cultist and Chosen","floor":29,"turns":5},{"damage":8,"enemies":"Centurion and Healer","floor":30,"turns":3},{"damage":8,"enemies":"3 Cultists","floor":31,"turns":2},{"damage":33,"enemies":"Champ","floor":33,"turns":6},{"damage":32,"enemies":"3 Darklings","floor":35,"turns":4},{"damage":31,"enemies":"Orb Walker","floor":37,"turns":4},{"damage":30,"enemies":"2 Orb Walkers","floor":41,"turns":4},{"damage":15,"enemies":"4 Shapes","floor":44,"turns":4},{"damage":74,"enemies":"Time Eater","floor":50,"turns":9}],"event_choices":[{"event_name":"World of Goop","player_choice":"Gather Gold","floor":3,"damage_taken":0},{"event_name":"Scrap Ooze","player_choice":"success","floor":4,"damage_taken":18},{"event_name":"Mushrooms","player_choice":"Healed and dodged fight","floor":11,"damage_taken":0},{"event_name":"Fountain of Cleansing","player_choice":"Removed Curse","floor":21,"damage_taken":0},{"event_name":"Upgrade Shrine","player_choice":"Upgraded","floor":27,"damage_taken":0},{"event_name":"Golden Shrine","player_choice":"Desecrate","floor":36,"damage_taken":0},{"event_name":"SecretPortal","player_choice":"Rejected Portal.","floor":46,"damage_taken":0}],"boss_relics":[{"not_picked":["Runic Dome","Astrolabe"],"picked":"Runic Cube"},{"not_picked":["Pandora\u0027s Box","Lizard Tail"],"picked":"Velvet Choker"}],"potions_floor_spawned":[5,6,10,12,16,20,22,30,31,37],"seed_played":"-3362993512421439919","ascension_level":4,"is_trial":false}