{"path_per_floor":["M","$","?","M","T","R","M","E","T","E","$","?","M","M","R","B",null,"M","$","?","M","M","R","E","R","T","T","M","?","?","E","R"],"character_chosen":"IRONCLAD","items_purchased":["Ornamental Fan","Flex","Vajra"],"gold_per_floor":[118,118,118,136,136,136,155,184,184,513,253,276,287,300,300,402,402,369,127,42,57,71,71,97,97,179,179,198,198,198,233,233,233],"floor_reached":33,"campfire_rested":2,"playtime":2442,"current_hp_per_floor":[72,72,72,65,65,65,67,53,53,49,49,41,45,50,50,10,66,42,42,42,51,32,59,30,57,57,57,52,52,34,48,48,0],"items_purged":["Regret"],"gold":233,"score":391,"play_id":"f48bd299-b295-4481-a38c-e2c1fc197bd2","local_time":"20180411224413","is_prod":false,"is_daily":false,"is_ascension_mode":true,"campfire_upgraded":3,"timestamp":1523511853,"path_taken":["M","?","?","M","?","R","M","E","T","E","$","?","?","M","R","BOSS","M","$","?","M","M","R","E","R","T","?","?","?","?","E","R","BOSS"],"build_version":"2018-04-05v2","purchased_purges":1,"victory":false,"master_deck":["Strike_R","Strike_R","Strike_R","Defend_R","Defend_R","Defend_R","Defend_R","Bash+1","Flex","Battle Trance","Pommel Strike","Feed","Iron Wave+1","Clothesline","Pommel Strike","Offering","Flex","Clash","Dropkick","Iron Wave","Metallicize+1"],"max_hp_per_floor":[72,72,72,72,72,72,72,72,72,75,75,78,81,84,84,84,84,87,87,87,87,90,90,90,90,90,90,90,90,95,98,98,98],"relics":["Burning Blood","Anchor","Dead Branch","Ice Cream","Magic Flower","Old Coin","Ornamental Fan","Odd Mushroom","Runic Cube","Vajra","Matryoshka","Shuriken","Tiny Chest","Orichalcum","Regal Pillow","Thread and Needle","Calipers"],"card_choices":[{"not_picked":["Reckless Charge","Armaments"],"picked":"Flex","floor":1},{"not_picked":["Flex","Twin Strike"],"picked":"Battle Trance","floor":4},{"not_picked":["Impervious","Perfected Strike"],"picked":"Pommel Strike","floor":7},{"not_picked":["Warcry","Inflame"],"picked":"Feed","floor":8},{"not_picked":["True Grit","Havoc"],"picked":"Iron Wave","floor":12},{"not_picked":["Pummel","Intimidate"],"picked":"Clothesline","floor":13},{"not_picked":["Searing Blow","Body Slam"],"picked":"Pommel Strike","floor":14},{"not_picked":["Demon Form","Bludgeon"],"picked":"Offering","floor":16},{"not_picked":["Shrug It Off","Flex"],"picked":"Clash","floor":22},{"not_picked":["Bludgeon","Anger"],"picked":"Dropkick","floor":24},{"not_picked":["Whirlwind","Inflame"],"picked":"Iron Wave","floor":28},{"not_picked":["Seeing Red","Reaper"],"picked":"Metallicize","floor":31}],"player_experience":274444,"potions_floor_usage":[8,10,16,31,33,33],"damage_taken":[{"damage":6,"enemies":"Cultist","floor":1,"turns":3},{"damage":13,"enemies":"Jaw Worm","floor":4,"turns":6},{"damage":4,"enemies":"2 Louse","floor":7,"turns":4},{"damage":20,"enemies":"Gremlin Nob","floor":8,"turns":3},{"damage":18,"enemies":"3 Sentries","floor":10,"turns":6},{"damage":22,"enemies":"The Mushroom Lair","floor":12,"turns":7},{"damage":10,"enemies":"Exordium Wildlife","floor":13,"turns":3},{"damage":9,"enemies":"Large Slime","floor":14,"turns":5},{"damage":49,"enemies":"The Guardian","floor":16,"turns":15},{"damage":38,"enemies":"2 Thieves","floor":18,"turns":5},{"damage":0,"enemies":"Chosen","floor":21,"turns":4},{"damage":33,"enemies":"Centurion and Healer","floor":22,"turns":5},{"damage":38,"enemies":"Gremlin Leader","floor":24,"turns":8},{"damage":14,"enemies":"Chosen and Byrds","floor":28,"turns":4},{"damage":10,"enemies":"Book of Stabbing","floor":31,"turns":3},{"damage":51,"enemies":"Automaton","floor":33,"turns":6}],"event_choices":[{"event_name":"Big Fish","player_choice":"Box","floor":3,"damage_taken":0},{"event_name":"Mushrooms","player_choice":"Fought Mushrooms","floor":12,"damage_taken":0},{"event_name":"Addict","player_choice":"Obtained Relic","floor":20,"damage_taken":0},{"event_name":"Ghosts","player_choice":"Ignored","floor":29,"damage_taken":0},{"event_name":"Forgotten Altar","player_choice":"Shed Blood","floor":30,"damage_taken":0}],"boss_relics":[{"not_picked":["Black Star","Lizard Tail"],"picked":"Runic Cube"}],"potions_floor_spawned":[1,4,12,16,18,24,28,31],"seed_played":"8805948627087069732","killed_by":"Automaton","ascension_level":5,"is_trial":false}