{"gold_per_floor":[116,128,142,161,212,212,272,272,272,272,272,272,272,304,304,304],"floor_reached":16,"playtime":955,"items_purged":[],"score":216,"play_id":"aae92b34-da90-45af-975d-ce54bc62fa9e","local_time":"20190316134806","is_ascension_mode":true,"campfire_choices":[{"data":"Neutralize","floor":6.0,"key":"SMITH"},{"data":"Blur","floor":11,"key":"SMITH"},{"floor":13,"key":"REST"},{"data":"Leg Sweep","floor":15,"key":"SMITH"}],"neow_cost":"NONE","seed_source_timestamp":5940032808184,"circlet_count":0,"master_deck":["AscendersBane","Defend_G","Defend_G","Defend_G","Defend_G","Defend_G+1","Strike_G","Strike_G","Strike_G","Strike_G","Strike_G","Survivor","Neutralize+1","Backflip","Cloak And Dagger+1","Backstab","Backflip","Blur+1","Leg Sweep+1"],"special_seed":0,"relics":["Ring of the Snake","Vajra","Regal Pillow","Tiny Chest","PreservedInsect","Bronze Scales","Blood Vial"],"potions_floor_usage":[],"damage_taken":[{"damage":1.0,"enemies":"Cultist","floor":1.0,"turns":4.0},{"damage":4.0,"enemies":"Small Slimes","floor":2.0,"turns":4.0},{"damage":1.0,"enemies":"2 Louse","floor":3.0,"turns":3.0},{"damage":4.0,"enemies":"2 Fungi Beasts","floor":4.0,"turns":4.0},{"damage":11.0,"enemies":"Lagavulin","floor":7.0,"turns":9.0},{"damage":2,"enemies":"3 Sentries","floor":14,"turns":6},{"damage":56,"enemies":"Hexaghost","floor":16,"turns":14}],"seed_played":"2939294985545186475","potions_obtained":[{"floor":3.0,"key":"EssenceOfSteel"},{"floor":4.0,"key":"AttackPotion"}],"is_trial":false,"path_per_floor":["M","M","M","M","T","R","E","?","T","?","R","?","R","E","R","B"],"character_chosen":"THE_SILENT","items_purchased":[],"campfire_rested":1,"item_purchase_floors":[],"current_hp_per_floor":[58,54,53,49,49,49,38,33,33,38,38,17,53,51,51,0],"gold":304,"neow_bonus":"RANDOM_COMMON_RELIC","is_prod":false,"is_daily":false,"chose_seed":false,"campfire_upgraded":3,"win_rate":0,"timestamp":1552769286,"path_taken":["M","M","M","M","?","R","E","?","T","?","R","?","R","E","R","BOSS"],"build_version":"2019-01-23","purchased_purges":0,"victory":false,"max_hp_per_floor":[66,66,66,66,66,66,66,66,66,71,71,71,71,71,71,71],"card_choices":[{"not_picked":["Underhanded Strike","Dagger Spray"],"picked":"Backflip","floor":1.0},{"not_picked":["Underhanded Strike","Concentrate"],"picked":"Cloak And Dagger","floor":2.0},{"not_picked":["Bane","Masterful Stab"],"picked":"Backstab","floor":3.0},{"not_picked":["All Out Attack","Expertise"],"picked":"Backflip","floor":4.0},{"not_picked":["Choke","Blade Dance"],"picked":"Blur","floor":7.0},{"not_picked":["Acrobatics","Backflip"],"picked":"Leg Sweep","floor":14}],"player_experience":1252960,"relics_obtained":[{"floor":5.0,"key":"Regal Pillow"},{"floor":7.0,"key":"Tiny Chest"},{"floor":9.0,"key":"Bronze Scales"},{"floor":14,"key":"Blood Vial"}],"event_choices":[{"damage_healed":0.0,"max_hp_gain":0.0,"max_hp_loss":0.0,"gold_gain":0.0,"event_name":"Scrap Ooze","player_choice":"Success","floor":8.0,"gold_loss":0.0,"damage_taken":5.0,"relics_obtained":["PreservedInsect"]},{"damage_healed":0,"gold_gain":0,"player_choice":"Donut","damage_taken":0,"max_hp_gain":5,"max_hp_loss":0,"event_name":"Big Fish","floor":10,"gold_loss":0},{"damage_healed":0,"gold_gain":0,"player_choice":"Entered Light","damage_taken":21,"max_hp_gain":0,"max_hp_loss":0,"event_name":"Shining Light","floor":12,"gold_loss":0,"cards_upgraded":["Cloak And Dagger","Defend_G"]}],"is_beta":false,"boss_relics":[],"items_purged_floors":[],"is_endless":false,"potions_floor_spawned":[3,4],"killed_by":"Hexaghost","ascension_level":20}