{"path_per_floor":["M","?","?","M","$","E","$","?","T","E","R","M","M","E","R","B",null,"M","M","?","?","$","R","?","R","T","E","M","?","?","E","R","B",null,"M","M","?","?","M"],"character_chosen":"THE_SILENT","items_purchased":["Crippling Poison","Oddly Smooth Stone"],"gold_per_floor":[110,285,285,296,145,172,15,15,95,120,120,135,151,176,176,276,276,290,303,228,228,128,128,128,128,128,153,167,167,167,193,193,290,290,302,318,0,0,14],"floor_reached":40,"campfire_rested":1,"playtime":3602,"current_hp_per_floor":[70,70,70,70,70,53,53,53,53,51,51,51,49,45,45,39,70,70,66,66,66,66,66,66,66,66,41,17,23,23,11,33,11,76,67,65,65,55,34],"items_purged":["Strike_G","Strike_G"],"gold":14,"score":440,"play_id":"92279991-dd38-4245-9974-7bbc2d5253b2","local_time":"20180312234729","is_prod":false,"is_daily":false,"is_ascension_mode":false,"campfire_upgraded":3,"timestamp":1520923649,"path_taken":["M","?","?","?","$","E","$","?","T","E","R","?","M","E","R","BOSS","M","M","?","?","$","R","?","R","T","E","M","?","?","E","R","BOSS","M","M","?","?","M","E"],"build_version":"2018-03-09","purchased_purges":2,"victory":false,"master_deck":["Defend_G+1","Defend_G+1","Defend_G+1","Defend_G+1","Defend_G+1","Strike_G+1","Survivor","Neutralize","Poisoned Stab","Deadly Poison","Crippling Poison+1","Envenom","Noxious Fumes","After Image+1","Deadly Poison","Deflect+1","Deflect","Decay","Bane","Madness","Madness"],"max_hp_per_floor":[70,70,70,70,70,70,70,70,70,70,70,70,70,70,70,70,70,70,70,70,70,70,70,70,70,70,70,70,76,76,76,76,76,76,76,76,76,76,76],"relics":["Ring of the Snake","Toolbox","Oddly Smooth Stone","Darkstone Periapt","Peace Pipe","Bottled Lightning","Velvet Choker","Kunai","Juzu Bracelet","Paper Crane","Sozu","Red Mask"],"card_choices":[{"not_picked":["Quick Slash","Escape Plan"],"picked":"Poisoned Stab"},{"not_picked":["Quick Slash","PiercingWail"],"picked":"Deadly Poison"},{"not_picked":["Caltrops","Dodge and Roll"],"picked":"Envenom"},{"not_picked":["Deadly Poison","Leg Sweep"],"picked":"Noxious Fumes"},{"not_picked":["Burst","Night Terror"],"picked":"After Image"},{"not_picked":["Outmaneuver","Slice"],"picked":"Deadly Poison"},{"not_picked":["Underhanded Strike","Slice"],"picked":"Deflect"},{"not_picked":["Dagger Throw","Riddle With Holes"],"picked":"Bane"}],"player_experience":95248,"potions_floor_usage":[6,10,10,14,16,16,27,31,31,40],"damage_taken":[{"damage":0,"enemies":"Cultist","floor":1,"turns":5},{"damage":0,"enemies":"Jaw Worm","floor":4,"turns":4},{"damage":17,"enemies":"Gremlin Nob","floor":6,"turns":5},{"damage":2,"enemies":"Lagavulin","floor":10,"turns":4},{"damage":0,"enemies":"2 Louse","floor":12,"turns":3},{"damage":2,"enemies":"Looter","floor":13,"turns":3},{"damage":8,"enemies":"3 Sentries","floor":14,"turns":8},{"damage":6,"enemies":"The Guardian","floor":16,"turns":8},{"damage":0,"enemies":"Shell Parasite","floor":18,"turns":7},{"damage":4,"enemies":"Spheric Guardian","floor":19,"turns":5},{"damage":25,"enemies":"Gremlin Leader","floor":27,"turns":8},{"damage":24,"enemies":"3 Cultists","floor":28,"turns":9},{"damage":12,"enemies":"Slavers","floor":31,"turns":8},{"damage":22,"enemies":"Automaton","floor":33,"turns":12},{"damage":9,"enemies":"3 Darklings","floor":35,"turns":6},{"damage":2,"enemies":"3 Shapes","floor":36,"turns":7},{"damage":21,"enemies":"Sphere and 2 Shapes","floor":39,"turns":10},{"damage":59,"enemies":"2 Orb Walkers","floor":40,"turns":5}],"event_choices":[{"event_name":"Liars Game","player_choice":"agreed","floor":2,"damage_taken":0},{"event_name":"Living Wall","player_choice":"Forget","floor":3,"damage_taken":0},{"event_name":"The Lab","player_choice":"Got Potions","floor":8,"damage_taken":0},{"event_name":"Beggar","player_choice":"Gave Gold","floor":20,"damage_taken":0},{"event_name":"Vampires","player_choice":"Ignored","floor":21,"damage_taken":0},{"event_name":"The Library","player_choice":"Read","floor":24,"damage_taken":0},{"event_name":"Forgotten Altar","player_choice":"Smashed Altar","floor":29,"damage_taken":0},{"event_name":"Back to Basics","player_choice":"Simplicity","floor":30,"damage_taken":0},{"event_name":"Tomb of Lord Red Mask","player_choice":"Paid","floor":37,"damage_taken":0},{"event_name":"Winding Halls","player_choice":"Embrace Madness","floor":38,"damage_taken":0}],"boss_relics":[{"not_picked":["Runic Pyramid","Lizard Tail"],"picked":"Velvet Choker"},{"not_picked":["Astrolabe","Calling Bell"],"picked":"Sozu"}],"potions_floor_spawned":[4,12,13,14,16,18,33,35,36],"seed_played":"5892699825600123325","killed_by":"2 Orb Walkers","ascension_level":0,"is_trial":false}