{"path_per_floor":["M","?","?","$","M","R","M","E","T","R","?","E","$","M","R","B",null,"M","?","M","M","M","R","E","M","T","R","$","M","?","?","R"],"character_chosen":"THE_SILENT","items_purchased":["Apotheosis","Slice","Oddly Smooth Stone"],"gold_per_floor":[110,110,360,54,65,65,77,109,188,188,138,171,22,35,35,130,130,130,130,130,130,130,130,130,130,130,130,30,30,30,30,30,30],"floor_reached":33,"campfire_rested":5,"playtime":1577,"current_hp_per_floor":[55,55,55,55,48,48,45,43,43,64,64,46,46,46,67,37,62,60,60,59,58,25,46,16,9,9,30,30,30,30,30,51,0],"items_purged":["Regret","Strike_G"],"gold":30,"score":450,"play_id":"5c29dc67-f15f-418b-8688-6f9735a4fdb4","local_time":"20180520180856","is_prod":false,"is_daily":false,"chose_seed":false,"is_ascension_mode":true,"campfire_upgraded":1,"timestamp":1526864936,"campfire_choices":[{"data":"Apotheosis","floor":6,"key":"SMITH"},{"floor":10,"key":"REST"},{"floor":15,"key":"REST"},{"floor":23,"key":"REST"},{"floor":27,"key":"REST"},{"floor":32,"key":"REST"}],"path_taken":["M","?","?","$","M","R","M","E","T","R","?","E","$","M","R","BOSS","M","?","M","M","M","R","E","M","T","R","$","M","?","?","R","BOSS"],"build_version":"2018-05-17","seed_source_timestamp":236600849359341,"purchased_purges":2,"victory":false,"master_deck":["Defend_G","Defend_G","Defend_G","Defend_G","Defend_G","Survivor","Neutralize","AscendersBane","Slice","Regret","Apotheosis+1","Slice","Dagger Spray","Slice","Prepared+1","Dagger Spray","Infinite Blades","Backflip","Caltrops+1"],"max_hp_per_floor":[70,70,70,70,70,70,70,70,70,70,70,70,70,70,70,70,70,70,70,70,70,70,70,70,70,70,70,70,70,70,70,70,70],"relics":["Ring of the Snake","Juzu Bracelet","Du-Vu Doll","Mummified Hand","Torii","Oddly Smooth Stone","Ectoplasm","Bottled Flame","Bottled Tornado"],"card_choices":[{"not_picked":["Reflex","Bane"],"picked":"Slice","floor":1},{"not_picked":["Dagger Throw","Acrobatics"],"picked":"Dagger Spray","floor":5},{"not_picked":["Setup","Outmaneuver","Poisoned Stab"],"picked":"SKIP","floor":7},{"not_picked":["Sucker Punch","Flechettes"],"picked":"Slice","floor":8},{"not_picked":["Bouncing Flask","Setup","Expertise"],"picked":"SKIP","floor":12},{"not_picked":["Poisoned Stab","Acrobatics","Deadly Poison"],"picked":"SKIP","floor":14},{"not_picked":["Outmaneuver","Acrobatics"],"picked":"Prepared+1","floor":18},{"not_picked":["Deadly Poison+1","Acrobatics"],"picked":"Infinite Blades","floor":20},{"not_picked":["Skewer","Acrobatics"],"picked":"Backflip","floor":21},{"not_picked":["Infinite Blades","Accuracy"],"picked":"Caltrops+1","floor":22},{"not_picked":["Accuracy+1","Slice","Bullet Time"],"picked":"SKIP","floor":24},{"not_picked":["Slice+1","Poisoned Stab","Bane+1"],"picked":"SKIP","floor":25},{"not_picked":["Dodge and Roll","Expertise+1","Deflect"],"picked":"SKIP","floor":29}],"player_experience":457501,"potions_floor_usage":[8,22,24,25,33],"damage_taken":[{"damage":8,"enemies":"2 Louse","floor":1,"turns":4},{"damage":7,"enemies":"Small Slimes","floor":5,"turns":4},{"damage":3,"enemies":"Cultist","floor":7,"turns":3},{"damage":2,"enemies":"3 Sentries","floor":8,"turns":7},{"damage":18,"enemies":"Gremlin Nob","floor":12,"turns":4},{"damage":0,"enemies":"Lots of Slimes","floor":14,"turns":1},{"damage":30,"enemies":"Hexaghost","floor":16,"turns":12},{"damage":2,"enemies":"Spheric Guardian","floor":18,"turns":3},{"damage":1,"enemies":"Shell Parasite","floor":20,"turns":4},{"damage":1,"enemies":"Centurion and Healer","floor":21,"turns":6},{"damage":33,"enemies":"Slaver and Parasite","floor":22,"turns":6},{"damage":30,"enemies":"Gremlin Leader","floor":24,"turns":6},{"damage":7,"enemies":"3 Cultists","floor":25,"turns":4},{"damage":0,"enemies":"Centurion and Healer","floor":29,"turns":5},{"damage":62,"enemies":"Automaton","floor":33,"turns":8}],"relics_obtained":[{"floor":8,"key":"Du-Vu Doll"},{"floor":9,"key":"Mummified Hand"},{"floor":12,"key":"Torii"},{"floor":24,"key":"Bottled Flame"},{"floor":26,"key":"Bottled Tornado"}],"event_choices":[{"event_name":"Big Fish","player_choice":"Box","floor":2,"damage_taken":0},{"event_name":"Golden Shrine","player_choice":"Desecrate","floor":3,"damage_taken":0},{"event_name":"The Cleric","player_choice":"Card Removal","floor":11,"damage_taken":0},{"event_name":"Transmorgrifier","player_choice":"Transform","floor":19,"damage_taken":0},{"event_name":"Beggar","player_choice":"Ignored","floor":30,"damage_taken":0},{"event_name":"Back to Basics","player_choice":"Elegance","floor":31,"damage_taken":0}],"boss_relics":[{"not_picked":["White Beast Statue","Snecko Eye"],"picked":"Ectoplasm"}],"potions_floor_spawned":[1,12,20,21,25],"seed_played":"2689807924587083240","killed_by":"Automaton","ascension_level":10,"potions_obtained":[{"floor":1,"key":"Dexterity Potion"},{"floor":12,"key":"Explosive Potion"},{"floor":20,"key":"LiquidBronze"},{"floor":21,"key":"GamblersBrew"},{"floor":25,"key":"Swift Potion"}],"is_trial":false}