{"path_per_floor":["M","?","M","?","M","E","R","M","T","M","M","R","M","M","R"],"character_chosen":"THE_SILENT","items_purchased":[],"gold_per_floor":[112,112,123,198,217,252,252,262,262,278,291,291,306,323,323],"floor_reached":16,"campfire_rested":2,"playtime":1948,"current_hp_per_floor":[70,70,69,58,57,19,40,40,40,31,24,24,12,2,23],"items_purged":[],"gold":323,"score":106,"play_id":"e8c4d1be-8549-49c5-94f3-851252edc240","local_time":"20180309230459","is_prod":false,"is_daily":false,"is_ascension_mode":false,"campfire_upgraded":1,"timestamp":1520665499,"path_taken":["M","?","?","?","M","E","R","M","T","M","?","R","?","M","R","BOSS"],"build_version":"2018-03-09","purchased_purges":0,"victory":false,"master_deck":["Defend_G","Defend_G","Defend_G","Defend_G","Defend_G","Strike_G","Strike_G","Strike_G","Strike_G","Survivor","Neutralize","Calculated Gamble","Poisoned Stab","Regret","Flying Knee","Footwork+1","Infinite Blades","Deadly Poison","Deflect"],"max_hp_per_floor":[70,70,70,70,70,70,70,70,70,70,70,70,70,70,70],"relics":["Ring of the Snake","Ancient Tea Set","Blood Vial","Snake Skull"],"card_choices":[{"not_picked":["Dagger Throw","Deflect"],"picked":"Poisoned Stab"},{"not_picked":["Acrobatics","PiercingWail"],"picked":"Flying Knee"},{"not_picked":["Flying Knee","Reflex"],"picked":"Footwork"},{"not_picked":["Dash","Calculated Gamble"],"picked":"Infinite Blades"},{"not_picked":["Skewer","Infinite Blades"],"picked":"Deadly Poison"},{"not_picked":["Dodge and Roll","Flying Knee"],"picked":"Deflect"}],"player_experience":77160,"potions_floor_usage":[6,11,14],"damage_taken":[{"damage":0,"enemies":"Small Slimes","floor":1,"turns":5},{"damage":1,"enemies":"Jaw Worm","floor":3,"turns":5},{"damage":1,"enemies":"Cultist","floor":5,"turns":5},{"damage":38,"enemies":"Gremlin Nob","floor":6,"turns":6},{"damage":2,"enemies":"2 Fungi Beasts","floor":8,"turns":6},{"damage":11,"enemies":"Exordium Wildlife","floor":10,"turns":8},{"damage":9,"enemies":"Lots of Slimes","floor":11,"turns":8},{"damage":14,"enemies":"Gremlin Gang","floor":13,"turns":6},{"damage":12,"enemies":"Exordium Thugs","floor":14,"turns":6},{"damage":29,"enemies":"The Guardian","floor":16,"turns":6}],"event_choices":[{"event_name":"Big Fish","player_choice":"Box","floor":2,"damage_taken":0},{"event_name":"World of Goop","player_choice":"Gather Gold","floor":4,"damage_taken":0}],"boss_relics":[],"potions_floor_spawned":[5,8,10],"seed_played":"-117877810203298579","killed_by":"The Guardian","ascension_level":0,"is_trial":false}