{"gold_per_floor":[111,124,140,158,169,169,203,203,203,222,222,250,250,280,280,377,377,389,489,499,43,142,142,175,194,218,143,143,153,163,198,198,303,303,314,325,325,343,343,372,372,399,426,443,459,459,478,497,497,497],"floor_reached":50,"playtime":4150,"items_purged":["Strike_R"],"score":641,"play_id":"f504674e-9f0b-456c-8304-7676921e5c73","local_time":"20180802160704","is_ascension_mode":false,"campfire_choices":[{"data":"Armaments","floor":6.0,"key":"SMITH"},{"floor":8.0,"key":"REST"},{"floor":11.0,"key":"REST"},{"floor":15.0,"key":"REST"},{"data":"True Grit","floor":23,"key":"SMITH"},{"data":"Armaments","floor":28,"key":"SMITH"},{"data":"Shockwave","floor":32,"key":"SMITH"},{"data":"Defend_R","floor":41,"key":"PURGE"},{"data":"Limit Break","floor":46,"key":"SMITH"},{"data":"Demon Form","floor":49,"key":"SMITH"}],"neow_cost":"NONE","seed_source_timestamp":0,"circlet_count":0,"master_deck":["Strike_R","Strike_R","Strike_R","Defend_R","Defend_R","Defend_R","Bash+1","Feel No Pain","Armaments+1","Armaments+1","True Grit+1","Shrug It Off","True Grit","Whirlwind+1","Shockwave+1","Inflame","Demon Form+1","Clothesline","Limit Break+1","Anger","Shrug It Off","Body Slam+1","Juggernaut","Entrench+1","Cleave+1","Metallicize+1","Anger+1","Metallicize+1","Armaments+1"],"special_seed":0,"relics":["Burning Blood","Boot","Happy Flower","Orichalcum","Kunai","Coffee Dripper","Torii","Champion Belt","Vajra","Dodecahedron","Lizard Tail","Peace Pipe","Mercury Hourglass","Whetstone","Blood Vial"],"potions_floor_usage":[33,33,33,37,37,42,44,47,48],"damage_taken":[{"damage":5.0,"enemies":"Cultist","floor":1.0,"turns":5.0},{"damage":7.0,"enemies":"Jaw Worm","floor":2.0,"turns":4.0},{"damage":10.0,"enemies":"Small Slimes","floor":3.0,"turns":3.0},{"damage":4.0,"enemies":"Blue Slaver","floor":4.0,"turns":6.0},{"damage":4.0,"enemies":"Gremlin Gang","floor":5.0,"turns":8.0},{"damage":79.0,"enemies":"Gremlin Nob","floor":7.0,"turns":7.0},{"damage":1.0,"enemies":"2 Fungi Beasts","floor":10.0,"turns":3.0},{"damage":16.0,"enemies":"3 Sentries","floor":12.0,"turns":8.0},{"damage":41.0,"enemies":"Lagavulin","floor":14.0,"turns":9.0},{"damage":45.0,"enemies":"The Guardian","floor":16.0,"turns":13.0},{"damage":12,"enemies":"2 Thieves","floor":18,"turns":4},{"damage":0,"enemies":"3 Byrds","floor":20,"turns":4},{"damage":18,"enemies":"Book of Stabbing","floor":24,"turns":7},{"damage":14,"enemies":"Centurion and Healer","floor":25,"turns":6},{"damage":4,"enemies":"Snake Plant","floor":29,"turns":4},{"damage":10,"enemies":"Snecko","floor":30,"turns":5},{"damage":31,"enemies":"Slavers","floor":31,"turns":4},{"damage":34,"enemies":"Collector","floor":33,"turns":8},{"damage":10,"enemies":"Flame Bruiser 1 Orb","floor":35,"turns":7},{"damage":10,"enemies":"3 Darklings","floor":36,"turns":5},{"damage":3,"floor":37,"turns":7},{"damage":1,"enemies":"4 Shapes","floor":38,"turns":8},{"damage":35,"enemies":"Giant Head","floor":40,"turns":8},{"damage":57,"enemies":"2 Orb Walkers","floor":42,"turns":7},{"damage":30,"enemies":"Spire Growth","floor":44,"turns":6},{"damage":14,"enemies":"3 Darklings","floor":45,"turns":5},{"damage":1,"enemies":"Flame Bruiser 2 Orb","floor":47,"turns":6},{"damage":36,"enemies":"Transient","floor":48,"turns":5},{"damage":39,"enemies":"Awakened One","floor":50,"turns":8}],"seed_played":"-6891884369999687871","potions_obtained":[{"floor":3.0,"key":"Regen Potion"},{"floor":4.0,"key":"SpeedPotion"},{"floor":5.0,"key":"BloodPotion"},{"floor":7.0,"key":"Fruit Juice"},{"floor":14.0,"key":"Dexterity Potion"},{"floor":16.0,"key":"Energy Potion"},{"floor":18,"key":"SpeedPotion"},{"floor":20,"key":"BloodPotion"},{"floor":31,"key":"Dexterity Potion"},{"floor":35,"key":"EssenceOfSteel"},{"floor":36,"key":"PowerPotion"},{"floor":40,"key":"SpeedPotion"},{"floor":42,"key":"Fruit Juice"},{"floor":44,"key":"SpeedPotion"},{"floor":47,"key":"SpeedPotion"}],"is_trial":false,"path_per_floor":["M","M","M","M","M","R","E","R","T","M","R","E","?","E","R","B",null,"M","?","M","$","?","R","E","M","T","?","R","M","M","E","R","B",null,"M","M","?","M","?","E","R","E","T","M","M","R","M","M","R"],"character_chosen":"IRONCLAD","items_purchased":["Limit Break","Torii"],"campfire_rested":3,"item_purchase_floors":[21,21],"current_hp_per_floor":[80,79,75,77,79,79,14,38,38,48,73,63,63,40,65,26,85,79,79,85,85,85,85,73,65,65,65,65,67,63,38,38,18,85,81,77,80,88,98,69,69,18,18,57,51,51,58,30,30,0],"gold":497,"neow_bonus":"THREE_CARDS","is_prod":false,"is_daily":false,"chose_seed":false,"campfire_upgraded":6,"win_rate":0,"timestamp":1533218824,"path_taken":["M","M","M","M","M","R","E","R","T","M","R","E","?","E","R","BOSS","M","?","M","$","?","R","E","M","T","?","R","M","M","E","R","BOSS","M","?","?","M","?","E","R","E","T","M","M","R","M","M","R","BOSS"],"build_version":"2018-07-26","purchased_purges":1,"victory":false,"max_hp_per_floor":[80,80,80,80,80,80,80,80,80,85,85,85,85,85,85,85,85,85,85,85,85,85,85,85,85,85,85,85,85,85,85,85,85,85,85,85,85,88,98,98,98,98,98,103,103,103,103,103,103,103],"card_choices":[{"not_picked":["Wild Strike","Headbutt"],"picked":"Feel No Pain","floor":0.0},{"not_picked":["Infernal Blade","Perfected Strike"],"picked":"Armaments","floor":1.0},{"not_picked":["Headbutt","Burning Pact"],"picked":"Armaments","floor":2.0},{"not_picked":["Iron Wave","Warcry"],"picked":"True Grit","floor":3.0},{"not_picked":["Dual Wield","Wild Strike"],"picked":"Shrug It Off","floor":4.0},{"not_picked":["Pummel","Warcry"],"picked":"True Grit","floor":5.0},{"not_picked":["Offering","Warcry"],"picked":"Whirlwind","floor":7.0},{"not_picked":["Combust","Hemokinesis"],"picked":"Shockwave","floor":10.0},{"not_picked":["Sentinel","Thunderclap","Blood for Blood"],"picked":"SKIP","floor":12.0},{"not_picked":["Body Slam","Clash"],"picked":"Inflame","floor":14.0},{"not_picked":["Bludgeon","Impervious"],"picked":"Demon Form","floor":16.0},{"not_picked":["Warcry","Iron Wave"],"picked":"Clothesline","floor":18},{"not_picked":["Headbutt","True Grit","Clash+1"],"picked":"SKIP","floor":20},{"not_picked":["Inflame","Armaments"],"picked":"Anger","floor":24},{"not_picked":["Flex","Twin Strike"],"picked":"Shrug It Off","floor":25},{"not_picked":["True Grit","Warcry"],"picked":"Body Slam+1","floor":29},{"not_picked":["Thunderclap","Body Slam+1","Armaments+1"],"picked":"SKIP","floor":30},{"not_picked":["Spot Weakness+1","Shrug It Off+1"],"picked":"Juggernaut","floor":31},{"not_picked":["Bludgeon","Demon Form"],"picked":"Feed","floor":33},{"not_picked":["Infernal Blade","Headbutt"],"picked":"Entrench+1","floor":35},{"not_picked":["Headbutt+1","Perfected Strike","Clothesline"],"picked":"SKIP","floor":36},{"not_picked":["Headbutt","Infernal Blade+1"],"picked":"Cleave+1","floor":38},{"not_picked":["Iron Wave+1","Disarm"],"picked":"Metallicize+1","floor":40},{"not_picked":["Feel No Pain","Perfected Strike+1","Juggernaut"],"picked":"SKIP","floor":42},{"not_picked":["Warcry","Thunderclap"],"picked":"Anger+1","floor":44},{"not_picked":["Wild Strike+1","Spot Weakness"],"picked":"Metallicize+1","floor":45},{"not_picked":["Sever Soul","Armaments+1","Blood for Blood+1"],"picked":"SKIP","floor":47},{"not_picked":["Heavy Blade+1","Dual Wield"],"picked":"Armaments+1","floor":48}],"player_experience":69415,"relics_obtained":[{"floor":7.0,"key":"Boot"},{"floor":9.0,"key":"Happy Flower"},{"floor":12.0,"key":"Orichalcum"},{"floor":14.0,"key":"Kunai"},{"floor":24,"key":"Champion Belt"},{"floor":26,"key":"Vajra"},{"floor":31,"key":"Dodecahedron"},{"floor":37,"key":"Peace Pipe"},{"floor":40,"key":"Mercury Hourglass"},{"floor":42,"key":"Whetstone"},{"floor":43,"key":"Blood Vial"}],"event_choices":[{"event_name":"Liars Game","player_choice":"disagreed","floor":13.0,"damage_taken":0.0},{"event_name":"Golden Shrine","player_choice":"Pray","floor":19,"damage_taken":0},{"event_name":"Nest","player_choice":"Stole From Cult","floor":22,"damage_taken":0},{"event_name":"Beggar","player_choice":"Gave Gold","floor":27,"damage_taken":0},{"event_name":"MindBloom","player_choice":"Fight","floor":37,"damage_taken":0},{"event_name":"Bonfire Elementals","player_choice":"RARE","floor":39,"damage_taken":0}],"is_beta":false,"boss_relics":[{"not_picked":["Empty Cage","White Beast Statue"],"picked":"Coffee Dripper"},{"not_picked":["Fusion Hammer","Orrery"],"picked":"Lizard Tail"}],"items_purged_floors":[21],"is_endless":false,"potions_floor_spawned":[3,4,5,7,14,16,18,20,31,35,36,40,42,44,47],"killed_by":"Awakened One","ascension_level":0}