{"gold_per_floor":[116,116,116,136,149,174,120,120,120,120,134,134,147,147,147,270,270,285,384,398,398,398,398,433,433,512,527,16,16,16,43,43,143,143,163,163,183,202,302,302,312,312,382,3,37,37,37,86,86,86],"floor_reached":51,"playtime":9489,"items_purged":["Strike_R","Strike_R"],"score":812,"play_id":"b26a7b54-de00-4656-bded-475028ed2d8f","local_time":"20190116214839","is_ascension_mode":true,"campfire_choices":[{"floor":8.0,"key":"REST"},{"data":"Bash","floor":10.0,"key":"SMITH"},{"floor":12.0,"key":"REST"},{"data":"Double Tap","floor":15.0,"key":"SMITH"},{"data":"Clothesline","floor":23.0,"key":"SMITH"},{"data":"Demon Form","floor":25.0,"key":"SMITH"},{"data":"Shrug It Off","floor":30.0,"key":"SMITH"},{"floor":32.0,"key":"REST"},{"data":"Madness","floor":40.0,"key":"SMITH"},{"data":"Madness","floor":42.0,"key":"SMITH"},{"floor":49.0,"key":"REST"}],"neow_cost":"NONE","seed_source_timestamp":955044165003822,"circlet_count":0,"master_deck":["Strike_R","Defend_R","Defend_R","Defend_R","Defend_R","Bash+1","Headbutt","Twin Strike","Flame Barrier","Clothesline+1","Double Tap+1","Demon Form+1","Dropkick","Heavy Blade","Thunderclap","Shockwave","Sword Boomerang+1","True Grit+1","Shrug It Off+1","Spot Weakness","Battle Trance","Madness+1","Madness+1","Shrug It Off+1","True Grit","Power Through+1","Spot Weakness","Dropkick+1","Bandage Up","Armaments"],"special_seed":0,"relics":["Black Blood","NeowsBlessing","Dodecahedron","Pantograph","Bloody Idol","Orrery","Sundial","Molten Egg 2","Mercury Hourglass","PreservedInsect","OrangePellets","Happy Flower","Incense Burner","Gremlin Horn","Lee\u0027s Waffle","Charon\u0027s Ashes","Ice Cream"],"potions_floor_usage":[],"damage_taken":[{"damage":0.0,"enemies":"Small Slimes","floor":1.0,"turns":1.0},{"damage":0.0,"enemies":"Cultist","floor":4.0,"turns":1.0},{"damage":0.0,"enemies":"Jaw Worm","floor":5.0,"turns":1.0},{"damage":55.0,"enemies":"Lagavulin","floor":6.0,"turns":6.0},{"damage":12.0,"enemies":"2 Fungi Beasts","floor":11.0,"turns":4.0},{"damage":11.0,"enemies":"Looter","floor":13.0,"turns":2.0},{"damage":36.0,"enemies":"Hexaghost","floor":16.0,"turns":9.0},{"damage":4.0,"enemies":"Chosen","floor":18.0,"turns":4.0},{"damage":27.0,"enemies":"Shell Parasite","floor":20.0,"turns":5.0},{"damage":0.0,"enemies":"Gremlin Leader","floor":24.0,"turns":8.0},{"damage":23.0,"enemies":"Cultist and Chosen","floor":27.0,"turns":4.0},{"damage":35.0,"enemies":"Slavers","floor":31.0,"turns":4.0},{"damage":29.0,"enemies":"Collector","floor":33.0,"turns":6.0},{"damage":0.0,"enemies":"3 Shapes","floor":35.0,"turns":2.0},{"damage":32.0,"enemies":"3 Darklings","floor":37.0,"turns":6.0},{"damage":38.0,"enemies":"Jaw Worm Horde","floor":38.0,"turns":6.0},{"damage":32.0,"enemies":"Mind Bloom Boss Battle","floor":39.0,"turns":7.0},{"damage":4.0,"enemies":"Maw","floor":41.0,"turns":8.0},{"damage":52.0,"enemies":"Reptomancer","floor":45.0,"turns":5.0},{"damage":42.0,"enemies":"2 Orb Walkers","floor":48.0,"turns":4.0},{"damage":72,"enemies":"Donu and Deca","floor":50,"turns":7}],"seed_played":"2175479712138723951","potions_obtained":[{"floor":5.0,"key":"LiquidBronze"},{"floor":13.0,"key":"Regen Potion"},{"floor":24.0,"key":"Regen Potion"},{"floor":27.0,"key":"Block Potion"},{"floor":31.0,"key":"Block Potion"},{"floor":37.0,"key":"Weak Potion"},{"floor":39.0,"key":"Block Potion"},{"floor":45.0,"key":"Weak Potion"}],"is_trial":false,"path_per_floor":["M","?","?","M","M","E","E","$","R","T","R","M","R","M","?","R","B",null,"M","?","M","?","T","R","E","R","T","M","$","?","R","E","R","B",null,"M","?","M","M","?","R","M","R","T","$","E","?","?","?","M","R","B",null],"character_chosen":"IRONCLAD","items_purchased":["Clothesline","PreservedInsect","Shrug It Off","Regen Potion","OrangePellets","Lee\u0027s Waffle","Metallicize"],"campfire_rested":4,"item_purchase_floors":[7,28,28,28,28,44,44],"current_hp_per_floor":[80,73,73,79,80,31,31,55,55,55,49,73,68,68,68,44,74,74,74,58,58,58,58,69,69,74,62,62,62,62,38,60,74,74,74,65,48,25,33,33,44,44,49,81,44,44,44,21,45,12],"gold":86,"neow_bonus":"THREE_ENEMY_KILL","is_prod":false,"is_daily":false,"chose_seed":false,"campfire_upgraded":7,"win_rate":0,"timestamp":1547671719,"path_taken":["M","?","?","M","?","E","?","R","T","R","?","R","M","?","R","BOSS","M","?","M","?","?","R","E","R","T","?","$","?","R","E","R","BOSS","M","?","M","M","?","R","M","R","T","$","E","?","?","?","R","BOSS"],"build_version":"2018-12-20","purchased_purges":2,"victory":true,"max_hp_per_floor":[80,80,80,80,80,80,80,80,80,80,80,80,80,74,74,74,74,74,74,74,74,74,74,74,74,74,74,74,74,74,74,74,74,74,74,74,74,74,74,74,74,74,74,81,81,81,81,81,81,81],"card_choices":[{"not_picked":["Intimidate","Sword Boomerang"],"picked":"Headbutt","floor":1.0},{"not_picked":["Feel No Pain","Intimidate"],"picked":"Twin Strike","floor":4.0},{"not_picked":["Clash","Entrench","Sword Boomerang"],"picked":"SKIP","floor":5.0},{"not_picked":["Corruption","Carnage"],"picked":"Flame Barrier","floor":6.0},{"not_picked":["Thunderclap","Fire Breathing"],"picked":"Double Tap","floor":11.0},{"not_picked":["Combust","Perfected Strike","Hemokinesis"],"picked":"SKIP","floor":13.0},{"not_picked":["Brutality","Berserk"],"picked":"Demon Form","floor":16.0},{"not_picked":["Infernal Blade","Shockwave"],"picked":"Dropkick","floor":17.0},{"not_picked":["Cleave","Twin Strike"],"picked":"Heavy Blade","floor":17.0},{"not_picked":["Reckless Charge","Armaments"],"picked":"Thunderclap","floor":17.0},{"not_picked":["Clothesline+1","Hemokinesis"],"picked":"Shockwave","floor":18.0},{"not_picked":["Anger","Sword Boomerang","Thunderclap"],"picked":"SKIP","floor":20.0},{"not_picked":["Corruption+1","Blood for Blood"],"picked":"Sword Boomerang","floor":24.0},{"not_picked":["Fiend Fire+1","Fire Breathing+1"],"picked":"True Grit+1","floor":27.0},{"not_picked":["Inflame","Iron Wave+1"],"picked":"Spot Weakness","floor":31.0},{"not_picked":["Thunderclap+1","Entrench+1"],"picked":"Battle Trance","floor":35.0},{"not_picked":["Twin Strike+1","Rage+1"],"picked":"Shrug It Off+1","floor":37.0},{"not_picked":["Thunderclap+1","Perfected Strike+1"],"picked":"True Grit","floor":38.0},{"not_picked":["Iron Wave+1","Rage"],"picked":"Power Through+1","floor":39.0},{"not_picked":["Searing Blow+1","Headbutt+1"],"picked":"Spot Weakness","floor":41.0},{"not_picked":["Brutality","Perfected Strike+1"],"picked":"Dropkick+1","floor":45.0},{"not_picked":["Forethought","Panacea"],"picked":"Bandage Up","floor":47.0},{"not_picked":["Carnage+1","Wild Strike+1"],"picked":"Armaments","floor":48.0}],"player_experience":31431,"relics_obtained":[{"floor":6.0,"key":"Dodecahedron"},{"floor":9.0,"key":"Pantograph"},{"floor":22.0,"key":"Sundial"},{"floor":24.0,"key":"Molten Egg 2"},{"floor":26.0,"key":"Mercury Hourglass"},{"floor":31.0,"key":"Happy Flower"},{"floor":39.0,"key":"Incense Burner"},{"floor":43.0,"key":"Gremlin Horn"},{"floor":45.0,"key":"Charon\u0027s Ashes"},{"floor":48.0,"key":"Ice Cream"}],"event_choices":[{"cards_removed":["Strike_R"],"damage_healed":0.0,"max_hp_gain":0.0,"max_hp_loss":0.0,"gold_gain":0.0,"event_name":"Golden Wing","player_choice":"Card Removal","floor":2.0,"gold_loss":0.0,"damage_taken":7.0},{"cards_removed":["Strike_R"],"damage_healed":0.0,"max_hp_gain":0.0,"max_hp_loss":0.0,"gold_gain":0.0,"event_name":"Bonfire Elementals","player_choice":"Offered Basic","floor":3.0,"gold_loss":0.0,"damage_taken":0.0},{"damage_healed":0.0,"max_hp_gain":0.0,"max_hp_loss":6.0,"gold_gain":0.0,"event_name":"Golden Idol","player_choice":"Lose Max HP","floor":14.0,"gold_loss":0.0,"damage_taken":0.0,"relics_obtained":["Golden Idol"]},{"damage_healed":0.0,"max_hp_gain":0.0,"max_hp_loss":0.0,"gold_gain":99.0,"event_name":"Nest","player_choice":"Stole From Cult","floor":19.0,"gold_loss":0.0,"damage_taken":0.0},{"damage_healed":0.0,"max_hp_gain":0.0,"max_hp_loss":0.0,"gold_gain":0.0,"event_name":"Forgotten Altar","player_choice":"Gave Idol","floor":21.0,"relics_lost":["Golden Idol"],"gold_loss":0.0,"damage_taken":0.0,"relics_obtained":["Bloody Idol"]},{"damage_healed":0.0,"max_hp_gain":0.0,"max_hp_loss":0.0,"gold_gain":0.0,"event_name":"Vampires","player_choice":"Ignored","floor":29.0,"gold_loss":0.0,"damage_taken":0.0},{"damage_healed":0.0,"max_hp_gain":0.0,"max_hp_loss":0.0,"gold_gain":0.0,"event_name":"Winding Halls","player_choice":"Embrace Madness","floor":36.0,"gold_loss":0.0,"damage_taken":9.0,"cards_obtained":["Madness","Madness"]},{"damage_healed":0.0,"max_hp_gain":0.0,"max_hp_loss":0.0,"gold_gain":0.0,"event_name":"MindBloom","player_choice":"Fight","floor":39.0,"gold_loss":0.0,"damage_taken":0.0},{"cards_removed":["Metallicize"],"damage_healed":0.0,"max_hp_gain":0.0,"max_hp_loss":0.0,"gold_gain":0.0,"event_name":"Falling","player_choice":"Removed Power","floor":46.0,"gold_loss":0.0,"damage_taken":0.0},{"damage_healed":0.0,"max_hp_gain":0.0,"max_hp_loss":0.0,"gold_gain":0.0,"event_name":"SensoryStone","player_choice":"Memory 1","floor":47.0,"gold_loss":0.0,"damage_taken":0.0},{"damage_healed":0.0,"max_hp_gain":0.0,"max_hp_loss":0.0,"gold_gain":0.0,"event_name":"Mysterious Sphere","player_choice":"Fight","floor":48.0,"gold_loss":0.0,"damage_taken":0.0}],"is_beta":false,"boss_relics":[{"not_picked":["Runic Dome","Snecko Eye"],"picked":"Orrery"},{"not_picked":["White Beast Statue","Busted Crown"],"picked":"Black Blood"}],"items_purged_floors":[28,44],"is_endless":false,"potions_floor_spawned":[5,13,24,27,31,37,39,45],"ascension_level":3}