{"gold_per_floor":[110,185,185,203,14,14,14,14,14,42,57,57,77,97,97,97],"floor_reached":16,"playtime":1194,"items_purged":["Strike_R"],"score":150,"play_id":"a8279b4b-e7e2-469f-8cfb-d8c685ab84e3","local_time":"20190130090424","is_ascension_mode":true,"campfire_choices":[{"data":"Body Slam","floor":6.0,"key":"SMITH"},{"data":"Flame Barrier","floor":8.0,"key":"SMITH"},{"floor":12.0,"key":"REST"},{"floor":15.0,"key":"DIG"}],"neow_cost":"PERCENT_DAMAGE","seed_source_timestamp":428631255435311,"circlet_count":0,"master_deck":["AscendersBane","Strike_R","Strike_R","Strike_R","Strike_R","Defend_R","Defend_R+1","Defend_R","Defend_R","Bash+1","Body Slam+1","Flame Barrier+1","Inflame","Seeing Red+1","Feel No Pain","Ghostly Armor+1","Headbutt","Berserk"],"special_seed":0,"relics":["Burning Blood","Shovel","Toxic Egg 2","Bottled Flame","Juzu Bracelet"],"potions_floor_usage":[],"damage_taken":[{"damage":3.0,"enemies":"Jaw Worm","floor":1.0,"turns":5.0},{"damage":0.0,"enemies":"Small Slimes","floor":4.0,"turns":4.0},{"damage":31.0,"enemies":"Lagavulin","floor":10.0,"turns":8.0},{"damage":2.0,"enemies":"2 Louse","floor":11.0,"turns":3.0},{"damage":18.0,"enemies":"Exordium Thugs","floor":13.0,"turns":6.0},{"damage":8.0,"enemies":"Large Slime","floor":14.0,"turns":9.0},{"damage":26,"enemies":"Hexaghost","floor":16,"turns":9}],"seed_played":"-21079954918292165","potions_obtained":[{"floor":4.0,"key":"Weak Potion"},{"floor":11.0,"key":"Block Potion"},{"floor":13.0,"key":"Fire Potion"}],"is_trial":false,"path_per_floor":["M","?","?","M","$","R","?","R","T","E","M","R","M","M","R","B"],"character_chosen":"IRONCLAD","items_purchased":["Inflame","Seeing Red"],"campfire_rested":1,"item_purchase_floors":[5,5],"current_hp_per_floor":[54,43,27,33,33,33,33,33,33,8,12,36,24,22,22,0],"gold":97,"neow_bonus":"ONE_RARE_RELIC","is_prod":false,"is_daily":false,"chose_seed":false,"campfire_upgraded":2,"win_rate":0,"timestamp":1548835464,"path_taken":["M","?","?","M","$","R","?","R","T","E","M","R","?","M","R","BOSS"],"build_version":"2019-01-23","purchased_purges":1,"victory":false,"max_hp_per_floor":[80,80,80,80,80,80,80,80,80,80,80,80,80,80,80,80],"card_choices":[{"not_picked":["Burning Pact","Searing Blow"],"picked":"Body Slam","floor":1.0},{"not_picked":["Power Through","Flex"],"picked":"Flame Barrier","floor":4.0},{"not_picked":["Battle Trance+1","Carnage"],"picked":"Feel No Pain","floor":10.0},{"not_picked":["Intimidate+1","Armaments+1"],"picked":"Ghostly Armor+1","floor":11.0},{"not_picked":["Rampage","Cleave"],"picked":"Headbutt","floor":13.0},{"not_picked":["Blood for Blood","Flex+1"],"picked":"Berserk","floor":14.0}],"player_experience":182648,"relics_obtained":[{"floor":9.0,"key":"Toxic Egg 2"},{"floor":10.0,"key":"Bottled Flame"},{"floor":15.0,"key":"Juzu Bracelet"}],"event_choices":[{"damage_healed":0.0,"max_hp_gain":0.0,"max_hp_loss":0.0,"gold_gain":75.0,"event_name":"World of Goop","player_choice":"Gather Gold","floor":2.0,"gold_loss":0.0,"damage_taken":11.0},{"damage_healed":0.0,"max_hp_gain":0.0,"max_hp_loss":0.0,"gold_gain":0.0,"event_name":"Shining Light","player_choice":"Entered Light","floor":3.0,"gold_loss":0.0,"damage_taken":16.0,"cards_upgraded":["Defend_R","Bash"]},{"damage_healed":0.0,"max_hp_gain":0.0,"max_hp_loss":0.0,"gold_gain":0.0,"event_name":"Living Wall","player_choice":"Grow","floor":7.0,"gold_loss":0.0,"damage_taken":0.0,"cards_upgraded":["Seeing Red"]}],"is_beta":false,"boss_relics":[],"items_purged_floors":[5],"is_endless":false,"potions_floor_spawned":[4,11,13],"killed_by":"Hexaghost","ascension_level":10}