{"gold_per_floor":[115,115,127,60,76,101,101,113,181,207,207,35,70,81,81,183,183,198,198,214,214,225,225,325,325,348,348,359,391,410,444,444,546,546,556,831,848,848,65,91,103,103,128,143,143,161,161,0,0,0,0,0,0,31,31],"floor_reached":55,"playtime":4925,"items_purged":["Armaments+1"],"score":755,"play_id":"940ad748-26bc-4267-8193-f8f125fb5f31","local_time":"20190217193022","is_ascension_mode":false,"campfire_choices":[{"floor":7.0,"key":"RECALL"},{"data":"Bash","floor":11.0,"key":"SMITH"},{"data":"Armaments","floor":15.0,"key":"SMITH"},{"data":"Clothesline","floor":23.0,"key":"SMITH"},{"data":"Metallicize","floor":25.0,"key":"SMITH"},{"data":"Metallicize","floor":27.0,"key":"SMITH"},{"data":"Whirlwind","floor":32.0,"key":"SMITH"},{"data":"Immolate","floor":42.0,"key":"SMITH"},{"data":"Feel No Pain","floor":45.0,"key":"SMITH"},{"data":"True Grit","floor":47.0,"key":"SMITH"},{"data":"Predator","floor":49.0,"key":"SMITH"},{"data":"Wild Strike","floor":52.0,"key":"SMITH"}],"neow_cost":"TEN_PERCENT_HP_LOSS","seed_source_timestamp":9898262625735,"circlet_count":0,"master_deck":["Strike_R+1","Strike_R+1","Strike_R+1","Strike_R+1","Strike_R+1","Defend_R+1","Defend_R+1","Defend_R+1","Defend_R+1","Bash+1","Metallicize+1","True Grit+1","Metallicize+1","Wild Strike+1","Shrug It Off","Clothesline+1","Dropkick","True Grit+1","Feed","Whirlwind+1","Havoc+1","Sentinel+1","True Grit+1","Immolate+1","Feel No Pain+1","Spot Weakness+1","Double Tap+1","Havoc+1","Predator+1","Shrug It Off+1","Cold Snap+1"],"special_seed":0,"relics":["Burning Blood","Charon\u0027s Ashes","Gambling Chip","Bag of Preparation","Juzu Bracelet","Lantern","War Paint","Velvet Choker","Ginger","Toxic Egg 2","Omamori","FossilizedHelix","Potion Belt","Eternal Feather","Happy Flower","PrismaticShard","Nunchaku","Vajra","Red Mask","Shuriken"],"potions_floor_usage":[55,55],"damage_taken":[{"damage":3.0,"enemies":"Small Slimes","floor":1.0,"turns":3.0},{"damage":1.0,"enemies":"Jaw Worm","floor":3.0,"turns":5.0},{"damage":1.0,"enemies":"Cultist","floor":5.0,"turns":5.0},{"damage":6.0,"enemies":"3 Sentries","floor":6.0,"turns":9.0},{"damage":0.0,"enemies":"Large Slime","floor":8.0,"turns":7.0},{"damage":15.0,"enemies":"Gremlin Nob","floor":10.0,"turns":5.0},{"damage":1.0,"enemies":"3 Sentries","floor":13.0,"turns":8.0},{"damage":1.0,"enemies":"Gremlin Gang","floor":14.0,"turns":5.0},{"damage":50.0,"enemies":"Hexaghost","floor":16.0,"turns":15.0},{"damage":3.0,"enemies":"Spheric Guardian","floor":18.0,"turns":9.0},{"damage":2.0,"enemies":"3 Byrds","floor":20.0,"turns":8.0},{"damage":0.0,"enemies":"Centurion and Healer","floor":22.0,"turns":8.0},{"damage":9.0,"enemies":"Colosseum Slavers","floor":24.0,"turns":6.0},{"damage":1.0,"enemies":"Colosseum Nobs","floor":24.0,"turns":5.0},{"damage":15.0,"enemies":"Chosen and Byrds","floor":28.0,"turns":7.0},{"damage":28.0,"enemies":"Slavers","floor":29.0,"turns":9.0},{"damage":0.0,"enemies":"Snake Plant","floor":30.0,"turns":7.0},{"damage":3.0,"enemies":"Gremlin Leader","floor":31.0,"turns":6.0},{"damage":81.0,"enemies":"Champ","floor":33.0,"turns":23.0},{"damage":0.0,"enemies":"Orb Walker","floor":35.0,"turns":3.0},{"damage":20.0,"enemies":"3 Darklings","floor":37.0,"turns":4.0},{"damage":34.0,"enemies":"Reptomancer","floor":40.0,"turns":7.0},{"damage":13.0,"enemies":"Maw","floor":41.0,"turns":10.0},{"damage":28.0,"enemies":"Sphere and 2 Shapes","floor":44.0,"turns":6.0},{"damage":0.0,"enemies":"3 Darklings","floor":46.0,"turns":1.0},{"damage":16.0,"enemies":"Donu and Deca","floor":50.0,"turns":10.0},{"damage":6,"enemies":"Shield and Spear","floor":54,"turns":4},{"damage":103,"enemies":"The Heart","floor":55,"turns":9}],"seed_played":"-7750238250664827723","potions_obtained":[{"floor":3.0,"key":"SteroidPotion"},{"floor":8.0,"key":"Fire Potion"},{"floor":13.0,"key":"Strength Potion"},{"floor":14.0,"key":"Block Potion"},{"floor":16.0,"key":"AttackPotion"},{"floor":24.0,"key":"BloodPotion"},{"floor":29.0,"key":"EssenceOfSteel"},{"floor":33.0,"key":"Strength Potion"},{"floor":37.0,"key":"Explosive Potion"},{"floor":44.0,"key":"EssenceOfSteel"},{"floor":46.0,"key":"Explosive Potion"},{"floor":54,"key":"FearPotion"}],"is_trial":false,"path_per_floor":["M","?","M","$","M","E","R","M","T","E","R","$","E","M","R","B",null,"M","?","M","?","M","R","?","R","T","R","M","E","M","E","R","B",null,"M","?","M","?","$","E","M","R","T","M","R","M","R","?","R","B",null,"R","$","E","B"],"character_chosen":"IRONCLAD","items_purchased":["Metallicize","Clothesline","Lantern","Happy Flower","Double Tap+1","Havoc+1","Regen Potion","PowerPotion","SpeedPotion","PrismaticShard"],"campfire_rested":0,"item_purchase_floors":[4,12,12,39,39,39,39,39,39,39],"current_hp_per_floor":[72,69,72,72,72,72,72,72,72,63,63,63,68,72,72,28,72,75,75,79,79,83,83,90,90,90,90,81,62,72,75,75,9,97,100,100,86,86,86,61,54,69,69,59,74,80,98,98,103,93,103,103,103,103,0],"gold":31,"neow_bonus":"ONE_RARE_RELIC","is_prod":false,"is_daily":false,"chose_seed":false,"campfire_upgraded":11,"win_rate":0,"timestamp":1550460622,"path_taken":["M","?","M","?","M","E","R","M","T","E","R","$","E","M","R","BOSS","M","?","M","?","M","R","?","R","T","R","M","E","M","E","R","BOSS","M","?","M","?","$","E","M","R","T","M","R","M","R","?","R","BOSS","R","$","E","BOSS"],"build_version":"2019-01-23","purchased_purges":1,"victory":false,"max_hp_per_floor":[72,72,72,72,72,72,72,72,72,72,72,72,72,72,72,72,72,75,75,79,79,83,83,90,90,90,90,90,93,97,97,97,97,97,100,100,100,100,100,103,103,103,103,103,103,103,103,103,103,103,103,103,103,103,103],"card_choices":[{"not_picked":["Heavy Blade","Flex"],"picked":"Metallicize","floor":1.0},{"not_picked":["Clothesline","Iron Wave"],"picked":"True Grit","floor":3.0},{"not_picked":["Searing Blow","Entrench","Corruption"],"picked":"SKIP","floor":5.0},{"not_picked":["Dual Wield","Rage"],"picked":"Wild Strike","floor":6.0},{"not_picked":["True Grit","Rage"],"picked":"Armaments","floor":8.0},{"not_picked":["Pommel Strike","Clash"],"picked":"Shrug It Off","floor":10.0},{"not_picked":["Twin Strike","Pommel Strike"],"picked":"Dropkick","floor":13.0},{"not_picked":["Clash","Sword Boomerang"],"picked":"True Grit","floor":14.0},{"not_picked":["Double Tap","Brutality"],"picked":"Feed","floor":16.0},{"not_picked":["Rupture","Perfected Strike","Clothesline"],"picked":"SKIP","floor":18.0},{"not_picked":["Perfected Strike+1","Sword Boomerang","Cleave"],"picked":"SKIP","floor":20.0},{"not_picked":["Cleave","Corruption","Dropkick+1"],"picked":"SKIP","floor":22.0},{"not_picked":["Iron Wave","Cleave+1"],"picked":"Whirlwind","floor":28.0},{"not_picked":["Armaments+1","Blood for Blood"],"picked":"Havoc+1","floor":29.0},{"not_picked":["Flex+1","Armaments+1"],"picked":"Sentinel+1","floor":30.0},{"not_picked":["Heavy Blade+1","Body Slam"],"picked":"True Grit+1","floor":31.0},{"not_picked":["Impervious+1","Dark Embrace"],"picked":"Immolate","floor":33.0},{"not_picked":["Sword Boomerang","Body Slam+1","Thunderclap"],"picked":"SKIP","floor":35.0},{"not_picked":["Perfected Strike","Havoc+1"],"picked":"Feel No Pain","floor":37.0},{"not_picked":["Headbutt+1","Deflect+1","Dark Embrace"],"picked":"SKIP","floor":40.0},{"not_picked":["Seeing Red+1","Cloak And Dagger+1"],"picked":"Predator","floor":41.0},{"not_picked":["Blade Dance+1","Steam+1","Flying Knee"],"picked":"SKIP","floor":44.0},{"not_picked":["Flechettes","Flying Knee+1"],"picked":"Shrug It Off+1","floor":46.0},{"not_picked":["Beam Cell+1","Dual Wield+1"],"picked":"Cold Snap+1","floor":54}],"player_experience":1222766,"relics_obtained":[{"floor":6.0,"key":"Bag of Preparation"},{"floor":10.0,"key":"Juzu Bracelet"},{"floor":13.0,"key":"War Paint"},{"floor":24.0,"key":"Ginger"},{"floor":24.0,"key":"Toxic Egg 2"},{"floor":26.0,"key":"Omamori"},{"floor":29.0,"key":"FossilizedHelix"},{"floor":31.0,"key":"Potion Belt"},{"floor":40.0,"key":"Nunchaku"},{"floor":43.0,"key":"Vajra"},{"floor":54,"key":"Shuriken"}],"event_choices":[{"damage_healed":0.0,"max_hp_gain":0.0,"max_hp_loss":0.0,"gold_gain":0.0,"event_name":"Scrap Ooze","player_choice":"Success","floor":2.0,"gold_loss":0.0,"damage_taken":3.0,"relics_obtained":["Gambling Chip"]},{"damage_healed":0.0,"max_hp_gain":0.0,"max_hp_loss":0.0,"gold_gain":0.0,"event_name":"Back to Basics","player_choice":"Simplicity","floor":19.0,"gold_loss":0.0,"damage_taken":0.0,"cards_upgraded":["Strike_R","Strike_R","Strike_R","Strike_R","Strike_R","Defend_R","Defend_R","Defend_R"]},{"damage_healed":0.0,"max_hp_gain":0.0,"max_hp_loss":0.0,"gold_gain":0.0,"event_name":"Lab","player_choice":"Got Potions","floor":21.0,"gold_loss":0.0,"damage_taken":0.0},{"damage_healed":0.0,"max_hp_gain":0.0,"max_hp_loss":0.0,"gold_gain":0.0,"event_name":"Colosseum","player_choice":"Fight","floor":24.0,"gold_loss":0.0,"damage_taken":0.0},{"damage_healed":0.0,"max_hp_gain":0.0,"max_hp_loss":0.0,"gold_gain":0.0,"event_name":"Colosseum","player_choice":"Fought Nobs","floor":24.0,"gold_loss":0.0,"damage_taken":0.0},{"damage_healed":0.0,"max_hp_gain":0.0,"max_hp_loss":0.0,"gold_gain":275.0,"event_name":"Golden Shrine","player_choice":"Desecrate","floor":36.0,"gold_loss":0.0,"damage_taken":0.0,"cards_obtained":["Regret"]},{"damage_healed":0.0,"max_hp_gain":0.0,"max_hp_loss":0.0,"gold_gain":0.0,"event_name":"Match and Keep!","player_choice":"1 cards matched","floor":38.0,"gold_loss":0.0,"damage_taken":0.0,"cards_obtained":["Spot Weakness"]},{"damage_healed":0.0,"max_hp_gain":0.0,"max_hp_loss":0.0,"gold_gain":0.0,"event_name":"Tomb of Lord Red Mask","player_choice":"Paid","floor":48.0,"gold_loss":161.0,"damage_taken":0.0,"relics_obtained":["Red Mask"]}],"is_beta":false,"boss_relics":[{"not_picked":["Runic Dome","Orrery"],"picked":"Velvet Choker"},{"not_picked":["Busted Crown","Empty Cage"],"picked":"Eternal Feather"}],"items_purged_floors":[39],"is_endless":false,"potions_floor_spawned":[3,8,13,14,16,20,22,24,29,33,37,40,44,46,54],"killed_by":"The Heart","ascension_level":0}