{"gold_per_floor":[113,133,151,162,175,203,203,223,223,25,57,78,88,113,113,212,212,231,231,248,265,276,276,310,324,351,351,380,380,397,4,4,108,108,118,118,130,179,193,193,14,14,14,27,27,27,46,46,46,46],"floor_reached":51,"playtime":13134,"items_purged":[],"score":1010,"play_id":"fda004d0-84aa-403b-bc92-20d19f40936f","local_time":"20180727220848","is_ascension_mode":true,"campfire_choices":[{"data":"Zap","floor":7.0,"key":"SMITH"},{"data":"Dualcast","floor":15,"key":"SMITH"},{"floor":23,"key":"REST"},{"floor":27,"key":"REST"},{"floor":29,"key":"REST"},{"floor":32,"key":"REST"},{"floor":40,"key":"REST"},{"data":"Loop","floor":42,"key":"SMITH"},{"data":"Apotheosis","floor":49,"key":"SMITH"}],"neow_cost":"","seed_source_timestamp":0,"circlet_count":0,"master_deck":["Zap+1","Dualcast+1","Go for the Eyes","Leap","Undo","Ball Lightning","Auto Shields","All For One","Tempest","Genetic Algorithm","Cold Snap","Chaos","Fission","Double Energy","Beam Cell","Conserve Battery","Compile Driver","Coolheaded","Barrage","BootSequence","Steam","Loop+1","Coolheaded","Ball Lightning","Stack+1","Ball Lightning","Cold Snap+1","Stack+1","Glacier","Blizzard","Defragment","Compile Driver","Electrodynamics","Coolheaded","Conserve Battery+1","Stack","Ball Lightning+1","Dark Shackles","Apotheosis+1","Swift Strike"],"special_seed":0,"relics":["Cracked Core","Gremlin Horn","The Courier","Symbiotic Virus","Anchor","Odd Mushroom","Blue Candle","Pandora\u0027s Box","Nilry\u0027s Codex","Dodecahedron","Pen Nib","Bottled Flame","Mercury Hourglass","Runic Dome","Thread and Needle","Lantern","Bottled Lightning","Pantograph"],"potions_floor_usage":[14,16,22,24,24,25,28,33,33,50,50],"damage_taken":[{"damage":3.0,"enemies":"Jaw Worm","floor":1.0,"turns":4.0},{"damage":0.0,"enemies":"Small Slimes","floor":2.0,"turns":3.0},{"damage":0.0,"enemies":"Cultist","floor":3.0,"turns":4.0},{"damage":27.0,"enemies":"Large Slime","floor":4.0,"turns":7.0},{"damage":5.0,"enemies":"Exordium Wildlife","floor":5.0,"turns":8.0},{"damage":25.0,"enemies":"3 Sentries","floor":6.0,"turns":9.0},{"damage":0.0,"enemies":"Blue Slaver","floor":8.0,"turns":3.0},{"damage":15.0,"enemies":"Lagavulin","floor":11.0,"turns":6.0},{"damage":1.0,"floor":12.0,"turns":4.0},{"damage":5.0,"enemies":"Lots of Slimes","floor":13.0,"turns":4.0},{"damage":0,"enemies":"Gremlin Nob","floor":14,"turns":3},{"damage":39,"enemies":"The Guardian","floor":16,"turns":16},{"damage":15,"enemies":"Shell Parasite","floor":18,"turns":7},{"damage":5,"enemies":"Spheric Guardian","floor":20,"turns":4},{"damage":29,"enemies":"Centurion and Healer","floor":21,"turns":9},{"damage":8,"enemies":"Snecko","floor":22,"turns":8},{"damage":26,"enemies":"Gremlin Leader","floor":24,"turns":7},{"damage":8,"enemies":"Chosen and Byrds","floor":25,"turns":8},{"damage":26,"enemies":"Slavers","floor":28,"turns":6},{"damage":4,"enemies":"Snake Plant","floor":30,"turns":4},{"damage":45,"enemies":"Automaton","floor":33,"turns":12},{"damage":0,"enemies":"3 Shapes","floor":35,"turns":2},{"damage":10,"enemies":"Orb Walker","floor":37,"turns":4},{"damage":6,"floor":38,"turns":6},{"damage":0,"enemies":"Flame Bruiser 2 Orb","floor":39,"turns":4},{"damage":2,"enemies":"3 Darklings","floor":44,"turns":4},{"damage":4,"enemies":"Maw","floor":47,"turns":9},{"damage":11,"enemies":"Donu and Deca","floor":50,"turns":10}],"seed_played":"3757160876747201019","potions_obtained":[{"floor":3.0,"key":"FocusPotion"},{"floor":4.0,"key":"SmokeBomb"},{"floor":6.0,"key":"Dexterity Potion"},{"floor":8.0,"key":"EssenceOfSteel"},{"floor":13.0,"key":"GamblersBrew"},{"floor":16,"key":"FocusPotion"},{"floor":20,"key":"SpeedPotion"},{"floor":22,"key":"SteroidPotion"},{"floor":24,"key":"Explosive Potion"},{"floor":25,"key":"EssenceOfSteel"},{"floor":28,"key":"AttackPotion"},{"floor":39,"key":"FocusPotion"}],"is_trial":false,"path_per_floor":["M","M","M","M","M","E","R","M","T","$","E","?","M","E","R","B",null,"M","?","M","M","M","R","E","M","T","R","E","R","M","$","R","B",null,"M","?","M","?","M","R","$","R","T","M","?","T","M","?","R","B"],"character_chosen":"DEFECT","items_purchased":["Symbiotic Virus","Mercury Hourglass","Glacier","Blizzard","Defragment","Compile Driver","Lantern","Stack","Strength Potion"],"campfire_rested":5,"item_purchase_floors":[10,31,31,31,31,31,41,41,41],"current_hp_per_floor":[65,72,75,55,57,39,39,46,46,46,38,37,39,46,46,14,60,52,36,38,16,15,37,18,17,17,39,20,42,38,38,60,15,60,60,60,50,44,44,66,66,66,66,64,64,64,60,50,50,64],"gold":46,"neow_bonus":"","is_prod":false,"is_daily":false,"chose_seed":false,"campfire_upgraded":4,"win_rate":0,"timestamp":1532754528,"path_taken":["M","M","M","M","M","E","R","M","T","$","E","?","M","E","R","BOSS","M","?","?","M","M","R","E","M","T","R","E","R","M","$","R","BOSS","M","?","M","?","M","R","$","R","T","M","?","?","?","?","R","BOSS"],"build_version":"2018-07-26","purchased_purges":0,"victory":true,"max_hp_per_floor":[75,75,75,75,75,75,75,75,75,75,75,75,75,75,75,75,75,75,75,75,75,75,75,75,75,75,75,75,75,75,75,75,75,75,75,75,75,75,75,75,75,75,75,75,75,75,75,75,75,75],"card_choices":[{"not_picked":["Redo","Melter"],"picked":"Self Repair","floor":1.0},{"not_picked":["Beam Cell","Leap"],"picked":"Go for the Eyes","floor":2.0},{"not_picked":["Beam Cell","Steam"],"picked":"Leap","floor":3.0},{"not_picked":["Beam Cell","Reprogram"],"picked":"Undo","floor":4.0},{"not_picked":["Leap","Force Field"],"picked":"Ball Lightning","floor":5.0},{"not_picked":["Melter","Conserve Battery"],"picked":"Auto Shields","floor":6.0},{"not_picked":["Turbo","Coolheaded"],"picked":"All For One","floor":8.0},{"not_picked":["Multi-Cast","Double Energy"],"picked":"Tempest","floor":11.0},{"not_picked":["BootSequence","Blizzard"],"picked":"Genetic Algorithm","floor":12.0},{"not_picked":["Undo","Leap"],"picked":"Cold Snap","floor":13.0},{"not_picked":["Undo","Self Repair"],"picked":"Chaos","floor":14},{"not_picked":["Core Surge","Amplify"],"picked":"Fission","floor":16},{"not_picked":["Ball Lightning","Gash+1"],"picked":"Loop","floor":18},{"not_picked":["Sweeping Beam","Reinforced Body+1"],"picked":"Coolheaded","floor":20},{"not_picked":["All For One","Rebound","Self Repair"],"picked":"SKIP","floor":21},{"not_picked":["Sunder","Reinforced Body"],"picked":"Ball Lightning","floor":22},{"not_picked":["Go for the Eyes","All For One"],"picked":"Stack+1","floor":24},{"not_picked":["Defragment","Beam Cell"],"picked":"Ball Lightning","floor":25},{"not_picked":["Barrage","Sweeping Beam"],"picked":"Cold Snap+1","floor":28},{"not_picked":["Turbo","Rebound+1"],"picked":"Stack+1","floor":30},{"not_picked":["Meteor Strike","Rainbow"],"picked":"Electrodynamics","floor":33},{"not_picked":["Redo","Force Field+1","Chaos"],"picked":"SKIP","floor":35},{"not_picked":["Lockon","Streamline+1"],"picked":"Coolheaded","floor":37},{"not_picked":["Heatsinks","Rebound+1"],"picked":"Conserve Battery+1","floor":38},{"not_picked":["Conserve Battery","Leap","Beam Cell"],"picked":"SKIP","floor":39},{"not_picked":["Conserve Battery","Streamline+1","Lockon+1"],"picked":"SKIP","floor":44},{"not_picked":["Leap+1","Go for the Eyes"],"picked":"Ball Lightning+1","floor":47},{"not_picked":["Jack Of All Trades","Sadistic Nature"],"picked":"Dark Shackles","floor":48},{"not_picked":["Enlightenment","Mind Blast"],"picked":"Apotheosis","floor":48},{"not_picked":["Deep Breath","Dramatic Entrance"],"picked":"Swift Strike","floor":48}],"player_experience":680779,"relics_obtained":[{"floor":6.0,"key":"Gremlin Horn"},{"floor":9.0,"key":"The Courier"},{"floor":11.0,"key":"Anchor"},{"floor":12.0,"key":"Odd Mushroom"},{"floor":14,"key":"Blue Candle"},{"floor":19,"key":"Nilry\u0027s Codex"},{"floor":24,"key":"Dodecahedron"},{"floor":26,"key":"Pen Nib"},{"floor":28,"key":"Bottled Flame"},{"floor":38,"key":"Thread and Needle"},{"floor":43,"key":"Bottled Lightning"},{"floor":46,"key":"Pantograph"}],"event_choices":[{"event_name":"Mushrooms","player_choice":"Fought Mushrooms","floor":12.0,"damage_taken":0.0},{"event_name":"Cursed Tome","player_choice":"Obtained Book","floor":19,"damage_taken":0},{"event_name":"Falling","player_choice":"Removed Power","floor":36,"damage_taken":0},{"event_name":"Mysterious Sphere","player_choice":"Fight","floor":38,"damage_taken":0},{"event_name":"Match and Keep!","player_choice":"0 cards matched","floor":45,"damage_taken":0},{"event_name":"SensoryStone","player_choice":"Memory 3","floor":48,"damage_taken":0}],"is_beta":false,"boss_relics":[{"not_picked":["Calling Bell","Lizard Tail"],"picked":"Pandora\u0027s Box"},{"not_picked":["White Beast Statue","Tiny House"],"picked":"Runic Dome"}],"items_purged_floors":[],"is_endless":false,"potions_floor_spawned":[3,4,6,8,13,16,20,22,24,25,28,39],"ascension_level":8}