{"gold_per_floor":[118,135,135,146,2,2,36,36,82,82,126,144,187,200,200,296,296,320,320,520,36,60,60,100,113,113,131,156,156,191,206,206,206],"floor_reached":33,"playtime":1506,"items_purged":["Strike_B","Strike_B"],"score":697,"play_id":"5459dde3-0178-4f4e-ba2c-5512052f09c9","local_time":"20190217144553","is_ascension_mode":true,"campfire_choices":[{"data":"Sunder","floor":6.0,"key":"SMITH"},{"data":"Defragment","floor":8.0,"key":"SMITH"},{"data":"Redo","floor":15.0,"key":"SMITH"},{"data":"Dualcast","floor":23.0,"key":"SMITH"},{"floor":29.0,"key":"REST"},{"data":"Darkness","floor":32,"key":"SMITH"}],"neow_cost":"PERCENT_DAMAGE","seed_source_timestamp":141903112276748,"circlet_count":0,"master_deck":["AscendersBane","Strike_B","Strike_B","Defend_B","Defend_B","Defend_B","Defend_B","Zap","Dualcast+1","Redo+1","Sunder+1","Defragment+1","Conserve Battery","Glacier","FTL","Biased Cognition","Conserve Battery","Core Surge","Go for the Eyes","Ball Lightning","Chaos","Consume","Darkness+1","Defragment"],"special_seed":0,"relics":["Cracked Core","Mango","Happy Flower","Bronze Scales","Pen Nib","Golden Idol","Pear","Letter Opener","Nuclear Battery","Art of War","Runic Capacitor","Orichalcum","Blue Candle","Cables"],"potions_floor_usage":[33],"damage_taken":[{"damage":0.0,"enemies":"2 Louse","floor":1.0,"turns":2.0},{"damage":0.0,"enemies":"Small Slimes","floor":2.0,"turns":2.0},{"damage":7.0,"enemies":"Jaw Worm","floor":4.0,"turns":2.0},{"damage":19.0,"enemies":"Gremlin Nob","floor":7.0,"turns":4.0},{"damage":20.0,"enemies":"3 Sentries","floor":11.0,"turns":5.0},{"damage":0.0,"enemies":"Looter","floor":12.0,"turns":3.0},{"damage":0.0,"enemies":"Lagavulin","floor":13.0,"turns":4.0},{"damage":0.0,"enemies":"Lots of Slimes","floor":14.0,"turns":2.0},{"damage":0.0,"enemies":"Slime Boss","floor":16.0,"turns":6.0},{"damage":0.0,"enemies":"3 Byrds","floor":18.0,"turns":2.0},{"damage":0.0,"enemies":"Chosen","floor":22.0,"turns":3.0},{"damage":28.0,"enemies":"Book of Stabbing","floor":24.0,"turns":5.0},{"damage":23.0,"enemies":"Snake Plant","floor":25.0,"turns":4.0},{"damage":7.0,"enemies":"Chosen and Byrds","floor":27.0,"turns":4.0},{"damage":0.0,"enemies":"3 Cultists","floor":28.0,"turns":5.0},{"damage":0.0,"enemies":"Slavers","floor":30.0,"turns":1.0},{"damage":0,"enemies":"Snecko","floor":31,"turns":4},{"damage":43,"enemies":"Collector","floor":33,"turns":3}],"seed_played":"-8170658836346043618","potions_obtained":[{"floor":2.0,"key":"FearPotion"},{"floor":4.0,"key":"Fire Potion"},{"floor":24.0,"key":"AttackPotion"},{"floor":25.0,"key":"SkillPotion"},{"floor":30.0,"key":"Ancient Potion"}],"is_trial":false,"path_per_floor":["M","M","?","M","$","R","E","R","T","?","E","M","E","M","R","B",null,"M","?","?","$","M","R","E","M","T","M","M","R","E","M","R","B"],"character_chosen":"DEFECT","items_purchased":["Defragment","Art of War","Ball Lightning","Runic Capacitor"],"campfire_rested":1,"item_purchase_floors":[5,21,21,21],"current_hp_per_floor":[64,64,57,50,50,50,31,31,31,31,21,21,21,21,21,21,74,74,74,74,74,74,74,46,23,23,16,16,43,43,43,43,0],"gold":206,"neow_bonus":"ONE_RARE_RELIC","is_prod":false,"is_daily":false,"chose_seed":false,"campfire_upgraded":5,"win_rate":0,"timestamp":1550411153,"path_taken":["M","M","?","M","$","R","E","R","T","?","E","M","E","M","R","BOSS","M","?","?","$","M","R","E","M","T","M","?","R","E","M","R","BOSS"],"build_version":"2019-01-23","purchased_purges":2,"victory":false,"max_hp_per_floor":[89,89,89,89,89,89,89,89,89,82,92,92,92,92,92,92,92,92,92,92,92,92,92,92,92,92,92,92,92,92,92,92,92],"card_choices":[{"not_picked":["Turbo","Cold Snap"],"picked":"Redo","floor":1.0},{"not_picked":["Self Repair","Barrage"],"picked":"Sunder","floor":2.0},{"not_picked":["Fusion","Sweeping Beam","Barrage"],"picked":"SKIP","floor":4.0},{"not_picked":["Beam Cell","Tempest"],"picked":"Conserve Battery","floor":7.0},{"not_picked":["Multi-Cast","Barrage"],"picked":"Glacier","floor":11.0},{"not_picked":["Coolheaded","Streamline"],"picked":"FTL","floor":12.0},{"not_picked":["Go for the Eyes","Ball Lightning"],"picked":"Biased Cognition","floor":13.0},{"not_picked":["Sweeping Beam","Melter"],"picked":"Conserve Battery","floor":14.0},{"not_picked":["All For One","Biased Cognition"],"picked":"Core Surge","floor":16.0},{"not_picked":["Glacier","Gash","Rebound"],"picked":"SKIP","floor":18.0},{"not_picked":["Lockon+1","Ball Lightning"],"picked":"Chaos","floor":22.0},{"not_picked":["Beam Cell","FTL"],"picked":"Consume","floor":24.0},{"not_picked":["Gash","Stack+1","Steam"],"picked":"SKIP","floor":25.0},{"not_picked":["Ball Lightning","Cold Snap"],"picked":"Darkness","floor":27.0},{"not_picked":["Sweeping Beam+1","Rip and Tear","Ball Lightning"],"picked":"SKIP","floor":28.0},{"not_picked":["White Noise","Stack","Storm"],"picked":"SKIP","floor":30.0},{"not_picked":["Genetic Algorithm","Beam Cell"],"picked":"Defragment","floor":31}],"player_experience":374007,"relics_obtained":[{"floor":7.0,"key":"Bronze Scales"},{"floor":9.0,"key":"Pen Nib"},{"floor":11.0,"key":"Pear"},{"floor":13.0,"key":"Letter Opener"},{"floor":24.0,"key":"Orichalcum"},{"floor":26.0,"key":"Blue Candle"},{"floor":30.0,"key":"Cables"}],"event_choices":[{"damage_healed":0.0,"max_hp_gain":0.0,"max_hp_loss":0.0,"gold_gain":0.0,"event_name":"Scrap Ooze","player_choice":"Success","floor":3.0,"gold_loss":0.0,"damage_taken":7.0,"relics_obtained":["Happy Flower"]},{"damage_healed":0.0,"max_hp_gain":0.0,"max_hp_loss":7.0,"gold_gain":0.0,"event_name":"Golden Idol","player_choice":"Lose Max HP","floor":10.0,"gold_loss":0.0,"damage_taken":0.0,"relics_obtained":["Golden Idol"]},{"damage_healed":0.0,"max_hp_gain":0.0,"max_hp_loss":0.0,"gold_gain":0.0,"event_name":"The Library","player_choice":"Read","floor":19.0,"gold_loss":0.0,"damage_taken":0.0,"cards_obtained":["Go for the Eyes"]},{"damage_healed":0.0,"max_hp_gain":0.0,"max_hp_loss":0.0,"gold_gain":250.0,"event_name":"The Joust","player_choice":"Bet on Owner","floor":20.0,"gold_loss":50.0,"damage_taken":0.0}],"is_beta":false,"boss_relics":[{"not_picked":["Empty Cage","Astrolabe"],"picked":"Nuclear Battery"}],"items_purged_floors":[5,21],"is_endless":false,"potions_floor_spawned":[2,4,12,14,24,25,28,30,31],"killed_by":"Collector","ascension_level":13}