{"gold_per_floor":[115,115,35,54,74,105,105,125,149,175,208,223,186,202,202,298,298,316,304,77,95,113,113,113,113,137,149,161,173,185],"floor_reached":30,"playtime":1673,"items_purged":["Regret"],"score":277,"play_id":"0878a492-3d5f-40ae-9ce4-7d22a511b8a8","local_time":"20190415205853","is_ascension_mode":true,"campfire_choices":[{"floor":7.0,"key":"REST"},{"floor":15.0,"key":"REST"},{"data":"Storm","floor":23,"key":"SMITH"},{"data":"Machine Learning","floor":25,"key":"SMITH"}],"neow_cost":"TEN_PERCENT_HP_LOSS","seed_source_timestamp":0,"circlet_count":0,"master_deck":["Strike_B","Strike_B","Strike_B","Strike_B","Defend_B","Defend_B","Defend_B","Defend_B","Zap","Dualcast","Rainbow","Self Repair","Chaos","Capacitor","Capacitor","Reinforced Body","Chill","Echo Form","FTL","Defragment","Chill","Conserve Battery","White Noise","Machine Learning+1","Loop","Coolheaded","Storm","Steam","Steam","Static Discharge","Compile Driver+1","Glacier","FTL","Hello World","Storm+1"],"special_seed":0,"relics":["Cracked Core","Dream Catcher","Pen Nib","Anchor","Orichalcum","Orrery","MawBank","Nilry\u0027s Codex","Shuriken"],"potions_floor_usage":[30,30],"damage_taken":[{"damage":0.0,"enemies":"Small Slimes","floor":1.0,"turns":2.0},{"damage":15.0,"enemies":"Cultist","floor":4.0,"turns":4.0},{"damage":16.0,"enemies":"Jaw Worm","floor":5.0,"turns":5.0},{"damage":33.0,"enemies":"Lagavulin","floor":6.0,"turns":8.0},{"damage":24.0,"enemies":"Exordium Wildlife","floor":8.0,"turns":6.0},{"damage":15.0,"enemies":"3 Sentries","floor":11.0,"turns":6.0},{"damage":4.0,"enemies":"Exordium Thugs","floor":12.0,"turns":4.0},{"damage":6.0,"enemies":"2 Fungi Beasts","floor":14.0,"turns":4.0},{"damage":30.0,"enemies":"Hexaghost","floor":16.0,"turns":11.0},{"damage":21,"enemies":"Spheric Guardian","floor":18,"turns":7},{"damage":9,"enemies":"2 Thieves","floor":19,"turns":5},{"damage":17,"enemies":"Snake Plant","floor":21,"turns":6},{"damage":8,"enemies":"Snecko","floor":22,"turns":6},{"damage":21,"enemies":"Book of Stabbing","floor":30,"turns":5}],"seed_played":"1336713350436868255","potions_obtained":[{"floor":5.0,"key":"Fire Potion"},{"floor":6.0,"key":"Poison Potion"},{"floor":11.0,"key":"Fire Potion"},{"floor":16.0,"key":"Strength Potion"},{"floor":18,"key":"Strength Potion"},{"floor":19,"key":"Energy Potion"}],"is_trial":false,"path_per_floor":["M","?","$","M","M","E","R","M","T","T","E","M","?","M","R","B",null,"M","M","$","M","M","R","$","R","T","?","?","T","E"],"character_chosen":"DEFECT","items_purchased":["Capacitor","Glacier","FTL"],"campfire_rested":2,"item_purchase_floors":[3,20,20],"current_hp_per_floor":[68,68,68,60,51,25,45,28,28,28,20,16,16,17,37,14,68,54,45,45,35,34,34,34,34,34,34,18,18,0],"gold":185,"neow_bonus":"THREE_RARE_CARDS","is_prod":false,"is_daily":false,"chose_seed":false,"campfire_upgraded":2,"win_rate":0,"timestamp":1555376333,"path_taken":["M","?","$","M","M","E","R","?","T","?","E","M","?","M","R","BOSS","M","M","$","M","M","R","$","R","T","?","?","?","E"],"build_version":"2019-01-23","purchased_purges":1,"victory":false,"max_hp_per_floor":[68,68,68,68,68,68,68,68,68,68,68,68,68,68,68,68,68,68,68,68,68,68,68,68,68,68,68,68,68,68],"card_choices":[{"not_picked":["All For One","Fission"],"picked":"Rainbow","floor":0.0},{"not_picked":["Go for the Eyes","Streamline"],"picked":"Self Repair","floor":1.0},{"not_picked":["Coolheaded","Double Energy"],"picked":"Capacitor","floor":4.0},{"not_picked":["Redo","Rebound"],"picked":"Reinforced Body","floor":5.0},{"not_picked":["Lockon","Sweeping Beam"],"picked":"Chill","floor":6.0},{"not_picked":["Coolheaded","Rip and Tear"],"picked":"Echo Form","floor":7.0},{"not_picked":["Sweeping Beam","Compile Driver"],"picked":"FTL","floor":8.0},{"not_picked":["Barrage","Conserve Battery"],"picked":"Defragment","floor":11.0},{"not_picked":["Sunder","Beam Cell"],"picked":"Chill","floor":12.0},{"not_picked":["Sweeping Beam","Leap"],"picked":"Conserve Battery","floor":14.0},{"not_picked":["Conserve Battery","Compile Driver"],"picked":"White Noise","floor":15.0},{"not_picked":["Amplify","Thunder Strike"],"picked":"Machine Learning","floor":16.0},{"not_picked":["Hologram","Gash"],"picked":"Loop","floor":17},{"not_picked":["Compile Driver","Ball Lightning"],"picked":"Coolheaded","floor":17},{"not_picked":["Go for the Eyes","Gash"],"picked":"Storm","floor":17},{"not_picked":["Capacitor","Turbo"],"picked":"Steam","floor":17},{"not_picked":["Sweeping Beam","Multi-Cast"],"picked":"Steam","floor":17},{"not_picked":["Coolheaded","Redo+1"],"picked":"Static Discharge","floor":18},{"not_picked":["Conserve Battery","Gash+1"],"picked":"Compile Driver+1","floor":19},{"not_picked":["Static Discharge","Ball Lightning"],"picked":"Hello World","floor":21},{"not_picked":["Beam Cell","BootSequence"],"picked":"Storm","floor":22}],"player_experience":20585,"relics_obtained":[{"floor":6.0,"key":"Dream Catcher"},{"floor":9.0,"key":"Pen Nib"},{"floor":10.0,"key":"Anchor"},{"floor":11.0,"key":"Orichalcum"},{"floor":26,"key":"MawBank"},{"floor":28,"key":"Nilry\u0027s Codex"},{"floor":29,"key":"Shuriken"}],"event_choices":[{"damage_healed":0.0,"max_hp_gain":0.0,"max_hp_loss":0.0,"gold_gain":0.0,"event_name":"Match and Keep!","player_choice":"2 cards matched","floor":2.0,"gold_loss":0.0,"damage_taken":0.0,"cards_obtained":["Chaos","Regret"]},{"damage_healed":0.0,"max_hp_gain":0.0,"max_hp_loss":0.0,"gold_gain":0.0,"event_name":"World of Goop","player_choice":"Left Gold","floor":13.0,"gold_loss":37.0,"damage_taken":0.0},{"damage_healed":0,"gold_gain":0,"player_choice":"Ignored","damage_taken":0,"max_hp_gain":0,"max_hp_loss":0,"event_name":"Ghosts","floor":27,"gold_loss":0},{"damage_healed":0,"gold_gain":0,"player_choice":"Obtained Book","damage_taken":16,"max_hp_gain":0,"max_hp_loss":0,"event_name":"Cursed Tome","floor":28,"gold_loss":0}],"is_beta":false,"boss_relics":[{"not_picked":["Black Star","Snecko Eye"],"picked":"Orrery"}],"items_purged_floors":[20],"is_endless":false,"potions_floor_spawned":[5,6,11,16,18,19],"killed_by":"Book of Stabbing","ascension_level":1}