{"gold_per_floor":[114,114,389,400,13,42,42,74,101,117,117,148,160,175,175,277,277,289,221,201,211,222,222,255,53,53,53],"floor_reached":27,"playtime":1793,"items_purged":["Regret","Strike_R"],"score":373,"play_id":"d02b872f-fda3-4aa9-ae68-b4a110fff119","local_time":"20190125190206","is_ascension_mode":true,"campfire_choices":[{"data":"Bloodletting","floor":7.0,"key":"SMITH"},{"data":"Shrug It Off","floor":11.0,"key":"SMITH"},{"data":"Shockwave","floor":15.0,"key":"SMITH"},{"data":"Armaments","floor":23,"key":"SMITH"}],"neow_cost":"NONE","seed_source_timestamp":0,"circlet_count":0,"master_deck":["Strike_R","Strike_R+1","Strike_R","Strike_R","Defend_R","Defend_R","Defend_R","Defend_R","Bash+1","Reckless Charge+1","Shrug It Off+1","Cleave","Metallicize","Bloodletting+1","Spot Weakness","Shrug It Off","Ghostly Armor","Reckless Charge","Shockwave+1","Clothesline","Shrug It Off","Inflame","Twin Strike","Armaments+1","Dual Wield+1","True Grit","Clash"],"special_seed":0,"relics":["Burning Blood","NeowsBlessing","Lantern","Anchor","Incense Burner","Whetstone","Darkstone Periapt","Philosopher\u0027s Stone","PreservedInsect"],"potions_floor_usage":[22,22,27],"damage_taken":[{"damage":0.0,"enemies":"Cultist","floor":1.0,"turns":1.0},{"damage":0.0,"enemies":"2 Louse","floor":4.0,"turns":1.0},{"damage":0.0,"enemies":"Gremlin Nob","floor":6.0,"turns":1.0},{"damage":29.0,"enemies":"Lagavulin","floor":8.0,"turns":7.0},{"damage":3.0,"enemies":"Jaw Worm","floor":10.0,"turns":2.0},{"damage":8.0,"enemies":"3 Sentries","floor":12.0,"turns":7.0},{"damage":0.0,"enemies":"2 Fungi Beasts","floor":13.0,"turns":4.0},{"damage":3.0,"enemies":"Exordium Thugs","floor":14.0,"turns":4.0},{"damage":9.0,"enemies":"Hexaghost","floor":16.0,"turns":10.0},{"damage":15.0,"enemies":"Chosen","floor":18.0,"turns":6.0},{"damage":0.0,"enemies":"Spheric Guardian","floor":21.0,"turns":4.0},{"damage":24,"enemies":"Cultist and Chosen","floor":22,"turns":8},{"damage":54,"enemies":"Book of Stabbing","floor":24,"turns":6},{"damage":15,"enemies":"Gremlin Leader","floor":27,"turns":4}],"seed_played":"-380707875439133812","potions_obtained":[{"floor":6.0,"key":"Block Potion"},{"floor":10.0,"key":"Poison Potion"},{"floor":13.0,"key":"FearPotion"},{"floor":16.0,"key":"Swift Potion"},{"floor":20.0,"key":"GamblersBrew"},{"floor":21.0,"key":"BloodPotion"},{"floor":22,"key":"Swift Potion"}],"is_trial":false,"path_per_floor":["M","M","?","?","M","$","E","R","E","T","M","R","E","M","M","R","B",null,"M","$","?","M","M","R","E","$","T","E"],"character_chosen":"IRONCLAD","items_purchased":["Cleave","Metallicize","Bloodletting","Lantern","Inflame","True Grit","Clash"],"campfire_rested":0,"item_purchase_floors":[5,5,5,5,19,25,25],"current_hp_per_floor":[78,78,78,80,80,80,80,57,57,60,60,58,64,67,67,64,76,67,67,67,73,63,63,15,15,15,0],"gold":53,"neow_bonus":"THREE_ENEMY_KILL","is_prod":false,"is_daily":false,"chose_seed":false,"campfire_upgraded":4,"win_rate":0,"timestamp":1548439326,"path_taken":["M","?","?","M","$","E","R","E","T","M","R","E","M","M","R","BOSS","M","$","?","M","?","R","E","$","T","E"],"build_version":"2018-12-20","purchased_purges":2,"victory":false,"max_hp_per_floor":[80,80,80,80,80,80,80,80,80,80,80,80,80,80,80,80,80,80,80,80,80,80,80,80,80,80,80],"card_choices":[{"not_picked":["Clash","Heavy Blade"],"picked":"Reckless Charge","floor":1.0},{"not_picked":["Thunderclap","Wild Strike"],"picked":"Shrug It Off","floor":4.0},{"not_picked":["Power Through","Cleave"],"picked":"Spot Weakness","floor":6.0},{"not_picked":["Flex","Anger"],"picked":"Shrug It Off","floor":8.0},{"not_picked":["Entrench","Shrug It Off"],"picked":"Ghostly Armor","floor":10.0},{"not_picked":["Intimidate","Perfected Strike"],"picked":"Reckless Charge","floor":12.0},{"not_picked":["Ghostly Armor","Bloodletting"],"picked":"Shockwave","floor":13.0},{"not_picked":["Spot Weakness","Clash"],"picked":"Clothesline","floor":14.0},{"not_picked":["Wild Strike","Clash+1"],"picked":"Shrug It Off","floor":18.0},{"not_picked":["Flex","Thunderclap"],"picked":"Twin Strike","floor":21.0},{"not_picked":["Warcry+1","Perfected Strike"],"picked":"Armaments","floor":22},{"not_picked":["Iron Wave","Seeing Red"],"picked":"Dual Wield+1","floor":24}],"player_experience":155343,"relics_obtained":[{"floor":6.0,"key":"Anchor"},{"floor":8.0,"key":"Incense Burner"},{"floor":9.0,"key":"Whetstone"},{"floor":12.0,"key":"Darkstone Periapt"},{"floor":24,"key":"PreservedInsect"}],"event_choices":[{"damage_healed":0.0,"max_hp_gain":0.0,"max_hp_loss":0.0,"gold_gain":0.0,"event_name":"Living Wall","player_choice":"Grow","floor":2.0,"gold_loss":0.0,"damage_taken":0.0,"cards_upgraded":["Bash"]},{"damage_healed":0.0,"max_hp_gain":0.0,"max_hp_loss":0.0,"gold_gain":275.0,"event_name":"Golden Shrine","player_choice":"Desecrate","floor":3.0,"gold_loss":0.0,"damage_taken":0.0,"cards_obtained":["Regret"]},{"damage_healed":0.0,"max_hp_gain":0.0,"max_hp_loss":0.0,"gold_gain":0.0,"event_name":"The Woman in Blue","player_choice":"Bought 1 Potion","floor":20.0,"gold_loss":0.0,"damage_taken":0.0}],"is_beta":false,"boss_relics":[{"not_picked":["Pandora\u0027s Box","Mark of Pain"],"picked":"Philosopher\u0027s Stone"}],"items_purged_floors":[5,25],"is_endless":false,"potions_floor_spawned":[6,10,13,16,21,22],"killed_by":"Gremlin Leader","ascension_level":7}