{"gold_per_floor":[114,39,58,58,58,91,91,122,122,132,132,132,143,169,169,264,264,281,301,2,2,14,32,32,67,67,21,21,82,82,94,94,198,198,216,316,316,326,91,91,116,129,153,183,53,53,65,75,75,75],"floor_reached":51,"playtime":3935,"items_purged":["Strike_R","Defend_R"],"score":1385,"play_id":"c36a555e-1e5c-4841-8a31-a7aa5e403c10","local_time":"20190130110719","is_ascension_mode":true,"campfire_choices":[{"floor":7.0,"key":"REST"},{"data":"Bloodletting","floor":11.0,"key":"SMITH"},{"floor":15.0,"key":"REST"},{"data":"Battle Trance","floor":24.0,"key":"SMITH"},{"floor":30.0,"key":"REST"},{"data":"Pommel Strike","floor":32.0,"key":"SMITH"},{"floor":40.0,"key":"RECALL"},{"floor":46,"key":"REST"},{"floor":49,"key":"REST"}],"neow_cost":"TEN_PERCENT_HP_LOSS","seed_source_timestamp":4703007068177,"circlet_count":0,"master_deck":["AscendersBane","Defend_R","Defend_R","Bash+1","Battle Trance+1","Bloodletting+1","Rampage+1","Shockwave","Double Tap","Pommel Strike+1","Shrug It Off","True Grit+1","Flash of Steel"],"special_seed":0,"relics":["Burning Blood","Kunai","Happy Flower","Meat on the Bone","Whetstone","Empty Cage","Bottled Flame","Mercury Hourglass","Potion Belt","Darkstone Periapt","Tiny Chest","Fusion Hammer","StoneCalendar","Smiling Mask","Boot","Ancient Tea Set","Gambling Chip"],"potions_floor_usage":[44,50,50],"damage_taken":[{"damage":8.0,"enemies":"Jaw Worm","floor":1.0,"turns":4.0},{"damage":8.0,"enemies":"Small Slimes","floor":3.0,"turns":4.0},{"damage":46.0,"enemies":"Lagavulin","floor":6.0,"turns":7.0},{"damage":25.0,"enemies":"Gremlin Nob","floor":8.0,"turns":4.0},{"damage":4.0,"enemies":"Cultist","floor":10.0,"turns":3.0},{"damage":6.0,"enemies":"Gremlin Gang","floor":13.0,"turns":4.0},{"damage":32.0,"enemies":"3 Sentries","floor":14.0,"turns":8.0},{"damage":13.0,"enemies":"Hexaghost","floor":16.0,"turns":7.0},{"damage":15.0,"enemies":"Shell Parasite","floor":18.0,"turns":3.0},{"damage":24.0,"enemies":"2 Thieves","floor":19.0,"turns":3.0},{"damage":20.0,"enemies":"Sentry and Sphere","floor":22.0,"turns":5.0},{"damage":8.0,"enemies":"Chosen and Byrds","floor":23.0,"turns":4.0},{"damage":37.0,"enemies":"Slavers","floor":25.0,"turns":6.0},{"damage":20.0,"enemies":"Book of Stabbing","floor":29.0,"turns":4.0},{"damage":13.0,"enemies":"Snake Plant","floor":31.0,"turns":2.0},{"damage":9.0,"enemies":"Champ","floor":33.0,"turns":4.0},{"damage":6.0,"enemies":"3 Shapes","floor":35.0,"turns":3.0},{"damage":0.0,"enemies":"Mind Bloom Boss Battle","floor":36.0,"turns":3.0},{"damage":6.0,"enemies":"Orb Walker","floor":38.0,"turns":4.0},{"damage":3,"enemies":"Giant Head","floor":41,"turns":4},{"damage":6,"enemies":"Spire Growth","floor":42,"turns":3},{"damage":22,"enemies":"Nemesis","floor":44,"turns":5},{"damage":3,"enemies":"4 Shapes","floor":47,"turns":4},{"damage":6,"enemies":"Writhing Mass","floor":48,"turns":3},{"damage":25,"enemies":"Awakened One","floor":50,"turns":6}],"seed_played":"-8512824470679382531","potions_obtained":[{"floor":1.0,"key":"LiquidBronze"},{"floor":6.0,"key":"Energy Potion"},{"floor":14.0,"key":"Swift Potion"},{"floor":16.0,"key":"AttackPotion"},{"floor":23.0,"key":"Poison Potion"},{"floor":25.0,"key":"Swift Potion"},{"floor":31.0,"key":"FairyPotion"},{"floor":36.0,"key":"Swift Potion"},{"floor":38.0,"key":"LiquidBronze"}],"is_trial":false,"path_per_floor":["M","$","M","?","?","E","R","E","T","M","R","?","M","E","R","B",null,"M","M","$","?","M","M","R","E","T","$","?","E","R","M","R","B",null,"M","?","?","M","$","R","E","M","T","E","?","R","M","M","R","B",null],"character_chosen":"IRONCLAD","items_purchased":["Bottled Flame","SpeedPotion","Shrug It Off","Flash of Steel","FearPotion"],"campfire_rested":5,"item_purchase_floors":[20,20,27,39,39],"current_hp_per_floor":[70,70,68,54,59,19,42,23,23,37,37,37,49,35,58,51,71,62,56,56,56,54,52,52,33,33,33,33,31,54,47,47,56,72,72,77,77,77,77,77,77,77,77,61,61,77,77,77,77,58],"gold":75,"neow_bonus":"REMOVE_TWO","is_prod":false,"is_daily":false,"chose_seed":false,"campfire_upgraded":3,"win_rate":0,"timestamp":1548868039,"path_taken":["M","$","M","?","?","E","R","E","T","M","R","?","?","E","R","BOSS","M","?","$","?","M","M","R","E","T","?","?","E","R","M","R","BOSS","M","?","?","?","$","R","E","?","T","E","?","R","?","?","R","BOSS"],"build_version":"2019-01-23","purchased_purges":2,"victory":true,"max_hp_per_floor":[72,72,72,72,77,77,77,77,77,77,77,77,77,77,77,77,77,77,77,77,77,77,77,77,77,77,77,77,77,77,77,77,77,77,77,77,77,77,77,77,77,77,77,77,77,77,77,77,77,77],"card_choices":[{"not_picked":["Reckless Charge","Anger","Twin Strike"],"picked":"SKIP","floor":1.0},{"not_picked":["Dual Wield","Uppercut"],"picked":"Battle Trance","floor":3.0},{"not_picked":["Shrug It Off","Battle Trance"],"picked":"Bloodletting","floor":6.0},{"not_picked":["Havoc","Armaments"],"picked":"Rampage","floor":8.0},{"not_picked":["Pummel","Armaments","Rupture"],"picked":"SKIP","floor":10.0},{"not_picked":["Twin Strike","Carnage"],"picked":"Shockwave","floor":13.0},{"not_picked":["Armaments","Warcry","Barricade"],"picked":"SKIP","floor":14.0},{"not_picked":["Barricade","Berserk"],"picked":"Double Tap","floor":16.0},{"not_picked":["Sword Boomerang","True Grit"],"picked":"Pommel Strike","floor":18.0},{"not_picked":["Wild Strike","Clothesline","Twin Strike+1"],"picked":"SKIP","floor":19.0},{"not_picked":["Headbutt","Combust","Perfected Strike"],"picked":"SKIP","floor":22.0},{"not_picked":["Hemokinesis","Clash","Pommel Strike"],"picked":"SKIP","floor":23.0},{"not_picked":["Disarm","Uppercut","Sever Soul+1"],"picked":"SKIP","floor":25.0},{"not_picked":["Iron Wave","Clothesline","Pommel Strike"],"picked":"SKIP","floor":29.0},{"not_picked":["Armaments","Blood for Blood","Rampage+1"],"picked":"SKIP","floor":31.0},{"not_picked":["Dropkick+1","Dual Wield"],"picked":"True Grit+1","floor":35.0},{"not_picked":["Thunderclap","Wild Strike+1","Flex"],"picked":"SKIP","floor":38.0},{"not_picked":["Clash","Fire Breathing+1","Heavy Blade+1"],"picked":"SKIP","floor":41},{"not_picked":["Armaments","Cleave","Metallicize"],"picked":"SKIP","floor":42},{"not_picked":["Flex","Pommel Strike+1","Shrug It Off"],"picked":"SKIP","floor":44},{"not_picked":["Hemokinesis+1","Clash+1","Inflame+1"],"picked":"SKIP","floor":47},{"not_picked":["True Grit","Heavy Blade+1","Headbutt"],"picked":"SKIP","floor":48}],"player_experience":518347,"relics_obtained":[{"floor":6.0,"key":"Kunai"},{"floor":8.0,"key":"Happy Flower"},{"floor":9.0,"key":"Meat on the Bone"},{"floor":14.0,"key":"Whetstone"},{"floor":25.0,"key":"Mercury Hourglass"},{"floor":26.0,"key":"Potion Belt"},{"floor":29.0,"key":"Tiny Chest"},{"floor":36.0,"key":"StoneCalendar"},{"floor":41,"key":"Smiling Mask"},{"floor":43,"key":"Boot"},{"floor":44,"key":"Ancient Tea Set"}],"event_choices":[{"damage_healed":0.0,"max_hp_gain":0.0,"max_hp_loss":0.0,"gold_gain":0.0,"event_name":"Shining Light","player_choice":"Entered Light","floor":4.0,"gold_loss":0.0,"damage_taken":14.0,"cards_upgraded":["Strike_R","Strike_R"]},{"damage_healed":0.0,"max_hp_gain":5.0,"max_hp_loss":0.0,"gold_gain":0.0,"event_name":"Big Fish","player_choice":"Donut","floor":5.0,"gold_loss":0.0,"damage_taken":0.0},{"cards_removed":["Defend_R"],"damage_healed":0.0,"max_hp_gain":0.0,"max_hp_loss":0.0,"gold_gain":0.0,"event_name":"Bonfire Elementals","player_choice":"Offered Basic","floor":12.0,"gold_loss":0.0,"damage_taken":0.0},{"damage_healed":0.0,"max_hp_gain":0.0,"max_hp_loss":0.0,"gold_gain":0.0,"event_name":"Beggar","player_choice":"Ignored","floor":21.0,"gold_loss":0.0,"damage_taken":0.0},{"damage_healed":0.0,"max_hp_gain":0.0,"max_hp_loss":0.0,"gold_gain":0.0,"event_name":"The Mausoleum","player_choice":"Opened","floor":28.0,"gold_loss":0.0,"damage_taken":0.0,"relics_obtained":["Darkstone Periapt"]},{"damage_healed":0.0,"max_hp_gain":0.0,"max_hp_loss":0.0,"gold_gain":0.0,"event_name":"MindBloom","player_choice":"Fight","floor":36.0,"gold_loss":0.0,"damage_taken":0.0},{"damage_healed":0.0,"max_hp_gain":0.0,"max_hp_loss":0.0,"gold_gain":0.0,"event_name":"Wheel of Change","player_choice":"Full Heal","floor":37.0,"gold_loss":0.0,"damage_taken":0.0},{"damage_healed":0,"gold_gain":0,"player_choice":"Paid Gold","damage_taken":0,"relics_obtained":["Gambling Chip"],"max_hp_gain":0,"max_hp_loss":0,"event_name":"WeMeetAgain","floor":45,"gold_loss":130}],"is_beta":false,"boss_relics":[{"not_picked":["Runic Pyramid","Lizard Tail"],"picked":"Empty Cage"},{"not_picked":["Snecko Eye","Coffee Dripper"],"picked":"Fusion Hammer"}],"items_purged_floors":[2,39],"is_endless":false,"potions_floor_spawned":[1,6,14,16,23,25,31,36,38],"ascension_level":11}