{"gold_per_floor":[114,114,39,55,67,67,77,77,103,163,14,89,103,129,129,228,228,240,240,14,32,32,62,81,81,81,111,129,149,149,174,174,275,275,292,308,54,69,13,47,47,61,87,98,48,66,66,97,97,97],"floor_reached":51,"playtime":5313,"items_purged":["Writhe","Strike_R","Strike_R+1","Strike_R+1","Strike_R+1"],"score":1226,"play_id":"f6919db1-6286-4369-9564-b0221f21f9be","local_time":"20190128210731","is_ascension_mode":true,"campfire_choices":[{"data":"Barricade","floor":6.0,"key":"SMITH"},{"data":"Evolve","floor":8.0,"key":"SMITH"},{"data":"Entrench","floor":15.0,"key":"SMITH"},{"data":"Body Slam","floor":25.0,"key":"SMITH"},{"floor":32.0,"key":"REST"},{"floor":41.0,"key":"REST"},{"floor":47,"key":"REST"},{"data":"Impervious","floor":49,"key":"SMITH"}],"neow_cost":"CURSE","seed_source_timestamp":0,"circlet_count":0,"master_deck":["AscendersBane","Strike_R+1","Defend_R+1","Defend_R+1","Defend_R+1","Defend_R+1","Bash","Barricade+1","Pummel+1","Immolate+1","Evolve+1","Body Slam+1","Entrench+1","Impervious+1","Wild Strike+1","Entrench+1","Shrug It Off+1","Rage+1","Exhume","Clothesline+1","Shockwave+1","Shrug It Off+1","Shrug It Off+1"],"special_seed":0,"relics":["Burning Blood","Whetstone","Bag of Marbles","Meat on the Bone","Black Star","Dodecahedron","Kunai","Shuriken","Regal Pillow","Dream Catcher","CultistMask","Omamori","Mercury Hourglass","Snecko Eye","Smiling Mask","Turnip","PreservedInsect","Ginger","Centennial Puzzle"],"potions_floor_usage":[50,50],"damage_taken":[{"damage":14.0,"enemies":"Jaw Worm","floor":1.0,"turns":4.0},{"damage":1.0,"enemies":"Cultist","floor":4.0,"turns":3.0},{"damage":0.0,"enemies":"Small Slimes","floor":5.0,"turns":1.0},{"damage":8.0,"enemies":"Blue Slaver","floor":7.0,"turns":2.0},{"damage":19.0,"enemies":"3 Sentries","floor":10.0,"turns":4.0},{"damage":2.0,"enemies":"Exordium Thugs","floor":13.0,"turns":3.0},{"damage":12.0,"enemies":"3 Sentries","floor":14.0,"turns":4.0},{"damage":23.0,"enemies":"Hexaghost","floor":16.0,"turns":12.0},{"damage":37.0,"enemies":"Shell Parasite","floor":18.0,"turns":7.0},{"damage":20.0,"enemies":"Chosen","floor":21.0,"turns":5.0},{"damage":11.0,"enemies":"Book of Stabbing","floor":23.0,"turns":6.0},{"damage":14.0,"enemies":"Snake Plant","floor":24.0,"turns":5.0},{"damage":30.0,"enemies":"Gremlin Leader","floor":27.0,"turns":11.0},{"damage":24.0,"enemies":"Chosen and Byrds","floor":28.0,"turns":5.0},{"damage":10.0,"enemies":"Cultist and Chosen","floor":29.0,"turns":9.0},{"damage":39.0,"enemies":"Slavers","floor":31.0,"turns":5.0},{"damage":27.0,"enemies":"Champ","floor":33.0,"turns":9.0},{"damage":0.0,"enemies":"Orb Walker","floor":35.0,"turns":3.0},{"damage":0.0,"enemies":"3 Darklings","floor":36.0,"turns":2.0},{"damage":6.0,"enemies":"Transient","floor":38.0,"turns":5.0},{"damage":19.0,"enemies":"Nemesis","floor":40.0,"turns":9.0},{"damage":0.0,"enemies":"Sphere and 2 Shapes","floor":42.0,"turns":8.0},{"damage":12,"enemies":"Spire Growth","floor":44,"turns":8},{"damage":23,"enemies":"4 Shapes","floor":46,"turns":7},{"damage":0,"enemies":"Giant Head","floor":48,"turns":6},{"damage":0,"enemies":"Donu and Deca","floor":50,"turns":7}],"seed_played":"5004255940839572797","potions_obtained":[{"floor":1.0,"key":"Weak Potion"},{"floor":5.0,"key":"Regen Potion"},{"floor":13.0,"key":"Block Potion"},{"floor":14.0,"key":"SkillPotion"},{"floor":16.0,"key":"AttackPotion"},{"floor":18.0,"key":"Block Potion"},{"floor":28.0,"key":"Weak Potion"},{"floor":31.0,"key":"SkillPotion"},{"floor":35.0,"key":"Poison Potion"},{"floor":36.0,"key":"SneckoOil"},{"floor":38.0,"key":"SpeedPotion"}],"is_trial":false,"path_per_floor":["M","?","$","M","M","R","M","R","T","?","$","?","M","E","R","B",null,"M","?","$","M","$","E","M","R","T","E","M","M","?","E","R","B",null,"M","M","$","M","?","E","R","M","T","M","$","M","R","E","R","B",null],"character_chosen":"IRONCLAD","items_purchased":["Block Potion","Swift Potion","Poison Potion","Dexterity Potion","FearPotion"],"campfire_rested":3,"item_purchase_floors":[11,20,20,37,37],"current_hp_per_floor":[64,64,64,69,75,75,73,73,73,72,72,61,65,59,59,54,74,55,55,55,53,53,48,52,52,52,40,34,42,42,21,60,51,73,79,80,80,80,80,67,80,80,80,74,74,57,80,80,80,80],"gold":97,"neow_bonus":"THREE_RARE_CARDS","is_prod":false,"is_daily":false,"chose_seed":false,"campfire_upgraded":5,"win_rate":0,"timestamp":1548731251,"path_taken":["M","?","$","M","?","R","M","R","T","?","$","?","M","E","R","BOSS","M","?","$","M","?","E","M","R","T","E","M","M","?","E","R","BOSS","M","?","$","M","?","E","R","M","T","M","$","?","R","E","R","BOSS"],"build_version":"2019-01-23","purchased_purges":5,"victory":true,"max_hp_per_floor":[80,80,80,80,80,80,80,80,80,80,80,80,80,80,80,80,80,80,80,80,80,80,80,80,80,80,80,80,80,80,80,80,80,80,80,80,80,80,80,80,80,80,80,80,80,80,80,80,80,80],"card_choices":[{"not_picked":["Berserk","Bludgeon"],"picked":"Barricade","floor":0.0},{"not_picked":["Havoc","Dual Wield"],"picked":"Pummel","floor":1.0},{"not_picked":["Armaments","Sword Boomerang","Spot Weakness"],"picked":"SKIP","floor":4.0},{"not_picked":["Evolve","Fire Breathing","Bloodletting"],"picked":"SKIP","floor":5.0},{"not_picked":["Rampage","Clash"],"picked":"Body Slam","floor":7.0},{"not_picked":["True Grit","Sword Boomerang"],"picked":"Entrench","floor":13.0},{"not_picked":["Juggernaut","Spot Weakness","Seeing Red"],"picked":"SKIP","floor":14.0},{"not_picked":["Limit Break","Exhume"],"picked":"Impervious","floor":16.0},{"not_picked":["Flex","Headbutt","Searing Blow"],"picked":"SKIP","floor":18.0},{"not_picked":["Headbutt","Perfected Strike"],"picked":"Wild Strike+1","floor":21.0},{"not_picked":["Sword Boomerang+1","Seeing Red","Armaments"],"picked":"SKIP","floor":23.0},{"not_picked":["Double Tap","Cleave","Seeing Red"],"picked":"SKIP","floor":24.0},{"not_picked":["Evolve","Blood for Blood","Warcry"],"picked":"SKIP","floor":27.0},{"not_picked":["Havoc","Armaments+1"],"picked":"Entrench+1","floor":28.0},{"not_picked":["Wild Strike","Heavy Blade+1"],"picked":"Shrug It Off+1","floor":29.0},{"not_picked":["Pommel Strike","Evolve"],"picked":"Rage+1","floor":31.0},{"not_picked":["Feed","Juggernaut"],"picked":"Exhume","floor":33.0},{"not_picked":["Warcry","Pommel Strike"],"picked":"Clothesline+1","floor":35.0},{"not_picked":["True Grit","Body Slam+1","Havoc+1"],"picked":"SKIP","floor":36.0},{"not_picked":["Corruption","Pummel","Limit Break"],"picked":"SKIP","floor":38.0},{"not_picked":["Anger+1","Offering"],"picked":"Shockwave+1","floor":40.0},{"not_picked":["Heavy Blade","Wild Strike+1","Sword Boomerang"],"picked":"SKIP","floor":42.0},{"not_picked":["Anger","Wild Strike+1","Rupture+1"],"picked":"SKIP","floor":44},{"not_picked":["True Grit+1","Clothesline"],"picked":"Shrug It Off+1","floor":46},{"not_picked":["Havoc+1","Rupture"],"picked":"Shrug It Off+1","floor":48}],"player_experience":511148,"relics_obtained":[{"floor":9.0,"key":"Whetstone"},{"floor":14.0,"key":"Meat on the Bone"},{"floor":23.0,"key":"Dodecahedron"},{"floor":23.0,"key":"Kunai"},{"floor":26.0,"key":"Shuriken"},{"floor":27.0,"key":"Regal Pillow"},{"floor":27.0,"key":"Dream Catcher"},{"floor":31.0,"key":"Omamori"},{"floor":31.0,"key":"Mercury Hourglass"},{"floor":40.0,"key":"Turnip"},{"floor":40.0,"key":"PreservedInsect"},{"floor":48,"key":"Ginger"},{"floor":48,"key":"Centennial Puzzle"}],"event_choices":[{"damage_healed":0.0,"max_hp_gain":0.0,"max_hp_loss":0.0,"gold_gain":0.0,"event_name":"Match and Keep!","player_choice":"2 cards matched","floor":2.0,"gold_loss":0.0,"damage_taken":0.0,"cards_obtained":["Immolate","Evolve"]},{"damage_healed":0.0,"max_hp_gain":0.0,"max_hp_loss":0.0,"gold_gain":30.0,"event_name":"Dead Adventurer","player_choice":"Searched \u00273\u0027 times","floor":10.0,"gold_loss":0.0,"damage_taken":0.0,"relics_obtained":["Bag of Marbles"]},{"damage_healed":0.0,"max_hp_gain":0.0,"max_hp_loss":0.0,"gold_gain":75.0,"event_name":"World of Goop","player_choice":"Gather Gold","floor":12.0,"gold_loss":0.0,"damage_taken":11.0},{"damage_healed":0.0,"max_hp_gain":0.0,"max_hp_loss":0.0,"gold_gain":0.0,"event_name":"Back to Basics","player_choice":"Simplicity","floor":19.0,"gold_loss":0.0,"damage_taken":0.0,"cards_upgraded":["Strike_R","Strike_R","Strike_R","Strike_R","Defend_R","Defend_R","Defend_R","Defend_R"]},{"damage_healed":0.0,"max_hp_gain":0.0,"max_hp_loss":0.0,"gold_gain":0.0,"event_name":"FaceTrader","player_choice":"Trade","floor":30.0,"gold_loss":0.0,"damage_taken":0.0,"relics_obtained":["CultistMask"]},{"damage_healed":0.0,"max_hp_gain":0.0,"max_hp_loss":0.0,"gold_gain":0.0,"event_name":"WeMeetAgain","player_choice":"Paid Gold","floor":39.0,"gold_loss":56.0,"damage_taken":0.0,"relics_obtained":["Smiling Mask"]}],"is_beta":false,"boss_relics":[{"not_picked":["Lizard Tail","Black Blood"],"picked":"Black Star"},{"not_picked":["Pandora\u0027s Box","Eternal Feather"],"picked":"Snecko Eye"}],"items_purged_floors":[3,11,20,37,45],"is_endless":false,"potions_floor_spawned":[1,5,13,14,16,18,28,31,35,36,38,48],"ascension_level":10}