{"gold_per_floor":[115,39,56,56,66,66,92,111,111,36,36,64,64,83,83,182,182,197,272,290,138,138,168,168,195,249,262,282,282,296,330,330,425,425,438,448,458,333,352,387,387,419,419,448,448,468,468,418,418,418,418,418,270,303,303],"floor_reached":55,"playtime":3714,"items_purged":["Strike_G","Strike_G","Strike_G","Defend_G","Defend_G"],"score":865,"play_id":"b6795399-0423-44d4-b179-588addb4e282","local_time":"20190418204630","is_ascension_mode":true,"campfire_choices":[{"data":"Footwork","floor":6,"key":"SMITH"},{"floor":11,"key":"REST"},{"floor":15,"key":"REST"},{"data":"Footwork","floor":24,"key":"SMITH"},{"data":"Flechettes","floor":29,"key":"SMITH"},{"floor":32,"key":"RECALL"},{"data":"Strike_G","floor":41,"key":"PURGE"},{"floor":47,"key":"REST"},{"floor":49,"key":"REST"},{"data":"Neutralize","floor":52,"key":"SMITH"}],"neow_cost":"NONE","seed_source_timestamp":695696295287207,"circlet_count":0,"master_deck":["Defend_G","Defend_G+1","Survivor+1","Neutralize+1","Backflip","Flechettes","Footwork+1","Flechettes+1","Cloak And Dagger","Corpse Explosion+1","Doppelganger+1","Dash+1","Footwork+1","Cloak And Dagger+1","Deadly Poison+1","PiercingWail+1","Crippling Poison+1","Footwork+1","Footwork+1","Footwork+1","Dodge and Roll+1","Blur+1"],"relics":["Ring of the Snake","Gremlin Horn","Toxic Egg 2","Mercury Hourglass","Velvet Choker","Lantern","Letter Opener","Bronze Scales","Dodecahedron","Black Star","Peace Pipe","Ornamental Fan","Mummified Hand","Smiling Mask","War Paint","Frozen Egg 2","Ginger","Bag of Marbles","Bottled Flame"],"potions_floor_usage":[33],"damage_taken":[{"damage":6,"enemies":"2 Louse","floor":1,"turns":2},{"damage":0,"enemies":"Jaw Worm","floor":3,"turns":3},{"damage":1,"enemies":"Cultist","floor":5,"turns":4},{"damage":42,"enemies":"Gremlin Nob","floor":7,"turns":7},{"damage":0,"enemies":"Looter","floor":8,"turns":3},{"damage":16,"enemies":"3 Sentries","floor":12,"turns":10},{"damage":5,"enemies":"Lots of Slimes","floor":14,"turns":3},{"damage":20,"enemies":"Slime Boss","floor":16,"turns":11},{"damage":6,"enemies":"Chosen","floor":18,"turns":5},{"damage":0,"enemies":"3 Byrds","floor":20,"turns":2},{"damage":7,"enemies":"Gremlin Leader","floor":23,"turns":7},{"damage":7,"enemies":"Book of Stabbing","floor":25,"turns":6},{"damage":1,"enemies":"Snake Plant","floor":27,"turns":3},{"damage":0,"enemies":"Cultist and Chosen","floor":28,"turns":4},{"damage":9,"enemies":"Centurion and Healer","floor":30,"turns":2},{"damage":9,"enemies":"Slavers","floor":31,"turns":3},{"damage":18,"enemies":"Collector","floor":33,"turns":9},{"damage":0,"enemies":"Orb Walker","floor":35,"turns":3},{"damage":0,"enemies":"3 Darklings","floor":36,"turns":3},{"damage":0,"enemies":"Writhing Mass","floor":37,"turns":5},{"damage":1,"enemies":"Maw","floor":39,"turns":7},{"damage":20,"enemies":"Reptomancer","floor":40,"turns":5},{"damage":27,"enemies":"Giant Head","floor":42,"turns":10},{"damage":2,"enemies":"Nemesis","floor":44,"turns":7},{"damage":4,"enemies":"Sphere and 2 Shapes","floor":46,"turns":4},{"damage":43,"enemies":"Time Eater","floor":50,"turns":17},{"damage":26,"enemies":"Shield and Spear","floor":54,"turns":9},{"damage":49,"enemies":"The Heart","floor":55,"turns":3}],"seed_played":"-3662213116431396288","potions_obtained":[{"floor":1,"key":"FearPotion"},{"floor":7,"key":"AttackPotion"},{"floor":14,"key":"GamblersBrew"},{"floor":18,"key":"Poison Potion"},{"floor":33,"key":"SteroidPotion"},{"floor":35,"key":"Explosive Potion"}],"is_trial":false,"path_per_floor":["M","$","M","?","M","R","E","M","T","$","R","E","?","M","R","B",null,"M","?","M","$","?","E","R","E","T","M","M","R","M","E","R","B",null,"M","M","M","$","M","E","R","E","T","E","?","M","R","$","R","B",null,"R","$","E","B"],"character_chosen":"THE_SILENT","items_purchased":["Footwork","Cloak And Dagger+1","Footwork+1","Dodge and Roll+1"],"campfire_rested":4,"item_purchase_floors":[2,21,53,53],"current_hp_per_floor":[64,64,64,57,56,56,14,14,14,14,35,19,19,14,35,15,70,64,57,57,57,57,50,50,43,43,42,42,42,33,24,24,6,70,70,70,70,70,69,49,49,22,22,20,20,16,37,37,58,15,70,70,70,44,0],"gold":303,"neow_bonus":"THREE_CARDS","is_prod":false,"is_daily":false,"chose_seed":false,"campfire_upgraded":4,"win_rate":0,"timestamp":1555634790,"path_taken":["M","$","M","?","M","R","E","M","T","$","R","E","?","M","R","BOSS","M","?","?","$","?","E","R","E","T","?","M","R","M","E","R","BOSS","M","M","?","$","M","E","R","E","T","E","?","?","R","$","R","BOSS","R","$","E","BOSS"],"build_version":"2019-01-23","purchased_purges":5,"victory":false,"max_hp_per_floor":[70,70,70,70,70,70,70,70,70,70,70,70,70,70,70,70,70,70,70,70,70,70,70,70,70,70,70,70,70,70,70,70,70,70,70,70,70,70,70,70,70,70,70,70,70,70,70,70,70,70,70,70,70,70,70],"card_choices":[{"not_picked":["Catalyst","Prepared"],"picked":"Backflip","floor":0},{"not_picked":["Accuracy","Deflect"],"picked":"Flechettes","floor":1},{"not_picked":["Acrobatics","Slice"],"picked":"Flechettes","floor":3},{"not_picked":["Masterful Stab","Flying Knee"],"picked":"Cloak And Dagger","floor":5},{"not_picked":["Flying Knee","Tools of the Trade"],"picked":"Corpse Explosion","floor":7},{"not_picked":["Masterful Stab","Tactician+1","Riddle With Holes"],"picked":"SKIP","floor":8},{"not_picked":["Well Laid Plans","Dagger Throw","Sucker Punch"],"picked":"SKIP","floor":12},{"not_picked":["Distraction+1","Prepared+1","Tactician+1"],"picked":"SKIP","floor":14},{"not_picked":["Tools of the Trade","Wraith Form v2"],"picked":"Doppelganger+1","floor":16},{"not_picked":["Catalyst+1","Dagger Throw"],"picked":"Dash+1","floor":18},{"not_picked":["Bane","Masterful Stab"],"picked":"Footwork","floor":20},{"not_picked":["Slice","Caltrops+1"],"picked":"Deadly Poison+1","floor":23},{"not_picked":["Dodge and Roll+1","Corpse Explosion+1","Endless Agony"],"picked":"SKIP","floor":25},{"not_picked":["Well Laid Plans","Quick Slash+1","Outmaneuver+1"],"picked":"SKIP","floor":27},{"not_picked":["Sucker Punch","All Out Attack","Acrobatics+1"],"picked":"SKIP","floor":28},{"not_picked":["Well Laid Plans+1","Prepared+1"],"picked":"PiercingWail+1","floor":30},{"not_picked":["Sucker Punch","Underhanded Strike","Deadly Poison+1"],"picked":"SKIP","floor":31},{"not_picked":["Acrobatics+1","Endless Agony","Slice"],"picked":"SKIP","floor":35},{"not_picked":["Deflect+1","Terror+1","Poisoned Stab"],"picked":"SKIP","floor":36},{"not_picked":["Underhanded Strike","Dodge and Roll+1","Skewer+1"],"picked":"SKIP","floor":37},{"not_picked":["Prepared+1","A Thousand Cuts"],"picked":"Crippling Poison+1","floor":39},{"not_picked":["Accuracy","Dash","PiercingWail+1"],"picked":"SKIP","floor":40},{"not_picked":["PiercingWail+1","Flechettes"],"picked":"Footwork+1","floor":42},{"not_picked":["Malaise+1","Slice+1","Infinite Blades"],"picked":"SKIP","floor":44},{"not_picked":["Crippling Poison+1","Outmaneuver+1"],"picked":"Footwork+1","floor":46},{"not_picked":["Outmaneuver+1","Acrobatics+1"],"picked":"Blur+1","floor":54}],"player_experience":61241,"relics_obtained":[{"floor":7,"key":"Toxic Egg 2"},{"floor":12,"key":"Mercury Hourglass"},{"floor":23,"key":"Lantern"},{"floor":25,"key":"Letter Opener"},{"floor":26,"key":"Bronze Scales"},{"floor":31,"key":"Dodecahedron"},{"floor":40,"key":"Peace Pipe"},{"floor":40,"key":"Ornamental Fan"},{"floor":42,"key":"Mummified Hand"},{"floor":42,"key":"Smiling Mask"},{"floor":43,"key":"War Paint"},{"floor":44,"key":"Frozen Egg 2"},{"floor":44,"key":"Ginger"},{"floor":54,"key":"Bag of Marbles"},{"floor":54,"key":"Bottled Flame"}],"event_choices":[{"damage_healed":0,"gold_gain":0,"player_choice":"Success","damage_taken":7,"relics_obtained":["Gremlin Horn"],"max_hp_gain":0,"max_hp_loss":0,"event_name":"Scrap Ooze","floor":4,"gold_loss":0},{"damage_healed":0,"gold_gain":0,"player_choice":"Ignored","damage_taken":0,"max_hp_gain":0,"max_hp_loss":0,"event_name":"Shining Light","floor":13,"gold_loss":0},{"damage_healed":0,"gold_gain":75,"player_choice":"Touch","damage_taken":7,"max_hp_gain":0,"max_hp_loss":0,"event_name":"FaceTrader","floor":19,"gold_loss":0},{"cards_removed":["Strike_G"],"damage_healed":0,"gold_gain":0,"player_choice":"Offered Basic","damage_taken":0,"max_hp_gain":0,"max_hp_loss":0,"event_name":"Bonfire Elementals","floor":22,"gold_loss":0},{"cards_removed":["Defend_G"],"damage_healed":0,"gold_gain":0,"player_choice":"Purged","damage_taken":0,"max_hp_gain":0,"max_hp_loss":0,"event_name":"Purifier","floor":45,"gold_loss":0}],"is_beta":false,"boss_relics":[{"not_picked":["Philosopher\u0027s Stone","Pandora\u0027s Box"],"picked":"Velvet Choker"},{"not_picked":["Coffee Dripper","Tiny House"],"picked":"Black Star"}],"items_purged_floors":[10,21,38,48,53],"is_endless":false,"potions_floor_spawned":[1,7,14,18,27,30,33,35,37,39],"killed_by":"The Heart","ascension_level":1}