{"gold_per_floor":[118,118,131,147,158,185,185,185,234,234,261,261,280,99,99,201,201,217,142,6,6,17,17],"floor_reached":23,"playtime":1196,"items_purged":["Strike_B","Defend_B"],"score":358,"play_id":"9bc4a13e-c80d-4e99-a1af-4f7661f91e48","local_time":"20180807121859","is_ascension_mode":true,"campfire_choices":[{"data":"Go for the Eyes","floor":7,"key":"SMITH"},{"data":"Hyperbeam","floor":10,"key":"SMITH"},{"floor":15,"key":"REST"}],"neow_cost":"NONE","seed_source_timestamp":7232396021716,"circlet_count":0,"master_deck":["Strike_B","Strike_B","Defend_B","Defend_B","Zap+1","Dualcast+1","AscendersBane","Capacitor","Coolheaded","Go for the Eyes+1","Undo","Compile Driver","Hyperbeam+1","Cold Snap","Darkness","Defragment","Leap","Core Surge","Conserve Battery+1","Self Repair","Conserve Battery","Barrage"],"relics":["Cracked Core","Smiling Mask","Regal Pillow","Happy Flower","Ornamental Fan","Cursed Key"],"potions_floor_usage":[11,23],"damage_taken":[{"damage":0,"enemies":"Cultist","floor":1,"turns":4},{"damage":0,"enemies":"2 Louse","floor":3,"turns":3},{"damage":2,"enemies":"Jaw Worm","floor":4,"turns":3},{"damage":7,"enemies":"2 Fungi Beasts","floor":5,"turns":3},{"damage":14,"enemies":"3 Sentries","floor":6,"turns":8},{"damage":0,"enemies":"Gremlin Nob","floor":11,"turns":3},{"damage":17,"enemies":"Lots of Slimes","floor":13,"turns":3},{"damage":21,"enemies":"The Guardian","floor":16,"turns":9},{"damage":22,"enemies":"Shell Parasite","floor":18,"turns":5},{"damage":13,"enemies":"2 Thieves","floor":22,"turns":4},{"damage":37,"enemies":"Slavers","floor":23,"turns":4}],"seed_played":"87318537401300785","potions_obtained":[{"floor":3,"key":"Swift Potion"},{"floor":6,"key":"Poison Potion"},{"floor":11,"key":"Dexterity Potion"},{"floor":13,"key":"Weak Potion"}],"is_trial":false,"path_per_floor":["M","?","M","M","M","E","R","?","T","R","E","?","M","$","R","B",null,"M","?","$","?","M"],"character_chosen":"DEFECT","items_purchased":["Defragment","Leap","Self Repair","Conserve Battery"],"campfire_rested":1,"item_purchase_floors":[14,14,20,20],"current_hp_per_floor":[68,68,68,66,59,45,45,45,45,45,45,33,16,16,53,32,64,42,42,42,42,36,0],"gold":17,"neow_bonus":"UPGRADE_CARD","is_prod":false,"is_daily":false,"chose_seed":false,"campfire_upgraded":2,"win_rate":0,"timestamp":1533669539,"path_taken":["M","?","M","M","M","E","R","?","T","R","E","?","M","$","R","BOSS","M","?","$","?","?","E"],"build_version":"2018-08-02","purchased_purges":2,"victory":false,"max_hp_per_floor":[75,75,75,75,75,75,75,75,75,75,75,75,75,75,75,75,75,75,75,75,75,75,75],"card_choices":[{"not_picked":["Streamline","Turbo"],"picked":"Capacitor","floor":1},{"not_picked":["Barrage","Conserve Battery"],"picked":"Coolheaded","floor":3},{"not_picked":["Double Energy","Steam"],"picked":"Go for the Eyes","floor":4},{"not_picked":["Steam","White Noise"],"picked":"Undo","floor":5},{"not_picked":["Sunder","All For One"],"picked":"Compile Driver","floor":6},{"not_picked":["Capacitor","Force Field"],"picked":"Cold Snap","floor":11},{"not_picked":["Beam Cell","Gash"],"picked":"Darkness","floor":13},{"not_picked":["Amplify","Hyperbeam"],"picked":"Core Surge","floor":16},{"not_picked":["Go for the Eyes","Rebound"],"picked":"Conserve Battery+1","floor":18},{"not_picked":["BootSequence","Compile Driver"],"picked":"Barrage","floor":22}],"player_experience":720740,"relics_obtained":[{"floor":6,"key":"Smiling Mask"},{"floor":9,"key":"Regal Pillow"},{"floor":11,"key":"Happy Flower"}],"event_choices":[{"event_name":"Upgrade Shrine","player_choice":"Upgraded","floor":2,"damage_taken":0},{"event_name":"Living Wall","player_choice":"Change","floor":8,"damage_taken":0},{"event_name":"Scrap Ooze","player_choice":"success","floor":12,"damage_taken":12},{"event_name":"Beggar","player_choice":"Gave Gold","floor":19,"damage_taken":0},{"event_name":"Ghosts","player_choice":"Ignored","floor":21,"damage_taken":0}],"is_beta":false,"boss_relics":[{"not_picked":["Busted Crown","Black Star"],"picked":"Cursed Key"}],"items_purged_floors":[14,20],"is_endless":false,"potions_floor_spawned":[3,6,11,13,16,22],"killed_by":"Slavers","ascension_level":12}