{"gold_per_floor":[116,116,128,303,318,348,348,360,360,376,125,142,142,157,157,262,262,280,32,32,32,46,77,77,0,27,52,52,69,93,110,110,110],"floor_reached":33,"playtime":2915,"items_purged":["Doubt"],"score":373,"play_id":"23fcd063-e60b-451e-83ea-d337c178577d","local_time":"20190122104407","is_ascension_mode":true,"campfire_choices":[{"data":"Demon Form","floor":7.0,"key":"SMITH"},{"data":"Body Slam","floor":13.0,"key":"SMITH"},{"data":"Shrug It Off","floor":15.0,"key":"SMITH"},{"data":"Seeing Red","floor":24.0,"key":"SMITH"},{"data":"Seeing Red","floor":28.0,"key":"SMITH"},{"floor":32,"key":"REST"}],"neow_cost":"NONE","seed_source_timestamp":0,"circlet_count":0,"master_deck":["Strike_R","Strike_R","Strike_R","Defend_R","Defend_R","Defend_R","Defend_R","Bash+1","Clothesline","Rampage","Demon Form+1","Seeing Red+1","Body Slam+1","Headbutt","Shrug It Off+1","Pommel Strike","Spot Weakness","Disarm","Shockwave+1","Flex","Seeing Red+1","Headbutt","Offering","Shrug It Off+1","Clothesline+1"],"special_seed":0,"relics":["Burning Blood","NeowsBlessing","Pen Nib","Pantograph","Runic Cube","Kunai","Pear","Orichalcum","Juzu Bracelet","PreservedInsect"],"potions_floor_usage":[31,33],"damage_taken":[{"damage":0.0,"enemies":"Jaw Worm","floor":1.0,"turns":1.0},{"damage":0.0,"enemies":"Cultist","floor":3.0,"turns":1.0},{"damage":0.0,"enemies":"2 Louse","floor":5.0,"turns":1.0},{"damage":25.0,"enemies":"3 Sentries","floor":6.0,"turns":8.0},{"damage":6.0,"enemies":"2 Fungi Beasts","floor":8.0,"turns":4.0},{"damage":6.0,"enemies":"Looter","floor":10.0,"turns":3.0},{"damage":16.0,"enemies":"Blue Slaver","floor":12.0,"turns":3.0},{"damage":0.0,"enemies":"Large Slime","floor":14.0,"turns":3.0},{"damage":23.0,"enemies":"The Guardian","floor":16.0,"turns":7.0},{"damage":14.0,"enemies":"Spheric Guardian","floor":18.0,"turns":4.0},{"damage":8.0,"enemies":"Colosseum Slavers","floor":21.0,"turns":6.0},{"damage":15.0,"enemies":"3 Byrds","floor":22.0,"turns":7.0},{"damage":41.0,"enemies":"Book of Stabbing","floor":23.0,"turns":5.0},{"damage":27.0,"enemies":"Slavers","floor":27.0,"turns":5.0},{"damage":6.0,"enemies":"Sentry and Sphere","floor":29.0,"turns":4.0},{"damage":7,"enemies":"Centurion and Healer","floor":31,"turns":7},{"damage":74,"enemies":"Automaton","floor":33,"turns":6}],"seed_played":"-5375861995198790350","potions_obtained":[{"floor":5.0,"key":"Explosive Potion"},{"floor":8.0,"key":"EssenceOfSteel"},{"floor":10.0,"key":"Poison Potion"},{"floor":16.0,"key":"BloodPotion"},{"floor":22.0,"key":"SpeedPotion"},{"floor":29.0,"key":"Block Potion"}],"is_trial":false,"path_per_floor":["M","?","M","?","M","E","R","M","T","M","$","M","R","M","R","B",null,"M","$","?","?","M","E","E","R","?","T","E","R","M","T","M","R","B"],"character_chosen":"IRONCLAD","items_purchased":["Headbutt","Shrug It Off","Block Potion","Pommel Strike","Kunai"],"campfire_rested":1,"item_purchase_floors":[11,11,11,11,19],"current_hp_per_floor":[78,78,80,80,80,61,61,61,61,61,61,51,51,57,57,63,76,68,68,68,66,57,32,32,32,32,20,20,20,20,19,46,0],"gold":110,"neow_bonus":"THREE_ENEMY_KILL","is_prod":false,"is_daily":false,"chose_seed":false,"campfire_upgraded":5,"win_rate":0,"timestamp":1548150247,"path_taken":["M","?","?","?","M","E","R","M","T","M","$","M","R","M","R","BOSS","M","$","?","?","M","E","R","?","T","E","R","M","?","M","R","BOSS"],"build_version":"2018-12-20","purchased_purges":1,"victory":false,"max_hp_per_floor":[80,80,80,80,80,80,80,80,80,80,80,80,80,80,80,80,80,80,80,80,80,80,90,90,90,90,90,90,90,90,90,90,90],"card_choices":[{"not_picked":["Heavy Blade","Sentinel","Perfected Strike"],"picked":"SKIP","floor":1.0},{"not_picked":["Havoc","Dual Wield"],"picked":"Clothesline","floor":3.0},{"not_picked":["Twin Strike","Offering"],"picked":"Rampage","floor":5.0},{"not_picked":["Flex","Headbutt"],"picked":"Demon Form","floor":6.0},{"not_picked":["Blood for Blood","Havoc"],"picked":"Seeing Red","floor":8.0},{"not_picked":["Sword Boomerang","Clash"],"picked":"Body Slam","floor":10.0},{"not_picked":["Pummel","Blood for Blood"],"picked":"Spot Weakness","floor":12.0},{"not_picked":["True Grit","Clash"],"picked":"Disarm","floor":14.0},{"not_picked":["Evolve","Reckless Charge+1"],"picked":"Shockwave+1","floor":18.0},{"not_picked":["Body Slam","Perfected Strike"],"picked":"Headbutt","floor":22.0},{"not_picked":["Wild Strike","Evolve"],"picked":"Offering","floor":23.0},{"not_picked":["Perfected Strike","Pommel Strike"],"picked":"Shrug It Off+1","floor":27.0},{"not_picked":["Clash","Thunderclap","Havoc"],"picked":"SKIP","floor":29.0},{"not_picked":["Twin Strike","True Grit"],"picked":"Clothesline+1","floor":31}],"player_experience":86678,"relics_obtained":[{"floor":6.0,"key":"Pen Nib"},{"floor":9.0,"key":"Pantograph"},{"floor":23.0,"key":"Pear"},{"floor":26.0,"key":"Orichalcum"},{"floor":27.0,"key":"Juzu Bracelet"},{"floor":30.0,"key":"PreservedInsect"}],"event_choices":[{"damage_healed":0.0,"max_hp_gain":0.0,"max_hp_loss":0.0,"gold_gain":0.0,"event_name":"Upgrade Shrine","player_choice":"Upgraded","floor":2.0,"gold_loss":0.0,"damage_taken":0.0,"cards_upgraded":["Bash"]},{"damage_healed":0.0,"max_hp_gain":0.0,"max_hp_loss":0.0,"gold_gain":175.0,"event_name":"Liars Game","player_choice":"AGREE","floor":4.0,"gold_loss":0.0,"damage_taken":0.0,"cards_obtained":["Doubt"]},{"damage_healed":0.0,"max_hp_gain":0.0,"max_hp_loss":0.0,"gold_gain":0.0,"cards_transformed":["Strike_R","Strike_R"],"event_name":"Drug Dealer","player_choice":"Became Test Subject","floor":20.0,"gold_loss":0.0,"damage_taken":0.0,"cards_obtained":["Flex","Seeing Red"]},{"damage_healed":0.0,"max_hp_gain":0.0,"max_hp_loss":0.0,"gold_gain":0.0,"event_name":"Colosseum","player_choice":"Fight","floor":21.0,"gold_loss":0.0,"damage_taken":0.0},{"damage_healed":0.0,"max_hp_gain":0.0,"max_hp_loss":0.0,"gold_gain":0.0,"event_name":"Colosseum","player_choice":"Fled From Nobs","floor":21.0,"gold_loss":0.0,"damage_taken":0.0},{"damage_healed":0.0,"max_hp_gain":0.0,"max_hp_loss":0.0,"gold_gain":0.0,"event_name":"Masked Bandits","player_choice":"Paid Fearfully","floor":25.0,"gold_loss":77.0,"damage_taken":0.0}],"is_beta":false,"boss_relics":[{"not_picked":["Orrery","Runic Pyramid"],"picked":"Runic Cube"}],"items_purged_floors":[11],"is_endless":false,"potions_floor_spawned":[5,8,10,16,22,29],"killed_by":"Automaton","ascension_level":6}