{"path_per_floor":["M","?","M","M","M","R","E","M","T","$","R","M","M","E","R","B",null,"M","M","M","?","$","R","?","M","T","M","E","M","M","M","R"],"character_chosen":"THE_SILENT","items_purchased":["Apotheosis","Snake Skull"],"gold_per_floor":[110,110,126,140,154,154,193,206,206,6,6,21,41,81,81,204,204,223,246,261,176,21,21,21,36,117,135,171,194,210,224,224,224],"floor_reached":33,"campfire_rested":3,"playtime":2079,"item_purchase_floors":[10,22],"current_hp_per_floor":[54,37,36,35,30,51,46,44,44,44,44,44,44,42,42,11,55,54,47,23,23,23,44,44,43,43,43,21,21,21,17,38,0],"items_purged":[],"gold":224,"score":442,"play_id":"7158bba4-c436-4f0d-94b5-954ab077f545","local_time":"20180524190914","is_prod":false,"is_daily":false,"chose_seed":false,"is_ascension_mode":true,"campfire_upgraded":2,"win_rate":0,"timestamp":1527214154,"campfire_choices":[{"floor":6,"key":"REST"},{"data":"Apotheosis","floor":11,"key":"SMITH"},{"data":"Backstab","floor":15,"key":"SMITH"},{"floor":23,"key":"REST"},{"floor":32,"key":"REST"}],"path_taken":["M","?","M","M","M","R","E","M","T","$","R","M","M","E","R","BOSS","M","M","M","?","$","R","?","M","T","M","E","M","?","M","R","BOSS"],"build_version":"2018-05-24","seed_source_timestamp":585316282158602,"purchased_purges":0,"victory":false,"master_deck":["Survivor","Neutralize","AscendersBane","Blur","Dash","Backstab+1","Dagger Throw","Terror","Backflip","Apotheosis+1","Flying Knee","Deflect","Flying Knee","Tools of the Trade","Outmaneuver","Backflip","Bane","All Out Attack","Deflect","Setup","Deflect","Outmaneuver","Poisoned Stab","Poisoned Stab","Backstab","Poisoned Stab+1","Leg Sweep","Footwork+1","Dodge and Roll+1","Bouncing Flask"],"max_hp_per_floor":[70,70,70,70,70,70,70,70,70,70,70,70,70,70,70,70,70,70,70,70,70,70,70,70,70,70,70,70,70,70,70,70,70],"relics":["Ring of the Snake","Bag of Marbles","Golden Idol","Unceasing Top","Art of War","Lantern","Pandora\u0027s Box","Ninja Scroll","Snake Skull","Dodecahedron","Potion Belt"],"card_choices":[{"not_picked":["Setup","Acrobatics"],"picked":"Blur","floor":1},{"not_picked":["Poisoned Stab","Prepared"],"picked":"Dash","floor":3},{"not_picked":["Dodge and Roll","Sucker Punch"],"picked":"Backstab","floor":4},{"not_picked":["Acrobatics","Masterful Stab"],"picked":"Dagger Throw","floor":5},{"not_picked":["Infinite Blades","Catalyst"],"picked":"Terror","floor":7},{"not_picked":["Envenom","Bane"],"picked":"Backflip","floor":8},{"not_picked":["Backflip","Eviscerate"],"picked":"Flying Knee","floor":12},{"not_picked":["Acrobatics","PiercingWail"],"picked":"Deflect","floor":13},{"not_picked":["Expertise","Prepared"],"picked":"Flying Knee","floor":14},{"not_picked":["Burst","Venomology"],"picked":"Tools of the Trade","floor":16},{"not_picked":["Flying Knee","PiercingWail+1"],"picked":"Backstab","floor":18},{"not_picked":["Terror","Blur"],"picked":"Poisoned Stab+1","floor":19},{"not_picked":["Accuracy","Sucker Punch+1"],"picked":"Leg Sweep","floor":20},{"not_picked":["Dodge and Roll","Acrobatics"],"picked":"Footwork+1","floor":25},{"not_picked":["Infinite Blades","Flechettes"],"picked":"Dodge and Roll+1","floor":27},{"not_picked":["Escape Plan","Bane"],"picked":"Bouncing Flask","floor":28},{"not_picked":["Accuracy","Unload","Leg Sweep"],"picked":"SKIP","floor":29},{"not_picked":["Outmaneuver","Dagger Throw+1","Bane+1"],"picked":"SKIP","floor":30},{"not_picked":["PiercingWail+1","Masterful Stab+1","Blur"],"picked":"SKIP","floor":31}],"player_experience":491254,"potions_floor_usage":[5,16,16,28,28,33,33],"damage_taken":[{"damage":9,"enemies":"Small Slimes","floor":1,"turns":4},{"damage":1,"enemies":"2 Louse","floor":3,"turns":2},{"damage":1,"enemies":"Cultist","floor":4,"turns":3},{"damage":5,"enemies":"Large Slime","floor":5,"turns":5},{"damage":5,"enemies":"3 Sentries","floor":7,"turns":9},{"damage":2,"enemies":"Red Slaver","floor":8,"turns":2},{"damage":0,"enemies":"Looter","floor":12,"turns":2},{"damage":0,"enemies":"Large Slime","floor":13,"turns":3},{"damage":2,"enemies":"Gremlin Nob","floor":14,"turns":4},{"damage":31,"enemies":"Slime Boss","floor":16,"turns":11},{"damage":1,"enemies":"Shell Parasite","floor":18,"turns":3},{"damage":7,"enemies":"Spheric Guardian","floor":19,"turns":4},{"damage":24,"enemies":"Snake Plant","floor":20,"turns":3},{"damage":1,"enemies":"3 Cultists","floor":25,"turns":4},{"damage":0,"enemies":"Centurion and Healer","floor":27,"turns":3},{"damage":22,"enemies":"Slavers","floor":28,"turns":7},{"damage":0,"enemies":"Snake Plant","floor":29,"turns":3},{"damage":0,"enemies":"Sentry and Sphere","floor":30,"turns":4},{"damage":4,"enemies":"Cultist and Chosen","floor":31,"turns":4},{"damage":46,"enemies":"Collector","floor":33,"turns":12}],"relics_obtained":[{"floor":7,"key":"Unceasing Top"},{"floor":9,"key":"Art of War"},{"floor":14,"key":"Lantern"},{"floor":26,"key":"Dodecahedron"},{"floor":28,"key":"Potion Belt"}],"event_choices":[{"event_name":"Golden Idol","player_choice":"Take Damage","floor":2,"damage_taken":0},{"event_name":"Addict","player_choice":"Obtained Relic","floor":21,"damage_taken":0},{"event_name":"Ghosts","player_choice":"Ignored","floor":24,"damage_taken":0}],"boss_relics":[{"not_picked":["Eternal Feather","White Beast Statue"],"picked":"Pandora\u0027s Box"}],"items_purged_floors":[],"potions_floor_spawned":[1,5,8,12,16,20,25,31],"seed_played":"4624358025944803934","killed_by":"Collector","ascension_level":11,"potions_obtained":[{"floor":1,"key":"AttackPotion"},{"floor":5,"key":"Poison Potion"},{"floor":8,"key":"Explosive Potion"},{"floor":12,"key":"SkillPotion"},{"floor":16,"key":"EssenceOfSteel"},{"floor":20,"key":"Block Potion"},{"floor":31,"key":"GamblersBrew"}],"is_trial":false}