{"gold_per_floor":[112,112,112,126,56,56,84,109,109,121,151,179,179,191,191,294,294,307,406,406,425,425,451,451,479,479,102,102,102,102,17,17,117,117,127,145,194,194,194,223,223,254,323,356,356,356,369,18,18,18],"floor_reached":51,"playtime":2156,"items_purged":["Strike_R","Writhe"],"score":965,"play_id":"6c73c3c4-c43e-43f8-ad5e-fa65309e6d47","local_time":"20180811181048","is_ascension_mode":true,"campfire_choices":[{"data":"Uppercut","floor":6,"key":"SMITH"},{"data":"Flame Barrier","floor":13,"key":"SMITH"},{"data":"Fiend Fire","floor":15,"key":"SMITH"},{"data":"Immolate","floor":24,"key":"SMITH"},{"data":"Heavy Blade","floor":32,"key":"SMITH"},{"floor":41,"key":"REST"},{"floor":46,"key":"REST"},{"floor":49,"key":"REST"}],"neow_cost":"","seed_source_timestamp":0,"circlet_count":0,"master_deck":["Strike_R","Strike_R+1","Strike_R+1","Defend_R","Defend_R","Defend_R","Bash+1","Entrench","Flame Barrier+1","Uppercut+1","Fiend Fire+1","Flame Barrier+1","Blood for Blood","Immolate+1","Heavy Blade+1","Dark Embrace","Bludgeon"],"relics":["Snecko Eye","Anchor","Juzu Bracelet","Toxic Egg 2","Omamori","Paper Frog","Cursed Key","Centennial Puzzle","Lantern","Red Skull","Sling","Enchiridion","Bag of Marbles","Fusion Hammer","Champion Belt","Whetstone","Bag of Preparation","Bottled Lightning","Matryoshka","Medical Kit"],"potions_floor_usage":[23,23,25,40,50,50],"damage_taken":[{"damage":1,"enemies":"Jaw Worm","floor":1,"turns":4},{"damage":0,"enemies":"Cultist","floor":4,"turns":4},{"damage":15,"enemies":"Gremlin Nob","floor":7,"turns":4},{"damage":0,"enemies":"Small Slimes","floor":10,"turns":2},{"damage":0,"enemies":"Lagavulin","floor":12,"turns":4},{"damage":0,"enemies":"Blue Slaver","floor":14,"turns":2},{"damage":0,"enemies":"Slime Boss","floor":16,"turns":10},{"damage":0,"enemies":"3 Byrds","floor":18,"turns":2},{"damage":0,"enemies":"2 Thieves","floor":21,"turns":2},{"damage":12,"enemies":"Slavers","floor":23,"turns":3},{"damage":0,"enemies":"Book of Stabbing","floor":25,"turns":3},{"damage":20,"enemies":"Automaton","floor":33,"turns":5},{"damage":0,"enemies":"3 Shapes","floor":35,"turns":1},{"damage":0,"enemies":"Flame Bruiser 1 Orb","floor":36,"turns":1},{"damage":0,"floor":37,"turns":3},{"damage":2,"enemies":"Nemesis","floor":40,"turns":4},{"damage":6,"enemies":"Giant Head","floor":42,"turns":3},{"damage":0,"enemies":"Nemesis","floor":44,"turns":1},{"damage":0,"enemies":"4 Shapes","floor":47,"turns":1},{"damage":22,"enemies":"Awakened One","floor":50,"turns":8}],"seed_played":"5877469440940468049","potions_obtained":[{"floor":4,"key":"GamblersBrew"},{"floor":12,"key":"BloodPotion"},{"floor":16,"key":"Energy Potion"},{"floor":18,"key":"SteroidPotion"},{"floor":23,"key":"Fruit Juice"},{"floor":40,"key":"Strength Potion"}],"is_trial":true,"path_per_floor":["M","?","?","M","$","R","E","T","T","M","?","E","R","M","R","B",null,"M","?","?","M","?","E","R","E","T","$","?","?","?","?","R","B",null,"M","M","?","?","?","E","R","E","T","E","?","R","M","$","R","B"],"character_chosen":"IRONCLAD","items_purchased":["Uppercut","Sling","SteroidPotion","Block Potion","Medical Kit","Dexterity Potion"],"campfire_rested":3,"item_purchase_floors":[5,27,27,27,48,48],"current_hp_per_floor":[79,79,79,79,79,79,64,64,64,64,64,64,64,64,64,64,80,80,80,80,80,80,68,68,73,73,73,57,57,57,57,57,37,85,85,85,85,85,85,83,85,79,79,79,85,85,85,85,85,63],"gold":18,"neow_bonus":"","is_prod":false,"is_daily":false,"chose_seed":false,"campfire_upgraded":5,"win_rate":0,"timestamp":1534029048,"path_taken":["M","?","?","?","$","R","E","?","T","M","?","E","R","M","R","BOSS","M","?","?","M","?","E","R","E","T","$","?","?","?","?","R","BOSS","M","M","?","?","?","E","R","E","T","E","?","R","M","$","R","BOSS"],"build_version":"2018-08-09","purchased_purges":2,"victory":true,"max_hp_per_floor":[80,80,80,80,80,80,80,80,80,80,80,80,80,80,80,80,80,80,80,80,80,80,80,80,85,85,85,85,85,85,85,85,85,85,85,85,85,85,85,85,85,85,85,85,85,85,85,85,85,85],"card_choices":[{"not_picked":["True Grit","Shrug It Off"],"picked":"Entrench","floor":1},{"not_picked":["Entrench","Pommel Strike"],"picked":"Flame Barrier","floor":4},{"not_picked":["Wild Strike","Entrench"],"picked":"Fiend Fire","floor":7},{"not_picked":["Clothesline","Heavy Blade"],"picked":"Flame Barrier+1","floor":10},{"not_picked":["Pommel Strike","Whirlwind","Perfected Strike"],"picked":"SKIP","floor":12},{"not_picked":["Armaments+1","Rupture"],"picked":"Blood for Blood","floor":14},{"not_picked":["Double Tap+1","Brutality"],"picked":"Immolate","floor":16},{"not_picked":["Perfected Strike","Sentinel+1"],"picked":"Heavy Blade","floor":18},{"not_picked":["Fire Breathing+1","Feel No Pain+1","Dropkick"],"picked":"SKIP","floor":21},{"not_picked":["Fire Breathing+1","Feel No Pain+1","Dropkick"],"picked":"SKIP","floor":21},{"not_picked":["Rampage+1","Shrug It Off+1","Bloodletting+1"],"picked":"SKIP","floor":23},{"not_picked":["Pommel Strike","Iron Wave+1","Cleave"],"picked":"SKIP","floor":25},{"not_picked":["Feed","Offering+1"],"picked":"Dark Embrace","floor":33},{"not_picked":["Havoc+1","Metallicize","Iron Wave"],"picked":"SKIP","floor":35},{"not_picked":["Uppercut+1","Warcry+1","Spot Weakness+1"],"picked":"SKIP","floor":36},{"not_picked":["Intimidate+1","Clash"],"picked":"Bludgeon","floor":40},{"not_picked":["Clash","Sword Boomerang","Iron Wave+1"],"picked":"SKIP","floor":42},{"not_picked":["Iron Wave+1","Thunderclap","Headbutt"],"picked":"SKIP","floor":44},{"not_picked":["Clash","Wild Strike+1","Headbutt+1"],"picked":"SKIP","floor":47}],"player_experience":337804,"relics_obtained":[{"floor":7,"key":"Anchor"},{"floor":8,"key":"Juzu Bracelet"},{"floor":9,"key":"Toxic Egg 2"},{"floor":12,"key":"Paper Frog"},{"floor":23,"key":"Centennial Puzzle"},{"floor":25,"key":"Lantern"},{"floor":26,"key":"Red Skull"},{"floor":28,"key":"Enchiridion"},{"floor":37,"key":"Champion Belt"},{"floor":40,"key":"Whetstone"},{"floor":42,"key":"Bag of Preparation"},{"floor":43,"key":"Bottled Lightning"},{"floor":44,"key":"Matryoshka"}],"event_choices":[{"event_name":"Upgrade Shrine","player_choice":"Upgraded","floor":2,"damage_taken":0},{"event_name":"The Woman in Blue","player_choice":"Bought 0 Potions","floor":3,"damage_taken":0},{"event_name":"Dead Adventurer","player_choice":"Searched \u00273\u0027 times","floor":11,"damage_taken":0},{"event_name":"Nest","player_choice":"Stole From Cult","floor":19,"damage_taken":0},{"event_name":"Ghosts","player_choice":"Ignored","floor":20,"damage_taken":0},{"event_name":"Purifier","player_choice":"One Purge","floor":22,"damage_taken":0},{"event_name":"Cursed Tome","player_choice":"Obtained Book","floor":28,"damage_taken":0},{"event_name":"Vampires","player_choice":"Ignored","floor":29,"damage_taken":0},{"event_name":"Drug Dealer","player_choice":"Ignored","floor":30,"damage_taken":0},{"event_name":"Addict","player_choice":"Obtained Relic","floor":31,"damage_taken":0},{"event_name":"Mysterious Sphere","player_choice":"Fight","floor":37,"damage_taken":0},{"event_name":"Tomb of Lord Red Mask","player_choice":"Ignored","floor":38,"damage_taken":0},{"event_name":"Falling","player_choice":"Removed Skill","floor":39,"damage_taken":0},{"event_name":"Winding Halls","player_choice":"Writhe","floor":45,"damage_taken":0}],"is_beta":false,"boss_relics":[{"not_picked":["Calling Bell","Pandora\u0027s Box"],"picked":"Cursed Key"},{"not_picked":["Empty Cage","Runic Dome"],"picked":"Fusion Hammer"}],"items_purged_floors":[27,48],"is_endless":false,"potions_floor_spawned":[4,12,16,18,23,33,40,44],"ascension_level":1}