{"gold_per_floor":[113,288,308,318,336,336,13,27,27,27,62,62,125,154,154,257,257,243,243,63,63,83,110,110,121,121,121,121,121,147,147,147,246,246,257,276,43,43,57,84,84,116,116,0,0,10,10,25,25,25,25,25,25,56,56],"floor_reached":55,"playtime":5126,"items_purged":["Doubt","Strike_R+1"],"score":1179,"play_id":"5102d8a8-dbc1-4504-a8cc-ebe19fa16567","local_time":"20190126180530","is_ascension_mode":true,"campfire_choices":[{"data":"Bash","floor":6.0,"key":"SMITH"},{"floor":12.0,"key":"REST"},{"data":"Entrench","floor":15.0,"key":"SMITH"},{"data":"Brutality","floor":24.0,"key":"SMITH"},{"data":"True Grit","floor":27.0,"key":"SMITH"},{"data":"Rupture","floor":32.0,"key":"SMITH"},{"data":"Limit Break","floor":41.0,"key":"SMITH"},{"floor":45.0,"key":"RECALL"},{"data":"Exhume","floor":47.0,"key":"SMITH"},{"data":"Metallicize","floor":49.0,"key":"SMITH"},{"data":"Combust","floor":52.0,"key":"SMITH"}],"neow_cost":"PERCENT_DAMAGE","seed_source_timestamp":20301948862585,"circlet_count":0,"master_deck":["Strike_R+1","Strike_R+1","Strike_R+1","Strike_R+1","Defend_R+1","Defend_R+1","Defend_R+1","Defend_R+1","Bash+1","Offering","Ghostly Armor","Disarm","Anger","Flame Barrier","Anger","Entrench+1","Brutality+1","Pummel","Impervious+1","Metallicize+1","Battle Trance+1","Shame","Body Slam+1","Flex+1","True Grit+1","Rupture+1","Combust+1","Limit Break+1","Iron Wave+1","Heavy Blade+1","Metallicize+1","Exhume+1","Writhe","Combust+1","Heavy Blade+1","Inflame+1"],"special_seed":0,"relics":["Burning Blood","Ornamental Fan","FossilizedHelix","Pocketwatch","Ice Cream","Bottled Flame","Pantograph","Runic Cube","Matryoshka","Blue Candle","War Paint","Gremlin Horn","Bronze Scales","Mercury Hourglass","Frozen Egg 2","Eternal Feather","Shuriken","Potion Belt","Red Mask","Centennial Puzzle"],"potions_floor_usage":[],"damage_taken":[{"damage":1.0,"enemies":"Cultist","floor":1.0,"turns":3.0},{"damage":13.0,"enemies":"Jaw Worm","floor":3.0,"turns":5.0},{"damage":13.0,"enemies":"Small Slimes","floor":4.0,"turns":6.0},{"damage":6.0,"enemies":"Looter","floor":5.0,"turns":3.0},{"damage":5.0,"enemies":"Blue Slaver","floor":8.0,"turns":6.0},{"damage":5.0,"enemies":"3 Sentries","floor":11.0,"turns":8.0},{"damage":14.0,"enemies":"Lagavulin Event","floor":13.0,"turns":5.0},{"damage":12.0,"enemies":"Gremlin Nob","floor":14.0,"turns":4.0},{"damage":36.0,"enemies":"Slime Boss","floor":16.0,"turns":12.0},{"damage":20.0,"enemies":"2 Thieves","floor":18.0,"turns":4.0},{"damage":2.0,"enemies":"3 Byrds","floor":22.0,"turns":5.0},{"damage":16.0,"enemies":"Book of Stabbing","floor":23.0,"turns":4.0},{"damage":18.0,"enemies":"Snecko","floor":25.0,"turns":8.0},{"damage":10.0,"enemies":"Gremlin Leader","floor":30.0,"turns":5.0},{"damage":20.0,"enemies":"Automaton","floor":33.0,"turns":6.0},{"damage":12.0,"enemies":"3 Shapes","floor":35.0,"turns":3.0},{"damage":11.0,"enemies":"3 Darklings","floor":36.0,"turns":4.0},{"damage":20.0,"enemies":"4 Shapes","floor":39.0,"turns":5.0},{"damage":20.0,"enemies":"Giant Head","floor":40.0,"turns":5.0},{"damage":21.0,"enemies":"Nemesis","floor":42.0,"turns":5.0},{"damage":31.0,"enemies":"Spire Growth","floor":46.0,"turns":5.0},{"damage":30.0,"enemies":"Maw","floor":48.0,"turns":6.0},{"damage":44.0,"enemies":"Donu and Deca","floor":50.0,"turns":7.0},{"damage":46.0,"enemies":"Shield and Spear","floor":54.0,"turns":5.0},{"damage":65,"enemies":"The Heart","floor":55,"turns":4}],"seed_played":"-8341346842883057013","potions_obtained":[{"floor":1.0,"key":"GamblersBrew"},{"floor":11.0,"key":"GamblersBrew"},{"floor":14.0,"key":"SkillPotion"},{"floor":22.0,"key":"AttackPotion"},{"floor":25.0,"key":"Energy Potion"},{"floor":30.0,"key":"BloodPotion"},{"floor":40.0,"key":"Fire Potion"},{"floor":42.0,"key":"Weak Potion"},{"floor":46.0,"key":"Block Potion"}],"is_trial":false,"path_per_floor":["M","?","M","M","M","R","$","M","T","?","E","R","?","E","R","B",null,"M","?","$","?","M","E","R","M","T","R","?","?","E","T","R","B",null,"M","M","$","?","M","E","R","E","T","?","R","M","R","M","R","B",null,"R","$","E","B"],"character_chosen":"IRONCLAD","items_purchased":["Ornamental Fan","Battle Trance","Metallicize+1","Exhume","SpeedPotion"],"campfire_rested":1,"item_purchase_floors":[7,20,37,37,37],"current_hp_per_floor":[56,56,49,42,42,42,42,43,43,10,11,35,27,21,21,16,64,50,50,50,50,54,44,44,32,32,32,32,32,28,28,28,39,70,64,59,59,79,65,51,69,54,54,54,75,50,71,47,68,50,73,80,80,40,0],"gold":56,"neow_bonus":"THREE_RARE_CARDS","is_prod":false,"is_daily":false,"chose_seed":false,"campfire_upgraded":9,"win_rate":0,"timestamp":1548547530,"path_taken":["M","?","M","M","M","R","$","M","T","?","E","R","?","E","R","BOSS","M","?","$","?","M","E","R","M","T","R","?","?","E","?","R","BOSS","M","M","$","?","M","E","R","E","T","?","R","M","R","M","R","BOSS","R","$","E","BOSS"],"build_version":"2019-01-23","purchased_purges":2,"victory":false,"max_hp_per_floor":[80,80,80,80,80,80,80,80,80,80,80,80,80,80,80,80,80,80,80,80,80,80,80,80,80,80,80,80,80,80,80,80,80,80,80,80,80,80,80,80,80,80,80,80,80,80,80,80,80,80,80,80,80,80,80],"card_choices":[{"not_picked":["Feed","Immolate"],"picked":"Offering","floor":0.0},{"not_picked":["Rage","Clash"],"picked":"Ghostly Armor","floor":1.0},{"not_picked":["Body Slam","Evolve"],"picked":"Disarm","floor":3.0},{"not_picked":["Evolve","Body Slam"],"picked":"Anger","floor":4.0},{"not_picked":["Body Slam","Wild Strike"],"picked":"Flame Barrier","floor":5.0},{"not_picked":["Headbutt","Havoc"],"picked":"Anger","floor":8.0},{"not_picked":["Warcry","Havoc"],"picked":"Entrench","floor":11.0},{"not_picked":["Anger","Twin Strike"],"picked":"Brutality","floor":13.0},{"not_picked":["Heavy Blade","Carnage"],"picked":"Pummel","floor":14.0},{"not_picked":["Brutality","Bludgeon"],"picked":"Impervious","floor":16.0},{"not_picked":["Cleave+1","Headbutt"],"picked":"Metallicize","floor":18.0},{"not_picked":["Iron Wave","Reckless Charge"],"picked":"Body Slam+1","floor":22.0},{"not_picked":["Heavy Blade","Reckless Charge"],"picked":"Flex+1","floor":23.0},{"not_picked":["Carnage","Anger"],"picked":"True Grit","floor":25.0},{"not_picked":["Clothesline+1","Second Wind"],"picked":"Combust","floor":30.0},{"not_picked":["Berserk+1","Bludgeon"],"picked":"Limit Break","floor":33.0},{"not_picked":["Clothesline","Pummel"],"picked":"Iron Wave+1","floor":35.0},{"not_picked":["Flex+1","Uppercut+1"],"picked":"Heavy Blade+1","floor":36.0},{"not_picked":["Body Slam","Sword Boomerang","Corruption+1"],"picked":"SKIP","floor":39.0},{"not_picked":["Body Slam","Sword Boomerang","Corruption+1"],"picked":"SKIP","floor":39.0},{"not_picked":["Sever Soul","Flame Barrier+1"],"picked":"Combust+1","floor":40.0},{"not_picked":["Headbutt","Warcry"],"picked":"Heavy Blade+1","floor":42.0},{"not_picked":["Flex+1","Battle Trance"],"picked":"Inflame+1","floor":46.0},{"not_picked":["Sword Boomerang","Hemokinesis","Thunderclap+1"],"picked":"SKIP","floor":48.0},{"not_picked":["Shrug It Off","Heavy Blade+1","Perfected Strike+1"],"picked":"SKIP","floor":54.0}],"player_experience":503728,"relics_obtained":[{"floor":9.0,"key":"FossilizedHelix"},{"floor":11.0,"key":"Ice Cream"},{"floor":13.0,"key":"Bottled Flame"},{"floor":14.0,"key":"Pantograph"},{"floor":23.0,"key":"Blue Candle"},{"floor":26.0,"key":"War Paint"},{"floor":26.0,"key":"Gremlin Horn"},{"floor":30.0,"key":"Bronze Scales"},{"floor":31.0,"key":"Mercury Hourglass"},{"floor":31.0,"key":"Frozen Egg 2"},{"floor":40.0,"key":"Shuriken"},{"floor":42.0,"key":"Potion Belt"},{"floor":54.0,"key":"Centennial Puzzle"}],"event_choices":[{"damage_healed":0.0,"max_hp_gain":0.0,"max_hp_loss":0.0,"gold_gain":175.0,"event_name":"Liars Game","player_choice":"AGREE","floor":2.0,"gold_loss":0.0,"damage_taken":0.0,"cards_obtained":["Doubt"]},{"damage_healed":0.0,"max_hp_gain":0.0,"max_hp_loss":0.0,"gold_gain":0.0,"event_name":"Scrap Ooze","player_choice":"Success","floor":10.0,"gold_loss":0.0,"damage_taken":33.0,"relics_obtained":["Pocketwatch"]},{"damage_healed":0.0,"max_hp_gain":0.0,"max_hp_loss":0.0,"gold_gain":0.0,"event_name":"Dead Adventurer","player_choice":"Searched \u00271\u0027 times","floor":13.0,"gold_loss":0.0,"damage_taken":0.0},{"damage_healed":0.0,"max_hp_gain":0.0,"max_hp_loss":0.0,"gold_gain":0.0,"event_name":"Back to Basics","player_choice":"Simplicity","floor":19.0,"gold_loss":0.0,"damage_taken":0.0,"cards_upgraded":["Strike_R","Strike_R","Strike_R","Strike_R","Strike_R","Defend_R","Defend_R","Defend_R","Defend_R"]},{"damage_healed":0.0,"max_hp_gain":0.0,"max_hp_loss":0.0,"gold_gain":0.0,"event_name":"Addict","player_choice":"Stole Relic","floor":21.0,"gold_loss":0.0,"damage_taken":0.0,"relics_obtained":["Matryoshka"],"cards_obtained":["Shame"]},{"damage_healed":0.0,"max_hp_gain":0.0,"max_hp_loss":0.0,"gold_gain":0.0,"event_name":"Vampires","player_choice":"Ignored","floor":28.0,"gold_loss":0.0,"damage_taken":0.0},{"damage_healed":0.0,"max_hp_gain":0.0,"max_hp_loss":0.0,"gold_gain":0.0,"event_name":"The Library","player_choice":"Read","floor":29.0,"gold_loss":0.0,"damage_taken":0.0,"cards_obtained":["Rupture"]},{"damage_healed":20.0,"max_hp_gain":0.0,"max_hp_loss":0.0,"gold_gain":0.0,"event_name":"Winding Halls","player_choice":"Writhe","floor":38.0,"gold_loss":0.0,"damage_taken":0.0,"cards_obtained":["Writhe"]},{"damage_healed":0.0,"max_hp_gain":0.0,"max_hp_loss":0.0,"gold_gain":0.0,"event_name":"Tomb of Lord Red Mask","player_choice":"Paid","floor":44.0,"gold_loss":116.0,"damage_taken":0.0,"relics_obtained":["Red Mask"]}],"is_beta":false,"boss_relics":[{"not_picked":["White Beast Statue","Runic Dome"],"picked":"Runic Cube"},{"not_picked":["Velvet Choker","Runic Pyramid"],"picked":"Eternal Feather"}],"items_purged_floors":[7,20],"is_endless":false,"potions_floor_spawned":[1,11,14,22,25,30,40,42,46],"killed_by":"The Heart","ascension_level":9}