{"gold_per_floor":[114,128,128,140,155,155,223,240,240,240,270,270,303,314,314,391,391,408,419,419],"floor_reached":20,"playtime":949,"items_purged":[],"score":390,"play_id":"e92928ef-ae58-4524-bf02-a5396158c006","local_time":"20180903201915","is_ascension_mode":true,"campfire_choices":[{"data":"Dualcast","floor":6,"key":"SMITH"},{"data":"Go for the Eyes","floor":10,"key":"SMITH"},{"data":"Loop","floor":12,"key":"SMITH"},{"floor":15,"key":"REST"}],"neow_cost":"","seed_source_timestamp":22325856917925,"circlet_count":0,"master_deck":["Strike_B","Strike_B","Strike_B+1","Strike_B","Defend_B","Defend_B","Defend_B","Defend_B","Zap+1","Dualcast+1","AscendersBane","Go for the Eyes+1","Coolheaded","Barrage","Ball Lightning","Sunder","Loop+1","Ball Lightning","Go for the Eyes","Electrodynamics","Leap"],"relics":["Cracked Core","Shuriken","Mango","Blood Vial","Bronze Scales","Nuclear Battery"],"potions_floor_usage":[8,11,20,20],"damage_taken":[{"damage":5,"enemies":"Small Slimes","floor":1,"turns":4},{"damage":4,"enemies":"2 Louse","floor":2,"turns":3},{"damage":7,"enemies":"Jaw Worm","floor":4,"turns":3},{"damage":5,"enemies":"Looter","floor":5,"turns":3},{"damage":5,"enemies":"Gremlin Gang","floor":8,"turns":4},{"damage":0,"enemies":"3 Sentries","floor":11,"turns":5},{"damage":16,"enemies":"Lagavulin","floor":13,"turns":5},{"damage":6,"enemies":"Large Slime","floor":14,"turns":5},{"damage":16,"enemies":"The Guardian","floor":16,"turns":9},{"damage":23,"enemies":"3 Byrds","floor":18,"turns":3},{"damage":35,"enemies":"Shell Parasite","floor":19,"turns":5},{"damage":21,"enemies":"Shelled Parasite and Fungi","floor":20,"turns":1}],"seed_played":"-9206251514975872751","potions_obtained":[{"floor":2,"key":"Block Potion"},{"floor":8,"key":"EssenceOfSteel"},{"floor":14,"key":"PowerPotion"},{"floor":16,"key":"Weak Potion"}],"is_trial":false,"path_per_floor":["M","M","?","M","M","R","T","M","T","R","E","R","E","M","R","B",null,"M","M"],"character_chosen":"DEFECT","items_purchased":[],"campfire_rested":1,"item_purchase_floors":[],"current_hp_per_floor":[59,55,34,27,22,22,22,17,31,31,31,31,17,13,38,24,70,49,16,0],"gold":419,"neow_bonus":"","is_prod":false,"is_daily":false,"chose_seed":false,"campfire_upgraded":3,"win_rate":0,"timestamp":1536031155,"path_taken":["M","M","?","M","M","R","?","M","T","R","E","R","E","M","R","BOSS","M","M","M"],"build_version":"2018-08-30","purchased_purges":0,"victory":false,"max_hp_per_floor":[71,71,71,71,71,71,71,71,85,85,85,85,85,85,85,85,85,85,85,85],"card_choices":[{"not_picked":["Streamline","Compile Driver"],"picked":"Go for the Eyes","floor":1},{"not_picked":["Stack","Go for the Eyes"],"picked":"Coolheaded","floor":2},{"not_picked":["Meteor Strike","Rebound"],"picked":"Barrage","floor":4},{"not_picked":["Gash","Beam Cell"],"picked":"Ball Lightning","floor":5},{"not_picked":["Rebound","Fission"],"picked":"Sunder","floor":8},{"not_picked":["Rebound","Gash"],"picked":"Loop","floor":11},{"not_picked":["Leap","Reboot"],"picked":"Ball Lightning","floor":13},{"not_picked":["Ball Lightning","Barrage"],"picked":"Go for the Eyes","floor":14},{"not_picked":["Meteor Strike","Buffer"],"picked":"Electrodynamics","floor":16},{"not_picked":["Go for the Eyes","Lockon","Beam Cell+1"],"picked":"SKIP","floor":18},{"not_picked":["Scrape","Rebound"],"picked":"Leap","floor":19}],"player_experience":820314,"relics_obtained":[{"floor":7,"key":"Shuriken"},{"floor":9,"key":"Mango"},{"floor":11,"key":"Blood Vial"},{"floor":13,"key":"Bronze Scales"}],"event_choices":[{"event_name":"Shining Light","player_choice":"Entered Light","floor":3,"damage_taken":0}],"is_beta":false,"boss_relics":[{"not_picked":["Calling Bell","FrozenCore"],"picked":"Nuclear Battery"}],"items_purged_floors":[],"is_endless":false,"potions_floor_spawned":[2,8,14,16,18],"killed_by":"Shelled Parasite and Fungi","ascension_level":17}