{"gold_per_floor":[531,24,136,246,366,366,68,68,184,296,410,410,104,104,104],"floor_reached":15,"playtime":1770,"items_purged":["Strike_R","Strike_R","Strike_R"],"score":1239,"play_id":"275567f1-8ba9-4aa3-bb6e-0c944e4f551f","local_time":"20190407200054","daily_mods":["Uncertain Future"],"is_ascension_mode":false,"campfire_choices":[{"floor":8.0,"key":"REST"},{"floor":14.0,"key":"REST"},{"floor":15,"key":"REST"}],"neow_cost":"","seed_source_timestamp":0,"circlet_count":0,"master_deck":["Defend_R","Defend_R","Defend_R","Defend_R","Bash","Flame Barrier+1","Metallicize+1","Clothesline+1","Intimidate+1","True Grit+1","Spot Weakness+1","Rampage+1","Inflame+1","Feel No Pain+1","True Grit+1","Corruption+1","Havoc+1","Shrug It Off+1","Warcry+1","True Grit+1","Uppercut+1","Juggernaut+1","Armaments+1","Feel No Pain+1","Feel No Pain+1","Panacea+1"],"special_seed":0,"relics":["Burning Blood","The Courier","Molten Egg 2","Toxic Egg 2","Frozen Egg 2","ClockworkSouvenir","Bag of Preparation","Kunai","Darkstone Periapt","Meat on the Bone","Fusion Hammer","Regal Pillow","Lantern","Art of War","Astrolabe"],"potions_floor_usage":[],"damage_taken":[{"damage":22.0,"enemies":"Hexaghost","floor":3.0,"turns":12.0},{"damage":32.0,"enemies":"Slime Boss","floor":4.0,"turns":13.0},{"damage":24.0,"enemies":"The Guardian","floor":5.0,"turns":13.0},{"damage":3.0,"enemies":"Champ","floor":9.0,"turns":9.0},{"damage":14.0,"enemies":"Automaton","floor":10.0,"turns":10.0},{"damage":14.0,"enemies":"Collector","floor":11.0,"turns":8.0},{"damage":0.0,"enemies":"Donu and Deca","floor":15.0,"turns":10.0}],"seed_played":"-8447945639530851517","potions_obtained":[{"floor":3.0,"key":"Fruit Juice"},{"floor":4.0,"key":"BloodPotion"},{"floor":5.0,"key":"Strength Potion"}],"is_trial":true,"path_per_floor":["$","$","M","M","M","T","$","R","M","M","M","T","$","R","M"],"character_chosen":"IRONCLAD","items_purchased":["Flame Barrier+1","Metallicize+1","EntropicBrew","Clothesline+1","Intimidate+1","True Grit+1","Spot Weakness+1","Rampage+1","Inflame+1","Feel No Pain+1","ClockworkSouvenir","Bag of Preparation","Corruption+1","Havoc+1","Shrug It Off+1","EntropicBrew","Feel No Pain+1","Feel No Pain+1","Panacea+1","PowerPotion","PowerPotion","SteroidPotion"],"campfire_rested":3,"item_purchase_floors":[1,1,1,1,1,1,1,2,2,2,2,2,7,7,7,7,13,13,13,13,13,13],"current_hp_per_floor":[80,80,69,43,33,33,33,58,61,53,57,57,57,85,85],"gold":104,"neow_bonus":"","is_prod":false,"is_daily":false,"chose_seed":false,"campfire_upgraded":0,"win_rate":0,"timestamp":1554685254,"path_taken":["$","$","M","M","M","T","$","R","M","M","M","T","$","R","M"],"build_version":"2019-01-23","purchased_purges":3,"victory":false,"max_hp_per_floor":[80,80,85,85,85,85,85,85,85,85,85,85,85,85,85],"card_choices":[{"not_picked":["Burning Pact+1","Power Through+1"],"picked":"True Grit+1","floor":3.0},{"not_picked":["Pommel Strike+1","Rampage+1"],"picked":"True Grit+1","floor":4.0},{"not_picked":["Thunderclap+1","Blood for Blood+1","Clothesline+1"],"picked":"SKIP","floor":5.0},{"not_picked":["Perfected Strike+1","Armaments+1","Burning Pact+1"],"picked":"SKIP","floor":9.0},{"not_picked":["Sentinel+1","Uppercut+1"],"picked":"Warcry+1","floor":10.0},{"not_picked":["Perfected Strike+1","Havoc+1"],"picked":"True Grit+1","floor":11.0}],"player_experience":703953,"relics_obtained":[{"floor":3.0,"key":"Kunai"},{"floor":4.0,"key":"Darkstone Periapt"},{"floor":5.0,"key":"Meat on the Bone"},{"floor":9.0,"key":"Regal Pillow"},{"floor":10.0,"key":"Lantern"},{"floor":11.0,"key":"Art of War"}],"event_choices":[],"is_beta":false,"boss_relics":[{"not_picked":["Empty Cage","Mark of Pain"],"picked":"Fusion Hammer"},{"not_picked":["Philosopher\u0027s Stone","Pandora\u0027s Box"],"picked":"Astrolabe"}],"items_purged_floors":[1,2,7],"is_endless":false,"potions_floor_spawned":[3,4,5],"ascension_level":0}