{"gold_per_floor":[119,135,148,223,242,242,11,29,29,57,76,76,76,110,110,208,208,220,232,232,3,3,37,37,57,81,81,181,200,231,231,231,335,335,350,26,39,49,63,63,111,111],"floor_reached":42,"playtime":2743,"items_purged":[],"score":473,"play_id":"eac121d1-f166-48f7-a3e0-1f88e51d2325","local_time":"20190415185718","is_ascension_mode":false,"campfire_choices":[{"data":"Storm","floor":6,"key":"SMITH"},{"floor":12,"key":"REST"},{"data":"Machine Learning","floor":15,"key":"SMITH"},{"floor":24,"key":"REST"},{"floor":32,"key":"REST"},{"floor":40,"key":"REST"}],"neow_cost":"NONE","seed_source_timestamp":430894271920759,"circlet_count":0,"master_deck":["Strike_B","Strike_B","Strike_B","Strike_B","Defend_B+1","Defend_B","Defend_B","Defend_B","Zap+1","Dualcast","Storm+1","Steam Power","Sunder","Steam","Heatsinks","FTL","Dark Shackles","Self Repair","Static Discharge","Static Discharge","Machine Learning+1","Amplify","Stack+1","Ball Lightning+1","Loop","Tempest","Double Energy","Double Energy+1","Hello World","Chaos+1","Creative AI","Undo+1","Storm","Coolheaded","Dramatic Entrance","White Noise","Defragment","Redo+1","Auto Shields"],"relics":["Cracked Core","NeowsBlessing","War Paint","Strawberry","Mercury Hourglass","Philosopher\u0027s Stone","Juzu Bracelet","Bird Faced Urn","Regal Pillow","Shovel","Question Card","Vajra","Ancient Tea Set","Inserter","Happy Flower","Prayer Wheel"],"potions_floor_usage":[10,16,16,41,41,41],"damage_taken":[{"damage":0,"enemies":"2 Louse","floor":1,"turns":1},{"damage":0,"enemies":"Jaw Worm","floor":2,"turns":1},{"damage":0,"enemies":"Cultist","floor":3,"turns":1},{"damage":14,"enemies":"Blue Slaver","floor":5,"turns":3},{"damage":15,"enemies":"Lots of Slimes","floor":8,"turns":3},{"damage":30,"enemies":"3 Sentries","floor":10,"turns":5},{"damage":10,"enemies":"3 Louse","floor":11,"turns":3},{"damage":4,"enemies":"Gremlin Nob","floor":14,"turns":4},{"damage":16,"enemies":"The Guardian","floor":16,"turns":7},{"damage":16,"enemies":"3 Byrds","floor":18,"turns":1},{"damage":0,"enemies":"Shell Parasite","floor":19,"turns":4},{"damage":46,"enemies":"Slavers","floor":23,"turns":4},{"damage":9,"enemies":"Snake Plant","floor":25,"turns":4},{"damage":27,"enemies":"Colosseum Slavers","floor":28,"turns":3},{"damage":20,"enemies":"Colosseum Nobs","floor":28,"turns":4},{"damage":3,"enemies":"Sentry and Sphere","floor":29,"turns":2},{"damage":29,"enemies":"Book of Stabbing","floor":30,"turns":3},{"damage":42,"enemies":"Collector","floor":33,"turns":8},{"damage":26,"enemies":"3 Shapes","floor":35,"turns":3},{"damage":36,"enemies":"Orb Walker","floor":37,"turns":4},{"damage":35,"enemies":"4 Shapes","floor":38,"turns":3},{"damage":34,"enemies":"Spire Growth","floor":39,"turns":4},{"damage":67,"enemies":"2 Orb Walkers","floor":41,"turns":4},{"damage":26,"enemies":"Jaw Worm Horde","floor":42,"turns":2}],"seed_played":"8825322631679496712","potions_obtained":[{"floor":1,"key":"FocusPotion"},{"floor":3,"key":"Weak Potion"},{"floor":8,"key":"SkillPotion"},{"floor":11,"key":"LiquidBronze"},{"floor":19,"key":"GamblersBrew"},{"floor":27,"key":"SmokeBomb"},{"floor":30,"key":"AttackPotion"},{"floor":33,"key":"Dexterity Potion"},{"floor":37,"key":"Fire Potion"},{"floor":39,"key":"FearPotion"},{"floor":41,"key":"FearPotion"}],"is_trial":false,"path_per_floor":["M","M","M","?","M","R","$","M","T","E","M","R","?","E","R","B",null,"M","M","?","$","?","E","R","M","T","?","?","M","E","?","R","B",null,"M","$","M","M","M","R","?","M"],"character_chosen":"DEFECT","items_purchased":["Heatsinks","FTL","Dark Shackles","Loop","Juzu Bracelet","Storm","Coolheaded","Dramatic Entrance","Happy Flower"],"campfire_rested":4,"item_purchase_floors":[7,7,7,21,21,36,36,36,36],"current_hp_per_floor":[75,75,75,64,50,50,50,35,35,19,16,40,40,43,43,34,82,73,80,80,80,64,18,44,50,50,50,41,50,31,31,72,62,87,80,80,62,39,25,66,15,0],"gold":111,"neow_bonus":"THREE_ENEMY_KILL","is_prod":false,"is_daily":false,"chose_seed":false,"campfire_upgraded":2,"win_rate":0.0,"timestamp":1555369038,"path_taken":["M","M","M","?","M","R","$","M","T","E","M","R","?","E","R","BOSS","M","M","?","$","?","E","R","M","T","?","?","M","E","?","R","BOSS","M","?","M","M","M","R","?","M"],"build_version":"2019-01-23","purchased_purges":0,"victory":false,"max_hp_per_floor":[75,75,75,75,75,75,75,75,75,82,82,82,82,82,82,82,82,82,82,82,82,87,87,87,87,87,87,87,87,87,87,87,87,87,87,87,87,87,87,87,87,87],"card_choices":[{"not_picked":["Steam Power","Go for the Eyes"],"picked":"Storm","floor":1},{"not_picked":["Auto Shields","Scrape"],"picked":"Steam Power","floor":2},{"not_picked":["Sweeping Beam","Hologram"],"picked":"Sunder","floor":3},{"not_picked":["Rip and Tear","Sweeping Beam"],"picked":"Steam","floor":5},{"not_picked":["Go for the Eyes","White Noise"],"picked":"Self Repair","floor":8},{"not_picked":["Coolheaded","Beam Cell"],"picked":"Static Discharge","floor":10},{"not_picked":["Streamline","Cold Snap"],"picked":"Static Discharge","floor":11},{"not_picked":["Blizzard","Gash"],"picked":"Machine Learning","floor":14},{"not_picked":["All For One","Biased Cognition"],"picked":"Amplify","floor":16},{"not_picked":["Lockon","Gash"],"picked":"Stack+1","floor":18},{"not_picked":["Cold Snap","Aggregate"],"picked":"Ball Lightning+1","floor":19},{"not_picked":["Go for the Eyes+1","Turbo+1"],"picked":"Tempest","floor":23},{"not_picked":["Blizzard+1","Skim"],"picked":"Double Energy","floor":25},{"not_picked":["Ball Lightning","Coolheaded"],"picked":"Double Energy+1","floor":28},{"not_picked":["Fission","Sunder","Scrape+1"],"picked":"Hello World","floor":29},{"not_picked":["Rebound","Beam Cell","Conserve Battery"],"picked":"Chaos+1","floor":30},{"not_picked":["Multi-Cast","Meteor Strike","Biased Cognition"],"picked":"Creative AI","floor":33},{"not_picked":["Sunder","Streamline+1","Rebound+1"],"picked":"Undo+1","floor":35},{"not_picked":["Undo+1","Compile Driver+1","Fusion+1"],"picked":"White Noise","floor":37},{"not_picked":["Gash+1","Darkness+1","Ball Lightning+1"],"picked":"Defragment","floor":38},{"not_picked":["Turbo","Beam Cell+1","Go for the Eyes+1"],"picked":"Redo+1","floor":39},{"not_picked":["Aggregate","Hologram","Fusion"],"picked":"Auto Shields","floor":41}],"player_experience":15064,"relics_obtained":[{"floor":9,"key":"War Paint"},{"floor":10,"key":"Strawberry"},{"floor":14,"key":"Mercury Hourglass"},{"floor":23,"key":"Bird Faced Urn"},{"floor":26,"key":"Regal Pillow"},{"floor":28,"key":"Shovel"},{"floor":28,"key":"Question Card"},{"floor":30,"key":"Vajra"},{"floor":41,"key":"Prayer Wheel"}],"event_choices":[{"damage_healed":0,"gold_gain":75,"player_choice":"Gather Gold","damage_taken":11,"max_hp_gain":0,"max_hp_loss":0,"event_name":"World of Goop","floor":4,"gold_loss":0},{"damage_healed":0,"gold_gain":0,"player_choice":"Ignored","damage_taken":0,"max_hp_gain":0,"max_hp_loss":0,"event_name":"Liars Game","floor":13,"gold_loss":0},{"damage_healed":0,"gold_gain":0,"player_choice":"Ignored","damage_taken":0,"max_hp_gain":0,"max_hp_loss":0,"event_name":"Ghosts","floor":20,"gold_loss":0},{"damage_healed":0,"gold_gain":0,"player_choice":"Shed Blood","damage_taken":21,"max_hp_gain":5,"max_hp_loss":0,"event_name":"Forgotten Altar","floor":22,"gold_loss":0},{"damage_healed":0,"gold_gain":0,"player_choice":"Got Potions","damage_taken":0,"max_hp_gain":0,"max_hp_loss":0,"event_name":"Lab","floor":27,"gold_loss":0},{"damage_healed":0,"gold_gain":0,"player_choice":"Fight","damage_taken":0,"max_hp_gain":0,"max_hp_loss":0,"event_name":"Colosseum","floor":28,"gold_loss":0},{"damage_healed":0,"gold_gain":0,"player_choice":"Fought Nobs","damage_taken":0,"max_hp_gain":0,"max_hp_loss":0,"event_name":"Colosseum","floor":28,"gold_loss":0},{"damage_healed":0,"gold_gain":0,"player_choice":"Gave Potion","damage_taken":0,"relics_obtained":["Ancient Tea Set"],"max_hp_gain":0,"max_hp_loss":0,"event_name":"WeMeetAgain","floor":31,"gold_loss":0},{"damage_healed":0,"gold_gain":0,"player_choice":"Fight","damage_taken":0,"max_hp_gain":0,"max_hp_loss":0,"event_name":"Mysterious Sphere","floor":41,"gold_loss":0}],"is_beta":false,"boss_relics":[{"not_picked":["Snecko Eye","Busted Crown"],"picked":"Philosopher\u0027s Stone"},{"not_picked":["Runic Dome","Sozu"],"picked":"Inserter"}],"items_purged_floors":[],"is_endless":false,"potions_floor_spawned":[1,3,8,11,19,28,30,33,37,39,41],"killed_by":"Jaw Worm Horde","ascension_level":0}