{"gold_per_floor":[111,111,126,126,136,166,177,177,222,6,34,34,68,84,84,184,184,201,201,201,1,1,1,1,17,17,17,17,30,30,59,59,164,164,179,54,54,68,68,68,103,103,103,103,103,0,100,110,110,110],"floor_reached":51,"playtime":2857,"items_purged":["Pain","Strike_B","Strike_B+1"],"score":1107,"play_id":"4ac5898c-8926-4f82-91fa-7597b47e0ddb","local_time":"20190215125815","is_ascension_mode":true,"campfire_choices":[{"data":"Zap","floor":8.0,"key":"SMITH"},{"data":"Loop","floor":12.0,"key":"SMITH"},{"data":"Darkness","floor":15.0,"key":"SMITH"},{"data":"Dualcast","floor":23.0,"key":"SMITH"},{"data":"Go for the Eyes","floor":28.0,"key":"SMITH"},{"data":"Hologram","floor":30.0,"key":"SMITH"},{"floor":32.0,"key":"REST"},{"data":"Buffer","floor":40.0,"key":"SMITH"},{"data":"Buffer","floor":42,"key":"SMITH"},{"data":"Loop","floor":44,"key":"SMITH"},{"floor":49,"key":"REST"}],"neow_cost":"CURSE","seed_source_timestamp":350369778198102,"circlet_count":0,"master_deck":["AscendersBane","Strike_B+1","Defend_B+1","Defend_B+1","Defend_B+1","Defend_B+1","Zap+1","Dualcast+1","Conserve Battery","BootSequence","Ball Lightning","Loop+1","Conserve Battery","Auto Shields","Leap","Compile Driver","Darkness+1","Core Surge","Go for the Eyes+1","Hologram+1","Turbo","Recycle+1","Loop+1","Buffer+1","Cold Snap+1","Buffer+1","Coolheaded+1"],"special_seed":0,"relics":["FrozenCore","FossilizedHelix","Juzu Bracelet","Regal Pillow","Pear","Shuriken","Nloth\u0027s Gift","Molten Egg 2","Vajra","Sozu","Letter Opener","Bottled Flame","FaceOfCleric","Red Mask","Emotion Chip"],"potions_floor_usage":[50],"damage_taken":[{"damage":2.0,"enemies":"Cultist","floor":1.0,"turns":4.0},{"damage":6.0,"enemies":"Jaw Worm","floor":3.0,"turns":4.0},{"damage":0.0,"enemies":"2 Louse","floor":5.0,"turns":3.0},{"damage":17.0,"enemies":"Lagavulin","floor":6.0,"turns":7.0},{"damage":1.0,"enemies":"Large Slime","floor":7.0,"turns":4.0},{"damage":17.0,"enemies":"Gremlin Nob","floor":11.0,"turns":5.0},{"damage":10.0,"enemies":"Lagavulin","floor":13.0,"turns":7.0},{"damage":0.0,"enemies":"2 Fungi Beasts","floor":14.0,"turns":4.0},{"damage":6.0,"enemies":"The Guardian","floor":16.0,"turns":9.0},{"damage":1.0,"enemies":"Spheric Guardian","floor":18.0,"turns":5.0},{"damage":0.0,"enemies":"3 Byrds","floor":25.0,"turns":6.0},{"damage":19.0,"enemies":"Snake Plant","floor":29.0,"turns":5.0},{"damage":5.0,"enemies":"Book of Stabbing","floor":31.0,"turns":6.0},{"damage":15.0,"enemies":"Champ","floor":33.0,"turns":10.0},{"damage":10.0,"enemies":"3 Darklings","floor":35.0,"turns":9.0},{"damage":0.0,"enemies":"Orb Walker","floor":38.0,"turns":5.0},{"damage":27,"enemies":"Nemesis","floor":41,"turns":9},{"damage":0,"enemies":"Mind Bloom Boss Battle","floor":47,"turns":10},{"damage":14,"enemies":"4 Shapes","floor":48,"turns":6},{"damage":59,"enemies":"Awakened One","floor":50,"turns":22}],"seed_played":"-4422410631267821563","potions_obtained":[{"floor":3.0,"key":"GamblersBrew"},{"floor":7.0,"key":"EssenceOfSteel"},{"floor":11.0,"key":"Fire Potion"},{"floor":29.0,"key":"PowerPotion"}],"is_trial":false,"path_per_floor":["M","T","M","?","M","E","M","R","T","$","E","R","E","M","R","B",null,"M","?","?","$","?","R","?","M","T","$","R","M","R","E","R","B",null,"M","$","?","M","?","R","E","R","T","R","?","?","?","M","R","B",null],"character_chosen":"DEFECT","items_purchased":["Conserve Battery","Auto Shields","Energy Potion","Hologram","Turbo"],"campfire_rested":2,"item_purchase_floors":[10,10,10,21,21],"current_hp_per_floor":[66,66,60,65,65,48,47,47,47,47,40,40,30,30,30,24,74,73,73,55,55,55,55,55,55,55,55,55,36,36,31,74,59,86,76,76,76,76,76,76,49,49,49,49,49,49,50,37,81,23],"gold":110,"neow_bonus":"ONE_RARE_RELIC","is_prod":false,"is_daily":false,"chose_seed":false,"campfire_upgraded":9,"win_rate":0,"timestamp":1550231895,"path_taken":["M","?","M","?","M","E","M","R","T","$","E","R","E","M","R","BOSS","M","?","?","$","?","R","?","M","T","$","R","M","R","E","R","BOSS","M","$","?","M","?","R","E","R","T","R","?","?","?","M","R","BOSS"],"build_version":"2019-01-23","purchased_purges":3,"victory":true,"max_hp_per_floor":[75,75,75,80,80,80,80,80,80,80,90,90,90,90,90,90,90,90,90,95,95,95,95,95,95,95,95,95,95,95,95,95,95,95,95,95,95,95,95,95,95,95,95,95,95,95,96,97,97,98],"card_choices":[{"not_picked":["Recycle","Sweeping Beam"],"picked":"Conserve Battery","floor":1.0},{"not_picked":["Steam Power","Leap"],"picked":"BootSequence","floor":3.0},{"not_picked":["Steam","Coolheaded"],"picked":"Ball Lightning","floor":5.0},{"not_picked":["BootSequence","Static Discharge","Rip and Tear"],"picked":"SKIP","floor":6.0},{"not_picked":["Cold Snap","Rainbow"],"picked":"Loop","floor":7.0},{"not_picked":["Sweeping Beam","Reprogram"],"picked":"Leap","floor":11.0},{"not_picked":["Sweeping Beam","Scrape"],"picked":"Compile Driver","floor":13.0},{"not_picked":["Barrage","Consume"],"picked":"Darkness","floor":14.0},{"not_picked":["Echo Form","Thunder Strike"],"picked":"Core Surge","floor":16.0},{"not_picked":["Streamline+1","Conserve Battery+1"],"picked":"Go for the Eyes","floor":18.0},{"not_picked":["Melter","Scrape"],"picked":"Recycle+1","floor":25.0},{"not_picked":["Stack","Lockon+1","Hello World"],"picked":"SKIP","floor":29.0},{"not_picked":["Leap","Cold Snap+1"],"picked":"Loop","floor":31.0},{"not_picked":["All For One+1","Meteor Strike+1"],"picked":"Buffer","floor":33.0},{"not_picked":["Go for the Eyes+1","Hello World+1","Leap"],"picked":"SKIP","floor":35.0},{"not_picked":["Melter+1","All For One+1"],"picked":"Cold Snap+1","floor":38.0},{"not_picked":["Cold Snap+1","Barrage+1"],"picked":"Buffer","floor":41},{"not_picked":["Sweeping Beam+1","Conserve Battery+1"],"picked":"Coolheaded+1","floor":48}],"player_experience":366759,"relics_obtained":[{"floor":2.0,"key":"Juzu Bracelet"},{"floor":6.0,"key":"Boot"},{"floor":9.0,"key":"Regal Pillow"},{"floor":11.0,"key":"Pear"},{"floor":13.0,"key":"Shuriken"},{"floor":26.0,"key":"Molten Egg 2"},{"floor":31.0,"key":"Vajra"},{"floor":41,"key":"Letter Opener"},{"floor":43,"key":"Bottled Flame"},{"floor":47,"key":"Emotion Chip"}],"event_choices":[{"damage_healed":0.0,"max_hp_gain":5.0,"max_hp_loss":0.0,"gold_gain":0.0,"event_name":"Big Fish","player_choice":"Donut","floor":4.0,"gold_loss":0.0,"damage_taken":0.0},{"damage_healed":0.0,"max_hp_gain":0.0,"max_hp_loss":0.0,"gold_gain":0.0,"event_name":"N\u0027loth","player_choice":"Traded Relic","floor":19.0,"relics_lost":["Boot"],"gold_loss":0.0,"damage_taken":0.0,"relics_obtained":["Nloth\u0027s Gift"]},{"damage_healed":0.0,"max_hp_gain":5.0,"max_hp_loss":0.0,"gold_gain":0.0,"event_name":"Forgotten Altar","player_choice":"Shed Blood","floor":20.0,"gold_loss":0.0,"damage_taken":23.0},{"damage_healed":0.0,"max_hp_gain":0.0,"max_hp_loss":0.0,"gold_gain":0.0,"event_name":"Ghosts","player_choice":"Ignored","floor":22.0,"gold_loss":0.0,"damage_taken":0.0},{"damage_healed":0.0,"max_hp_gain":0.0,"max_hp_loss":0.0,"gold_gain":0.0,"event_name":"Back to Basics","player_choice":"Simplicity","floor":24.0,"gold_loss":0.0,"damage_taken":0.0,"cards_upgraded":["Strike_B","Strike_B","Strike_B","Defend_B","Defend_B","Defend_B","Defend_B"]},{"cards_removed":["Strike_B"],"damage_healed":0.0,"max_hp_gain":0.0,"max_hp_loss":0.0,"gold_gain":0.0,"event_name":"Falling","player_choice":"Removed Attack","floor":37.0,"gold_loss":0.0,"damage_taken":0.0},{"damage_healed":0.0,"max_hp_gain":0.0,"max_hp_loss":0.0,"gold_gain":0.0,"event_name":"Mysterious Sphere","player_choice":"Ignored","floor":39.0,"gold_loss":0.0,"damage_taken":0.0},{"damage_healed":0,"gold_gain":0,"player_choice":"Trade","damage_taken":0,"relics_obtained":["FaceOfCleric"],"max_hp_gain":0,"max_hp_loss":0,"event_name":"FaceTrader","floor":45,"gold_loss":0},{"damage_healed":0,"gold_gain":0,"player_choice":"Paid","damage_taken":0,"relics_obtained":["Red Mask"],"max_hp_gain":0,"max_hp_loss":0,"event_name":"Tomb of Lord Red Mask","floor":46,"gold_loss":103},{"damage_healed":0,"gold_gain":0,"player_choice":"Fight","damage_taken":0,"max_hp_gain":0,"max_hp_loss":0,"event_name":"MindBloom","floor":47,"gold_loss":0}],"is_beta":false,"boss_relics":[{"not_picked":["Calling Bell","Pandora\u0027s Box"],"picked":"FrozenCore"},{"not_picked":["Coffee Dripper","Runic Pyramid"],"picked":"Sozu"}],"items_purged_floors":[10,21,36],"is_endless":false,"potions_floor_spawned":[3,7,11,14,16,18,29,35,38,47,48],"ascension_level":11}