{"path_per_floor":["M","$","M","M","?","R","E","R","T","E","M","M","$","M","R","B",null,"M","?","M","$","?","M","R","M","T","R","M","E","R","M","R"],"character_chosen":"THE_SILENT","items_purchased":["Poisoned Stab","Backstab","Snake Skull","Catalyst"],"gold_per_floor":[109,64,78,91,91,91,124,124,151,176,195,210,95,110,110,210,210,227,227,237,44,44,60,60,70,70,70,82,107,107,127,127,127],"floor_reached":33,"campfire_rested":3,"playtime":2246,"item_purchase_floors":[],"current_hp_per_floor":[65,65,65,65,65,65,51,51,51,44,35,32,32,32,55,35,67,67,67,67,67,67,61,61,60,60,60,54,25,48,35,58,0],"items_purged":["Normality"],"gold":127,"score":446,"play_id":"9c34c63c-f9a6-4b1d-9f25-55e3e6fc7734","local_time":"20180527212044","is_prod":false,"is_daily":false,"chose_seed":false,"is_ascension_mode":true,"campfire_upgraded":4,"win_rate":0,"timestamp":1527481244,"campfire_choices":[{"data":"Neutralize","floor":6.0,"key":"SMITH"},{"data":"Bane","floor":8.0,"key":"SMITH"},{"floor":15.0,"key":"REST"},{"data":"Malaise","floor":24.0,"key":"SMITH"},{"data":"Glass Knife","floor":27.0,"key":"SMITH"},{"floor":30,"key":"REST"},{"floor":32,"key":"REST"}],"path_taken":["M","$","M","M","?","R","E","R","T","E","M","M","$","M","R","BOSS","M","?","M","$","?","?","R","M","T","R","M","E","R","M","R","BOSS"],"build_version":"2018-05-24","seed_source_timestamp":0,"purchased_purges":1,"victory":false,"master_deck":["Defend_G+1","Defend_G+1","Defend_G+1","Defend_G+1","Defend_G+1","Strike_G+1","Strike_G+1","Strike_G+1","Strike_G+1","Strike_G+1","Survivor","Neutralize+1","AscendersBane","Backflip","Poisoned Stab","Poisoned Stab","Bane+1","Catalyst","Backstab","Deflect","Backstab","Deflect","Glass Knife+1","Malaise+1","Catalyst","Dash","Adrenaline"],"max_hp_per_floor":[77,77,77,77,77,77,77,77,77,77,77,77,77,77,77,77,77,77,77,77,77,77,77,77,77,77,77,77,77,77,77,77,77],"relics":["Ring of the Snake","Vajra","Bag of Preparation","Omamori","Kunai","Sozu","Snake Skull","Matryoshka","Potion Belt"],"card_choices":[{"not_picked":["Prepared","Expertise"],"picked":"Backflip","floor":1.0},{"not_picked":["Finisher","Sucker Punch","Dagger Throw"],"picked":"SKIP","floor":3.0},{"not_picked":["Quick Slash","Blur"],"picked":"Poisoned Stab","floor":4.0},{"not_picked":["Poisoned Stab","Cloak And Dagger"],"picked":"Bane","floor":7.0},{"not_picked":["Burst","Flying Knee"],"picked":"Catalyst","floor":10.0},{"not_picked":["Cloak And Dagger","Concentrate"],"picked":"Backstab","floor":11.0},{"not_picked":["Dagger Throw","Predator"],"picked":"Deflect","floor":12.0},{"not_picked":["PiercingWail","Prepared"],"picked":"Deflect","floor":14.0},{"not_picked":["Grand Finale","Burst"],"picked":"Glass Knife","floor":16.0},{"not_picked":["Endless Agony","Underhanded Strike","Outmaneuver"],"picked":"SKIP","floor":18.0},{"not_picked":["Flechettes","Backflip"],"picked":"Malaise","floor":20.0},{"not_picked":["Calculated Gamble","Dodge and Roll"],"picked":"Dash","floor":23.0},{"not_picked":["Underhanded Strike","Blade Dance","Terror"],"picked":"SKIP","floor":25.0},{"not_picked":["Underhanded Strike","Well Laid Plans","PiercingWail"],"picked":"SKIP","floor":28.0},{"not_picked":["Backflip","Sucker Punch","Dodge and Roll"],"picked":"SKIP","floor":29},{"not_picked":["Finisher","Accuracy"],"picked":"Adrenaline","floor":31}],"player_experience":530169,"potions_floor_usage":[29],"damage_taken":[{"damage":5.0,"enemies":"2 Louse","floor":1.0,"turns":4.0},{"damage":0.0,"enemies":"Cultist","floor":3.0,"turns":4.0},{"damage":0.0,"enemies":"Small Slimes","floor":4.0,"turns":5.0},{"damage":14.0,"enemies":"3 Sentries","floor":7.0,"turns":12.0},{"damage":7.0,"enemies":"Lagavulin","floor":10.0,"turns":6.0},{"damage":9.0,"enemies":"2 Fungi Beasts","floor":11.0,"turns":4.0},{"damage":3.0,"enemies":"3 Louse","floor":12.0,"turns":4.0},{"damage":0.0,"enemies":"Gremlin Gang","floor":14.0,"turns":5.0},{"damage":20.0,"enemies":"Slime Boss","floor":16.0,"turns":14.0},{"damage":0.0,"enemies":"3 Byrds","floor":18.0,"turns":5.0},{"damage":0.0,"enemies":"Spheric Guardian","floor":20.0,"turns":1.0},{"damage":6.0,"enemies":"Slaver and Parasite","floor":23.0,"turns":5.0},{"damage":1.0,"enemies":"3 Cultists","floor":25.0,"turns":6.0},{"damage":6.0,"enemies":"Sentry and Sphere","floor":28.0,"turns":6.0},{"damage":29,"enemies":"Gremlin Leader","floor":29,"turns":8},{"damage":13,"enemies":"Snecko","floor":31,"turns":4},{"damage":60,"enemies":"Collector","floor":33,"turns":8}],"relics_obtained":[{"floor":7.0,"key":"Bag of Preparation"},{"floor":9.0,"key":"Omamori"},{"floor":10.0,"key":"Kunai"},{"floor":26.0,"key":"Matryoshka"},{"floor":29,"key":"Potion Belt"}],"event_choices":[{"event_name":"Accursed Blacksmith","player_choice":"Rummage","floor":5.0,"damage_taken":0.0},{"event_name":"Vampires","player_choice":"Ignored","floor":19.0,"damage_taken":0.0},{"event_name":"Back to Basics","player_choice":"Simplicity","floor":22.0,"damage_taken":0.0}],"boss_relics":[],"items_purged_floors":[],"potions_floor_spawned":[7,11,12,16,18,23,28],"seed_played":"261100597613609962","killed_by":"Collector","ascension_level":12,"potions_obtained":[{"floor":7.0,"key":"PowerPotion"},{"floor":11.0,"key":"Block Potion"},{"floor":12.0,"key":"Fire Potion"},{"floor":16.0,"key":"Strength Potion"}],"is_trial":false}