{"path_per_floor":["M","M","M","M","M","R","?","$","T","M","$","R","E","?","R","B",null,"M","?","M","?"],"character_chosen":"IRONCLAD","items_purchased":["Blue Candle"],"gold_per_floor":[210,227,240,254,266,266,266,7,34,47,47,47,75,75,75,172,172,184,184,195,195],"floor_reached":22,"campfire_rested":0,"playtime":1745,"current_hp_per_floor":[80,80,80,68,60,60,60,60,60,57,57,57,56,40,40,17,80,72,72,63,56],"items_purged":[],"gold":195,"score":240,"play_id":"a6e41276-4cd8-4e43-b8eb-70f481c31822","local_time":"20180309173130","is_prod":false,"is_daily":false,"is_ascension_mode":true,"campfire_upgraded":3,"timestamp":1520638290,"path_taken":["M","M","?","M","M","R","?","?","T","M","$","R","E","?","R","BOSS","M","?","?","?","?"],"build_version":"2018-03-09","purchased_purges":1,"victory":false,"master_deck":["Defend_R+1","Bash","Metallicize+1","Iron Wave","Evolve+1","Shrug It Off","Decay","Whirlwind+1","Burning Pact","Barricade","Rage+1","Cleave+1","Heavy Blade+1","Body Slam+1","Havoc","Bite","Bite","Bite","Bite","Bite"],"max_hp_per_floor":[80,80,80,80,80,80,80,80,80,80,80,80,80,80,80,80,80,80,80,80,56],"relics":["Burning Blood","Blue Candle","Orichalcum","Prayer Wheel","Astrolabe","Ornamental Fan"],"card_choices":[{"not_picked":["Flex","Iron Wave"],"picked":"Metallicize"},{"not_picked":["Fire Breathing","Pommel Strike"],"picked":"Iron Wave"},{"not_picked":["Shrug It Off","Clash"],"picked":"Evolve"},{"not_picked":["Armaments","Havoc"],"picked":"Shrug It Off"},{"not_picked":["Twin Strike","Limit Break"],"picked":"Whirlwind"},{"not_picked":["Flex","Cleave"],"picked":"Burning Pact"},{"not_picked":["Berserk","Limit Break"],"picked":"Barricade"},{"not_picked":["Pummel","Heavy Blade"],"picked":"Body Slam"},{"not_picked":["Clothesline","Pommel Strike"],"picked":"Havoc"}],"player_experience":124371,"potions_floor_usage":[4,5,16,16],"damage_taken":[{"damage":1,"enemies":"Cultist","floor":1,"turns":4},{"damage":6,"enemies":"2 Louse","floor":2,"turns":3},{"damage":0,"enemies":"Small Slimes","floor":3,"turns":3},{"damage":18,"enemies":"Exordium Wildlife","floor":4,"turns":7},{"damage":14,"enemies":"2 Fungi Beasts","floor":5,"turns":4},{"damage":9,"enemies":"Large Slime","floor":10,"turns":7},{"damage":7,"enemies":"3 Sentries","floor":13,"turns":10},{"damage":29,"enemies":"The Guardian","floor":16,"turns":15},{"damage":14,"enemies":"3 Byrds","floor":18,"turns":5},{"damage":15,"enemies":"Shell Parasite","floor":20,"turns":10},{"damage":64,"enemies":"Cultist and Chosen","floor":22,"turns":5}],"event_choices":[{"event_name":"Wheel of Change","player_choice":"Curse","floor":7,"damage_taken":0},{"event_name":"Shining Light","player_choice":"Entered Light","floor":14,"damage_taken":0},{"event_name":"The Mausoleum","player_choice":"Yes","floor":19,"damage_taken":0},{"event_name":"Vampires","player_choice":"Became a vampire","floor":21,"damage_taken":0}],"boss_relics":[{"not_picked":["Tiny House","Ectoplasm"],"picked":"Astrolabe"}],"potions_floor_spawned":[1,3,4,5],"seed_played":"-5594150604139454618","killed_by":"Cultist and Chosen","ascension_level":3,"is_trial":false}