{"gold_per_floor":[109,59,71,71,90,133,148,188,258,433,433,433],"floor_reached":12,"playtime":446,"items_purged":[],"score":88,"play_id":"99c6903a-d25e-44ee-83d0-4d714d4e2f60","local_time":"20190415004643","is_ascension_mode":false,"campfire_choices":[],"neow_cost":"NONE","seed_source_timestamp":367773872266794,"circlet_count":0,"master_deck":["Strike_R","Strike_R","Strike_R","Strike_R","Strike_R","Defend_R","Defend_R","Defend_R","Bash","Dropkick","Pommel Strike","Flex","Hemokinesis+1","Flex","Feed","Doubt"],"relics":["Burning Blood","Golden Idol","Shuriken","Champion Belt","Toxic Egg 2"],"potions_floor_usage":[12,12],"damage_taken":[{"damage":12,"enemies":"2 Louse","floor":1,"turns":3},{"damage":2,"enemies":"Small Slimes","floor":3,"turns":3},{"damage":0,"enemies":"Cultist","floor":5,"turns":2},{"damage":48,"enemies":"3 Sentries","floor":6,"turns":10},{"damage":16,"enemies":"Red Slaver","floor":7,"turns":2},{"damage":17,"enemies":"Gremlin Nob","floor":8,"turns":3},{"damage":10,"enemies":"Exordium Wildlife","floor":12,"turns":1}],"seed_played":"-5763540149392888150","potions_obtained":[{"floor":3,"key":"EssenceOfSteel"},{"floor":6,"key":"AttackPotion"},{"floor":7,"key":"Dexterity Potion"}],"is_trial":false,"path_per_floor":["M","?","M","?","M","E","M","E","T","?","?","M"],"character_chosen":"IRONCLAD","items_purchased":[],"campfire_rested":0,"item_purchase_floors":[],"current_hp_per_floor":[82,82,86,64,70,28,18,7,7,7,7,0],"gold":433,"neow_bonus":"TEN_PERCENT_HP_BONUS","is_prod":false,"is_daily":false,"chose_seed":false,"campfire_upgraded":0,"win_rate":0.0,"timestamp":1555303603,"path_taken":["M","?","M","?","M","E","M","E","T","?","?","M"],"build_version":"2019-01-23","purchased_purges":0,"victory":false,"max_hp_per_floor":[88,88,88,88,88,88,88,88,88,88,88,88],"card_choices":[{"not_picked":["Clothesline","Thunderclap"],"picked":"Dropkick","floor":1},{"not_picked":["Armaments","Warcry"],"picked":"Pommel Strike","floor":3},{"not_picked":["Pommel Strike","Rupture"],"picked":"Flex","floor":5},{"not_picked":["Pommel Strike","Iron Wave"],"picked":"Hemokinesis","floor":6},{"not_picked":["Twin Strike","Rampage"],"picked":"Flex","floor":7},{"not_picked":["Burning Pact","Hemokinesis"],"picked":"Feed","floor":8}],"player_experience":8634,"relics_obtained":[{"floor":6,"key":"Shuriken"},{"floor":8,"key":"Champion Belt"},{"floor":9,"key":"Toxic Egg 2"}],"event_choices":[{"cards_removed":["Defend_R"],"damage_healed":0,"gold_gain":0,"player_choice":"Card Removal","damage_taken":0,"max_hp_gain":0,"max_hp_loss":0,"event_name":"The Cleric","floor":2,"gold_loss":50},{"damage_healed":0,"gold_gain":0,"player_choice":"Take Damage","damage_taken":22,"relics_obtained":["Golden Idol"],"max_hp_gain":0,"max_hp_loss":0,"event_name":"Golden Idol","floor":4,"gold_loss":0},{"damage_healed":0,"gold_gain":175,"player_choice":"AGREE","damage_taken":0,"max_hp_gain":0,"max_hp_loss":0,"event_name":"Liars Game","floor":10,"gold_loss":0,"cards_obtained":["Doubt"]},{"damage_healed":0,"gold_gain":0,"player_choice":"Upgraded","damage_taken":0,"max_hp_gain":0,"max_hp_loss":0,"event_name":"Upgrade Shrine","floor":11,"gold_loss":0,"cards_upgraded":["Hemokinesis"]}],"is_beta":false,"boss_relics":[],"items_purged_floors":[],"is_endless":false,"potions_floor_spawned":[3,6,7],"killed_by":"Exordium Wildlife","ascension_level":0}