{"gold_per_floor":[114,132,36,54,54,54,89,119,119,137,9,41,41,75,75,178,178,189,149,166,178,178,178,203,203,255,271,285,285,285,210,210,315,365,375,40,0,14,14,48,48,64,91,91,91,45,59,59,59,59],"floor_reached":51,"playtime":2962,"items_purged":["Strike_R+1"],"score":917,"play_id":"49adf3b6-2ab4-4495-a088-c30d934d04c5","local_time":"20190124102409","is_ascension_mode":true,"campfire_choices":[{"data":"True Grit","floor":6.0,"key":"SMITH"},{"data":"Bash","floor":13.0,"key":"SMITH"},{"data":"Clothesline","floor":15.0,"key":"SMITH"},{"data":"Limit Break","floor":23.0,"key":"SMITH"},{"data":"Flame Barrier","floor":25.0,"key":"SMITH"},{"data":"Uppercut","floor":29.0,"key":"SMITH"},{"data":"Shrug It Off","floor":32.0,"key":"SMITH"},{"data":"Metallicize","floor":41.0,"key":"SMITH"},{"data":"Madness","floor":45.0,"key":"SMITH"},{"floor":49.0,"key":"REST"}],"neow_cost":"NONE","seed_source_timestamp":0,"circlet_count":0,"master_deck":["Strike_R+1","Strike_R+1","Strike_R+1","Defend_R+1","Defend_R+1","Defend_R+1","Defend_R+1","Bash+1","Body Slam+1","True Grit+1","Good Instincts+1","Flame Barrier+1","Battle Trance","Twin Strike+1","Limit Break+1","Clothesline+1","Shrug It Off+1","Demon Form+1","Iron Wave","Power Through","Rampage+1","Uppercut+1","Battle Trance","Body Slam+1","Pommel Strike","Metallicize+1","Rage+1","Trip","Madness","Madness+1","Heavy Blade"],"special_seed":0,"relics":["Burning Blood","Omamori","Bag of Marbles","Anchor","Kunai","Smiling Mask","Red Skull","Sozu","Juzu Bracelet","Bag of Preparation","Tiny House","Regal Pillow","Red Mask","Bottled Lightning","Pen Nib"],"potions_floor_usage":[50],"damage_taken":[{"damage":13.0,"enemies":"2 Louse","floor":1.0,"turns":3.0},{"damage":0.0,"enemies":"Small Slimes","floor":2.0,"turns":3.0},{"damage":11.0,"enemies":"Jaw Worm","floor":4.0,"turns":4.0},{"damage":20.0,"enemies":"Gremlin Nob","floor":7.0,"turns":4.0},{"damage":10.0,"enemies":"Lots of Slimes","floor":10.0,"turns":5.0},{"damage":17.0,"enemies":"3 Sentries","floor":12.0,"turns":10.0},{"damage":5.0,"enemies":"Gremlin Nob","floor":14.0,"turns":3.0},{"damage":6.0,"enemies":"The Guardian","floor":16.0,"turns":9.0},{"damage":0.0,"enemies":"2 Thieves","floor":18.0,"turns":4.0},{"damage":0.0,"enemies":"Chosen","floor":20.0,"turns":4.0},{"damage":27.0,"enemies":"Snake Plant","floor":21.0,"turns":4.0},{"damage":20.0,"enemies":"Book of Stabbing","floor":24.0,"turns":5.0},{"damage":0.0,"enemies":"Centurion and Healer","floor":27.0,"turns":5.0},{"damage":2.0,"enemies":"Sentry and Sphere","floor":28.0,"turns":5.0},{"damage":25.0,"enemies":"Collector","floor":33.0,"turns":5.0},{"damage":0.0,"enemies":"3 Shapes","floor":35.0,"turns":5.0},{"damage":2.0,"enemies":"Orb Walker","floor":38.0,"turns":4.0},{"damage":14.0,"enemies":"Nemesis","floor":40.0,"turns":7.0},{"damage":21.0,"enemies":"Maw","floor":42.0,"turns":8.0},{"damage":12.0,"enemies":"Writhing Mass","floor":47.0,"turns":6.0},{"damage":62,"enemies":"Awakened One","floor":50,"turns":9}],"seed_played":"6103624422775578852","potions_obtained":[{"floor":7.0,"key":"SteroidPotion"},{"floor":10.0,"key":"Dexterity Potion"},{"floor":14.0,"key":"Ancient Potion"}],"is_trial":false,"path_per_floor":["M","M","$","M","?","R","E","?","T","M","$","E","R","E","R","B",null,"M","?","M","M","?","R","E","R","T","M","M","R","?","?","R","B",null,"M","$","?","M","?","E","R","M","T","?","R","$","M","?","R","B",null],"character_chosen":"IRONCLAD","items_purchased":["Good Instincts","Limit Break","Clash","Regal Pillow","Pommel Strike","Metallicize","Heavy Blade"],"campfire_rested":1,"item_purchase_floors":[3,11,11,36,36,36,46],"current_hp_per_floor":[65,71,71,66,50,50,36,36,36,32,32,21,21,22,22,22,66,72,72,78,57,57,57,43,43,43,49,53,53,53,53,53,34,74,80,80,80,84,84,76,76,61,61,50,50,50,44,44,84,28],"gold":59,"neow_bonus":"RANDOM_COMMON_RELIC","is_prod":false,"is_daily":false,"chose_seed":false,"campfire_upgraded":9,"win_rate":0,"timestamp":1548321849,"path_taken":["M","M","$","M","?","R","E","?","T","M","$","E","R","E","R","BOSS","M","?","M","?","?","R","E","R","T","M","M","R","?","?","R","BOSS","M","$","?","M","?","E","R","M","T","?","R","?","M","?","R","BOSS"],"build_version":"2018-12-20","purchased_purges":1,"victory":true,"max_hp_per_floor":[80,80,80,80,80,80,80,80,80,80,80,80,80,80,80,80,80,80,80,80,80,80,80,80,80,80,80,80,80,80,80,80,80,85,85,85,85,85,85,85,85,85,85,85,85,85,85,85,85,85],"card_choices":[{"not_picked":["True Grit","Warcry"],"picked":"Body Slam","floor":1.0},{"not_picked":["Entrench","Iron Wave"],"picked":"True Grit","floor":2.0},{"not_picked":["Anger","Twin Strike"],"picked":"Flame Barrier","floor":4.0},{"not_picked":["Berserk","Reckless Charge"],"picked":"Battle Trance","floor":7.0},{"not_picked":["Cleave","Dual Wield"],"picked":"Twin Strike","floor":10.0},{"not_picked":["Wild Strike","Bludgeon"],"picked":"Clothesline","floor":12.0},{"not_picked":["Heavy Blade","Pommel Strike"],"picked":"Shrug It Off","floor":14.0},{"not_picked":["Bludgeon","Limit Break"],"picked":"Demon Form","floor":16.0},{"not_picked":["Heavy Blade+1","Clothesline","Sentinel+1"],"picked":"SKIP","floor":18.0},{"not_picked":["Havoc","Combust"],"picked":"Iron Wave","floor":20.0},{"not_picked":["Warcry","True Grit"],"picked":"Power Through","floor":21.0},{"not_picked":["Sword Boomerang","Combust"],"picked":"Rampage+1","floor":24.0},{"not_picked":["Cleave","Armaments","Iron Wave+1"],"picked":"SKIP","floor":27.0},{"not_picked":["Twin Strike+1","Havoc"],"picked":"Uppercut","floor":28.0},{"not_picked":["Clothesline","Clash+1"],"picked":"Battle Trance","floor":34.0},{"not_picked":["Flex","Entrench"],"picked":"Body Slam+1","floor":35.0},{"not_picked":["Cleave","Sever Soul+1"],"picked":"Rage+1","floor":38.0},{"not_picked":["Jack Of All Trades","Transmutation"],"picked":"Trip","floor":39.0},{"not_picked":["Second Wind","Fire Breathing+1","Thunderclap+1"],"picked":"SKIP","floor":40.0},{"not_picked":["Iron Wave+1","Whirlwind+1","Spot Weakness+1"],"picked":"SKIP","floor":42.0},{"not_picked":["Armaments+1","Corruption","Entrench"],"picked":"SKIP","floor":47.0}],"player_experience":138698,"relics_obtained":[{"floor":7.0,"key":"Bag of Marbles"},{"floor":9.0,"key":"Kunai"},{"floor":12.0,"key":"Smiling Mask"},{"floor":14.0,"key":"Red Skull"},{"floor":24.0,"key":"Juzu Bracelet"},{"floor":26.0,"key":"Bag of Preparation"},{"floor":40.0,"key":"Bottled Lightning"},{"floor":43.0,"key":"Pen Nib"}],"event_choices":[{"damage_healed":0.0,"max_hp_gain":0.0,"max_hp_loss":0.0,"gold_gain":0.0,"event_name":"Shining Light","player_choice":"Entered Light","floor":5.0,"gold_loss":0.0,"damage_taken":16.0,"cards_upgraded":["Body Slam","Good Instincts"]},{"damage_healed":0.0,"max_hp_gain":0.0,"max_hp_loss":0.0,"gold_gain":30.0,"event_name":"Dead Adventurer","player_choice":"Searched \u00272\u0027 times","floor":8.0,"gold_loss":0.0,"damage_taken":0.0,"relics_obtained":["Anchor"]},{"damage_healed":0.0,"max_hp_gain":0.0,"max_hp_loss":0.0,"gold_gain":0.0,"event_name":"Designer","player_choice":"Upgrade","floor":19.0,"gold_loss":40.0,"damage_taken":0.0,"cards_upgraded":["Demon Form"]},{"damage_healed":0.0,"max_hp_gain":0.0,"max_hp_loss":0.0,"gold_gain":0.0,"event_name":"Back to Basics","player_choice":"Simplicity","floor":22.0,"gold_loss":0.0,"damage_taken":0.0,"cards_upgraded":["Strike_R","Strike_R","Strike_R","Strike_R","Strike_R","Defend_R","Defend_R","Defend_R","Defend_R"]},{"damage_healed":0.0,"max_hp_gain":0.0,"max_hp_loss":0.0,"gold_gain":0.0,"event_name":"N\u0027loth","player_choice":"Ignored","floor":30.0,"gold_loss":0.0,"damage_taken":0.0},{"cards_removed":["Strike_R"],"damage_healed":0.0,"max_hp_gain":0.0,"max_hp_loss":0.0,"gold_gain":0.0,"event_name":"Beggar","player_choice":"Gave Gold","floor":31.0,"gold_loss":75.0,"damage_taken":0.0},{"damage_healed":0.0,"max_hp_gain":0.0,"max_hp_loss":0.0,"gold_gain":0.0,"event_name":"Tomb of Lord Red Mask","player_choice":"Paid","floor":37.0,"gold_loss":40.0,"damage_taken":0.0,"relics_obtained":["Red Mask"]},{"damage_healed":0.0,"max_hp_gain":0.0,"max_hp_loss":0.0,"gold_gain":0.0,"event_name":"SensoryStone","player_choice":"Memory 1","floor":39.0,"gold_loss":0.0,"damage_taken":0.0},{"damage_healed":0.0,"max_hp_gain":0.0,"max_hp_loss":0.0,"gold_gain":0.0,"event_name":"Winding Halls","player_choice":"Embrace Madness","floor":44.0,"gold_loss":0.0,"damage_taken":11.0,"cards_obtained":["Madness","Madness"]},{"cards_removed":["Clash"],"damage_healed":0.0,"max_hp_gain":0.0,"max_hp_loss":0.0,"gold_gain":0.0,"event_name":"Wheel of Change","player_choice":"Card Removal","floor":48.0,"gold_loss":0.0,"damage_taken":0.0}],"is_beta":false,"boss_relics":[{"not_picked":["Runic Dome","Busted Crown"],"picked":"Sozu"},{"not_picked":["White Beast Statue","Pandora\u0027s Box"],"picked":"Tiny House"}],"items_purged_floors":[36],"is_endless":false,"potions_floor_spawned":[7,10,14,20,21,24,33,38,47],"ascension_level":6}