{"gold_per_floor":[112,72,88,13,25,25,36,36,116,128,153,39,39,49,49,153,153,172,192,15,265,265,265,299,299],"floor_reached":25,"playtime":4524,"items_purged":["Regret","Strike_B"],"score":279,"play_id":"cf80dfd5-e93e-458b-b133-af209ffaa05e","local_time":"20180715221346","is_ascension_mode":true,"campfire_choices":[{"data":"Genetic Algorithm","floor":6,"key":"SMITH"},{"data":"Static Discharge","floor":8,"key":"SMITH"},{"data":"Zap","floor":13,"key":"SMITH"},{"data":"Static Discharge","floor":15,"key":"SMITH"},{"data":"Buffer","floor":23,"key":"SMITH"}],"neow_cost":"CURSE","seed_source_timestamp":18076936026536,"circlet_count":0,"master_deck":["Strike_B","Strike_B","Strike_B","Defend_B","Defend_B","Defend_B","Defend_B","Zap+1","Dualcast","Ball Lightning","Static Discharge+1","Genetic Algorithm+1","Cold Snap","Static Discharge+1","Force Field","Auto Shields","Buffer+1","Cold Snap","Loop","Regret"],"relics":["Cracked Core","Darkstone Periapt","Anchor","Coffee Dripper","Enchiridion","Frozen Egg 2"],"potions_floor_usage":[16,24,25],"damage_taken":[{"damage":0,"enemies":"Small Slimes","floor":1,"turns":2},{"damage":1,"enemies":"Cultist","floor":3,"turns":3},{"damage":3,"enemies":"2 Louse","floor":5,"turns":2},{"damage":16,"enemies":"Lots of Slimes","floor":7,"turns":3},{"damage":9,"enemies":"Large Slime","floor":10,"turns":4},{"damage":26,"enemies":"Lagavulin","floor":11,"turns":6},{"damage":0,"enemies":"Looter","floor":14,"turns":3},{"damage":42,"enemies":"Slime Boss","floor":16,"turns":9},{"damage":11,"enemies":"Spheric Guardian","floor":18,"turns":4},{"damage":10,"enemies":"2 Thieves","floor":19,"turns":5},{"damage":45,"enemies":"Gremlin Leader","floor":24,"turns":7},{"damage":13,"enemies":"Snake Plant","floor":25,"turns":3}],"seed_played":"7686800876202633928","potions_obtained":[{"floor":5,"key":"LiquidBronze"},{"floor":11,"key":"Regen Potion"},{"floor":16,"key":"EssenceOfSteel"},{"floor":24,"key":"Swift Potion"}],"is_trial":false,"path_per_floor":["M","$","M","$","M","R","M","R","T","M","E","$","R","M","R","B",null,"M","M","$","?","?","R","E"],"character_chosen":"DEFECT","items_purchased":["Static Discharge","Static Discharge","Force Field","Loop"],"campfire_rested":0,"item_purchase_floors":[2,12,12,20],"current_hp_per_floor":[89,89,88,88,85,85,69,69,69,60,34,34,34,34,34,7,89,78,68,68,74,58,58,13,0],"gold":299,"neow_bonus":"TWENTY_PERCENT_HP_BONUS","is_prod":false,"is_daily":false,"chose_seed":false,"campfire_upgraded":5,"win_rate":0,"timestamp":1531718026,"path_taken":["M","$","M","$","M","R","M","R","T","M","E","$","R","M","R","BOSS","M","M","$","?","?","R","E","M"],"build_version":"2018-07-12","purchased_purges":2,"victory":false,"max_hp_per_floor":[89,89,89,89,89,89,89,89,89,89,89,89,89,89,89,89,89,89,89,89,95,95,95,95,95],"card_choices":[{"not_picked":["Compile Driver","Coolheaded"],"picked":"Ball Lightning","floor":1},{"not_picked":["Self Repair","Aggregate"],"picked":"Genetic Algorithm","floor":3},{"not_picked":["Blizzard","Coolheaded"],"picked":"Cold Snap","floor":5},{"not_picked":["Hologram","Compile Driver","Sweeping Beam"],"picked":"SKIP","floor":7},{"not_picked":["Cold Snap","Streamline","Steam Power"],"picked":"SKIP","floor":10},{"not_picked":["Barrage","Gash","Streamline"],"picked":"SKIP","floor":11},{"not_picked":["Stack","Reprogram"],"picked":"Auto Shields","floor":14},{"not_picked":["Hyperbeam","Amplify"],"picked":"Buffer","floor":16},{"not_picked":["Rebound","Fusion","Beam Cell+1"],"picked":"SKIP","floor":18},{"not_picked":["Rebound","Auto Shields"],"picked":"Cold Snap","floor":19},{"not_picked":["Streamline","Turbo","Stack"],"picked":"SKIP","floor":24}],"player_experience":604443,"relics_obtained":[{"floor":9,"key":"Darkstone Periapt"},{"floor":11,"key":"Anchor"},{"floor":22,"key":"Enchiridion"},{"floor":24,"key":"Frozen Egg 2"}],"event_choices":[{"event_name":"Golden Shrine","player_choice":"Desecrate","floor":21,"damage_taken":0},{"event_name":"Cursed Tome","player_choice":"Obtained Book","floor":22,"damage_taken":0}],"boss_relics":[{"not_picked":["Cursed Key","Velvet Choker"],"picked":"Coffee Dripper"}],"items_purged_floors":[4,20],"is_endless":false,"potions_floor_spawned":[5,11,16,24],"killed_by":"Snake Plant","ascension_level":3}