{"gold_per_floor":[362,211,225,243,223,223,67,97,97,97,123,123,198,212,212,286,336,348,94,122,122,135,135,166,166,191,241,273,290,290,306,306,383,383,398,273,273,495,38,71,71,90,142,153,169,169,188,204,204,204],"floor_reached":51,"playtime":2311,"items_purged":["Strike_R","Strike_R","Strike_R","Pain"],"score":1253,"play_id":"916b1304-e4aa-4779-8b10-152b16633cf4","local_time":"20181019112009","is_ascension_mode":true,"campfire_choices":[{"data":"Spot Weakness","floor":6.0,"key":"SMITH"},{"data":"True Grit","floor":10.0,"key":"SMITH"},{"data":"Iron Wave","floor":12.0,"key":"SMITH"},{"floor":15.0,"key":"REST"},{"floor":23,"key":"REST"},{"data":"Immolate","floor":25,"key":"SMITH"},{"data":"Metallicize","floor":32,"key":"SMITH"},{"data":"Shockwave","floor":41,"key":"SMITH"},{"data":"Flame Barrier","floor":46,"key":"SMITH"},{"data":"Ghostly Armor","floor":49,"key":"SMITH"}],"neow_cost":"PERCENT_DAMAGE","seed_source_timestamp":0,"circlet_count":0,"master_deck":["Strike_R","Strike_R+1","Defend_R+1","Defend_R","Defend_R","Defend_R+1","Bash","AscendersBane","Spot Weakness+1","Battle Trance","Iron Wave+1","Sword Boomerang","True Grit+1","Heavy Blade","Clothesline","Immolate+1","Infernal Blade+1","Uppercut+1","Shockwave+1","Ghostly Armor+1","Metallicize+1","Limit Break","Shrug It Off","Shrug It Off","Sword Boomerang","Shrug It Off+1","Flame Barrier+1","Rage+1"],"special_seed":0,"relics":["Burning Blood","Oddly Smooth Stone","Bird Faced Urn","Mercury Hourglass","Meat on the Bone","Tiny House","War Paint","Red Mask","WarpedTongs","Bag of Marbles","Anchor","Bottled Flame","Coffee Dripper","Magic Flower","Sundial","Art of War","Happy Flower"],"potions_floor_usage":[16,20,28,33,50,50],"damage_taken":[{"damage":9.0,"enemies":"Jaw Worm","floor":1.0,"turns":5.0},{"damage":13.0,"enemies":"Cultist","floor":3.0,"turns":6.0},{"damage":1.0,"enemies":"2 Louse","floor":4.0,"turns":2.0},{"damage":21.0,"enemies":"Gremlin Nob","floor":8.0,"turns":5.0},{"damage":16.0,"enemies":"3 Sentries","floor":11.0,"turns":6.0},{"damage":5.0,"enemies":"Looter","floor":14.0,"turns":2.0},{"damage":34,"enemies":"Slime Boss","floor":16,"turns":12},{"damage":26,"enemies":"3 Byrds","floor":18,"turns":5},{"damage":42,"enemies":"Masked Bandits","floor":20,"turns":4},{"damage":13,"enemies":"Chosen","floor":22,"turns":5},{"damage":27,"enemies":"Gremlin Leader","floor":24,"turns":7},{"damage":16,"enemies":"Slavers","floor":28,"turns":5},{"damage":8,"enemies":"3 Cultists","floor":29,"turns":3},{"damage":19,"enemies":"Chosen and Byrds","floor":31,"turns":7},{"damage":57,"enemies":"Collector","floor":33,"turns":10},{"damage":17,"enemies":"3 Darklings","floor":35,"turns":4},{"damage":5,"enemies":"Mind Bloom Boss Battle","floor":37,"turns":6},{"damage":12,"enemies":"Nemesis","floor":40,"turns":7},{"damage":2,"enemies":"Orb Walker","floor":42,"turns":4},{"damage":0,"enemies":"Jaw Worm Horde","floor":44,"turns":3},{"damage":0,"enemies":"4 Shapes","floor":45,"turns":3},{"damage":1,"enemies":"Maw","floor":47,"turns":8},{"damage":22,"enemies":"Jaw Worm Horde","floor":48,"turns":4},{"damage":10,"enemies":"Donu and Deca","floor":50,"turns":10}],"seed_played":"-1333108425380579276","potions_obtained":[{"floor":3.0,"key":"AttackPotion"},{"floor":4.0,"key":"Swift Potion"},{"floor":5.0,"key":"Ancient Potion"},{"floor":11.0,"key":"EssenceOfSteel"},{"floor":17,"key":"FairyPotion"},{"floor":22,"key":"EssenceOfSteel"},{"floor":28,"key":"Poison Potion"},{"floor":29,"key":"Explosive Potion"},{"floor":37,"key":"Explosive Potion"},{"floor":44,"key":"Dexterity Potion"},{"floor":45,"key":"Strength Potion"}],"is_trial":false,"path_per_floor":["M","$","M","M","?","R","$","E","T","R","E","R","?","M","R","B",null,"M","$","?","?","M","R","E","R","T","?","E","M","?","M","R","B",null,"M","$","?","?","$","E","R","M","T","M","M","R","M","M","R","B"],"character_chosen":"IRONCLAD","items_purchased":["Battle Trance","Oddly Smooth Stone","War Paint","Shrug It Off","Sword Boomerang","Sundial"],"campfire_rested":2,"item_purchase_floors":[2,7,19,39,39,39],"current_hp_per_floor":[47,47,40,45,45,45,45,30,30,30,20,20,9,22,44,28,68,48,48,24,24,29,53,44,44,44,44,46,56,56,57,57,20,65,56,56,59,59,59,59,59,66,66,75,80,80,80,67,67,69],"gold":204,"neow_bonus":"TWO_FIFTY_GOLD","is_prod":false,"is_daily":false,"chose_seed":false,"campfire_upgraded":8,"win_rate":0,"timestamp":1539973209,"path_taken":["M","$","M","M","?","R","$","E","T","R","E","R","?","M","R","BOSS","M","$","?","?","M","R","E","R","T","?","E","M","?","M","R","BOSS","M","?","?","?","$","E","R","M","T","M","M","R","M","M","R","BOSS"],"build_version":"2018-10-18","purchased_purges":4,"victory":true,"max_hp_per_floor":[75,75,75,75,75,75,75,75,75,75,75,75,75,75,75,75,80,80,80,80,80,80,80,80,80,80,80,80,80,80,80,80,80,80,80,80,80,80,80,80,80,80,80,80,80,80,80,80,80,80],"card_choices":[{"not_picked":["Sword Boomerang","Clash"],"picked":"Spot Weakness","floor":1.0},{"not_picked":["Dropkick","Flex"],"picked":"Iron Wave","floor":3.0},{"not_picked":["Headbutt","Thunderclap"],"picked":"Sword Boomerang","floor":4.0},{"not_picked":["Havoc","Thunderclap"],"picked":"True Grit","floor":8.0},{"not_picked":["Thunderclap","Cleave"],"picked":"Heavy Blade","floor":11.0},{"not_picked":["Twin Strike","Corruption"],"picked":"Clothesline","floor":14.0},{"not_picked":["Bludgeon","Brutality"],"picked":"Immolate","floor":16},{"not_picked":["Sentinel","Wild Strike"],"picked":"Infernal Blade+1","floor":18},{"not_picked":["Headbutt","Twin Strike"],"picked":"Uppercut+1","floor":22},{"not_picked":["Anger","Clash","Fire Breathing"],"picked":"SKIP","floor":24},{"not_picked":["Whirlwind","Headbutt"],"picked":"Shockwave","floor":28},{"not_picked":["Flame Barrier","Thunderclap"],"picked":"Ghostly Armor","floor":29},{"not_picked":["Wild Strike","Cleave","Perfected Strike"],"picked":"SKIP","floor":31},{"not_picked":["Brutality","Impervious"],"picked":"Limit Break","floor":33},{"not_picked":["Headbutt","Warcry","Heavy Blade"],"picked":"SKIP","floor":35},{"not_picked":["Body Slam","Corruption"],"picked":"Shrug It Off","floor":37},{"not_picked":["Sword Boomerang","Corruption+1"],"picked":"Shrug It Off+1","floor":40},{"not_picked":["Perfected Strike+1","Clothesline","Twin Strike"],"picked":"SKIP","floor":42},{"not_picked":["Reckless Charge","Shockwave"],"picked":"Flame Barrier","floor":44},{"not_picked":["Shrug It Off","Warcry","Sever Soul"],"picked":"SKIP","floor":45},{"not_picked":["Dual Wield","Whirlwind","Burning Pact"],"picked":"SKIP","floor":47},{"not_picked":["Whirlwind","Thunderclap+1"],"picked":"Rage+1","floor":48}],"player_experience":961884,"relics_obtained":[{"floor":8.0,"key":"Bird Faced Urn"},{"floor":9.0,"key":"Mercury Hourglass"},{"floor":11.0,"key":"Meat on the Bone"},{"floor":20,"key":"Red Mask"},{"floor":24,"key":"Bag of Marbles"},{"floor":26,"key":"Anchor"},{"floor":28,"key":"Bottled Flame"},{"floor":37,"key":"Magic Flower"},{"floor":40,"key":"Art of War"},{"floor":43,"key":"Happy Flower"}],"event_choices":[{"damage_healed":0.0,"max_hp_gain":0.0,"max_hp_loss":0.0,"gold_gain":0.0,"event_name":"The Woman in Blue","player_choice":"Bought 1 Potion","floor":5.0,"gold_loss":0.0,"damage_taken":0.0},{"damage_healed":0.0,"max_hp_gain":0.0,"max_hp_loss":0.0,"gold_gain":75.0,"event_name":"World of Goop","player_choice":"Gather Gold","floor":13.0,"gold_loss":0.0,"damage_taken":11.0},{"damage_healed":0,"gold_gain":0,"player_choice":"Fought Bandits","damage_taken":0,"max_hp_gain":0,"max_hp_loss":0,"event_name":"Masked Bandits","floor":20,"gold_loss":0},{"damage_healed":0,"gold_gain":0,"player_choice":"Rummage","damage_taken":0,"relics_obtained":["WarpedTongs"],"max_hp_gain":0,"max_hp_loss":0,"event_name":"Accursed Blacksmith","floor":21,"gold_loss":0,"cards_obtained":["Pain"]},{"damage_healed":0,"gold_gain":50,"player_choice":"Stole From Cult","damage_taken":0,"max_hp_gain":0,"max_hp_loss":0,"event_name":"Nest","floor":27,"gold_loss":0},{"damage_healed":0,"gold_gain":0,"player_choice":"Read","damage_taken":0,"max_hp_gain":0,"max_hp_loss":0,"event_name":"The Library","floor":30,"gold_loss":0,"cards_obtained":["Metallicize"]},{"damage_healed":0,"gold_gain":0,"player_choice":"Fight","damage_taken":0,"max_hp_gain":0,"max_hp_loss":0,"event_name":"MindBloom","floor":37,"gold_loss":0},{"damage_healed":0,"gold_gain":222,"player_choice":"Wore Mask","damage_taken":0,"max_hp_gain":0,"max_hp_loss":0,"event_name":"Tomb of Lord Red Mask","floor":38,"gold_loss":0}],"is_beta":false,"boss_relics":[{"not_picked":["Eternal Feather","Orrery"],"picked":"Tiny House"},{"not_picked":["Philosopher\u0027s Stone","Busted Crown"],"picked":"Coffee Dripper"}],"items_purged_floors":[2,19,36,39],"is_endless":false,"potions_floor_spawned":[3,4,11,18,22,28,29,37,44,45],"ascension_level":15}