{"gold_per_floor":[13,13,30,42,55,55,66,9,309,335,19,19,19,32,32,106,106,118,33,33,33,44,44,55,55,55,74,74,106,106,122,122,196,196,215,215,12,12,24,24,24,59,59,73,91,106,106,126,126,126],"floor_reached":51,"playtime":5269,"items_purged":["Defend_G"],"score":1204,"play_id":"66a39e6a-0b71-456b-b39e-9df858a8ae7d","local_time":"20190301121647","is_ascension_mode":true,"campfire_choices":[{"data":"Cloak And Dagger","floor":6.0,"key":"SMITH"},{"data":"Neutralize","floor":13.0,"key":"SMITH"},{"data":"Footwork","floor":15.0,"key":"SMITH"},{"data":"Cloak And Dagger","floor":23.0,"key":"SMITH"},{"data":"Finisher","floor":25.0,"key":"SMITH"},{"data":"Burst","floor":30.0,"key":"SMITH"},{"floor":32.0,"key":"REST"},{"data":"Accuracy","floor":40.0,"key":"SMITH"},{"data":"Terror","floor":47.0,"key":"SMITH"},{"data":"Footwork","floor":49,"key":"SMITH"}],"neow_cost":"NO_GOLD","seed_source_timestamp":0,"circlet_count":0,"master_deck":["AscendersBane","Defend_G","Defend_G","Defend_G","Defend_G","Strike_G","Strike_G","Survivor","Neutralize+1","Cloak And Dagger+1","Endless Agony","Footwork+1","Finisher+1","Dodge and Roll","Quick Slash","Terror+1","Flash of Steel","Backflip","Dagger Spray","Footwork+1","Cloak And Dagger+1","PiercingWail","Burst+1","Adrenaline","Footwork+1","Accuracy+1","PiercingWail","Dodge and Roll","Crippling Poison+1"],"special_seed":0,"relics":["Ring of the Snake","Old Coin","Bottled Tornado","HandDrill","WristBlade","Unceasing Top","Pear","Nilry\u0027s Codex","Meat on the Bone","Coffee Dripper","Ancient Tea Set","Oddly Smooth Stone"],"potions_floor_usage":[50,50],"damage_taken":[{"damage":2.0,"enemies":"Cultist","floor":1.0,"turns":6.0},{"damage":0.0,"enemies":"Small Slimes","floor":3.0,"turns":5.0},{"damage":0.0,"enemies":"2 Louse","floor":4.0,"turns":3.0},{"damage":5.0,"enemies":"Gremlin Gang","floor":5.0,"turns":4.0},{"damage":6.0,"enemies":"2 Fungi Beasts","floor":7.0,"turns":3.0},{"damage":19.0,"enemies":"Lagavulin","floor":10.0,"turns":7.0},{"damage":0.0,"enemies":"Exordium Thugs","floor":14.0,"turns":3.0},{"damage":11.0,"enemies":"Slime Boss","floor":16.0,"turns":11.0},{"damage":8.0,"enemies":"Shell Parasite","floor":18.0,"turns":5.0},{"damage":13.0,"enemies":"2 Thieves","floor":22.0,"turns":5.0},{"damage":0.0,"enemies":"Centurion and Healer","floor":24.0,"turns":7.0},{"damage":2.0,"enemies":"Chosen and Byrds","floor":27.0,"turns":5.0},{"damage":1.0,"enemies":"Gremlin Leader","floor":29.0,"turns":7.0},{"damage":19.0,"enemies":"Cultist and Chosen","floor":31.0,"turns":6.0},{"damage":21.0,"enemies":"Automaton","floor":33.0,"turns":11.0},{"damage":4.0,"enemies":"3 Darklings","floor":35.0,"turns":12.0},{"damage":0.0,"enemies":"Orb Walker","floor":39.0,"turns":4.0},{"damage":0.0,"enemies":"4 Shapes","floor":41.0,"turns":1.0},{"damage":34.0,"enemies":"Nemesis","floor":42.0,"turns":9.0},{"damage":18.0,"enemies":"3 Darklings","floor":44.0,"turns":11.0},{"damage":9.0,"enemies":"Jaw Worm Horde","floor":45.0,"turns":6.0},{"damage":5.0,"enemies":"Writhing Mass","floor":46.0,"turns":8.0},{"damage":11,"enemies":"Sphere and 2 Shapes","floor":48,"turns":6},{"damage":19,"enemies":"Donu and Deca","floor":50,"turns":10}],"seed_played":"8228716465088095973","potions_obtained":[{"floor":1.0,"key":"Regen Potion"},{"floor":5.0,"key":"Weak Potion"},{"floor":10.0,"key":"SkillPotion"},{"floor":14.0,"key":"Weak Potion"},{"floor":18.0,"key":"Strength Potion"},{"floor":29.0,"key":"Fire Potion"},{"floor":38.0,"key":"Ancient Potion"},{"floor":38.0,"key":"SmokeBomb"},{"floor":42.0,"key":"SteroidPotion"}],"is_trial":false,"path_per_floor":["M","$","M","M","M","R","M","$","T","E","$","?","R","M","R","B",null,"M","?","?","$","M","R","M","R","T","M","?","E","R","M","R","B",null,"M","?","$","?","M","R","M","E","T","M","M","M","R","M","R","B",null],"character_chosen":"THE_SILENT","items_purchased":["AttackPotion","Flash of Steel","HandDrill","Accuracy","PiercingWail"],"campfire_rested":1,"item_purchase_floors":[8,11,11,37,37],"current_hp_per_floor":[57,57,57,57,52,52,46,46,46,27,27,27,27,27,27,16,54,46,46,46,46,33,33,33,33,43,41,20,34,34,27,49,40,67,63,63,63,63,63,63,63,41,41,35,38,45,45,46,46,39],"gold":126,"neow_bonus":"TRANSFORM_TWO_CARDS","is_prod":false,"is_daily":false,"chose_seed":false,"campfire_upgraded":9,"win_rate":0,"timestamp":1551439007,"path_taken":["M","$","M","M","M","R","M","$","T","E","?","?","R","M","R","BOSS","M","?","?","$","?","R","M","R","T","M","?","E","R","?","R","BOSS","M","?","$","?","M","R","M","E","T","M","M","M","R","?","R","BOSS"],"build_version":"2019-01-23","purchased_purges":1,"victory":true,"max_hp_per_floor":[66,66,66,66,66,66,66,66,66,66,66,66,66,66,66,66,66,66,66,66,66,66,66,66,66,76,76,76,76,76,76,76,76,76,76,76,76,76,76,76,76,76,76,76,76,76,76,76,76,76],"card_choices":[{"not_picked":["Concentrate","Dodge and Roll"],"picked":"Footwork","floor":1.0},{"not_picked":["Deflect","Setup","Cloak And Dagger"],"picked":"SKIP","floor":3.0},{"not_picked":["Blur","Flying Knee"],"picked":"Finisher","floor":4.0},{"not_picked":["Outmaneuver","Slice"],"picked":"Dodge and Roll","floor":5.0},{"not_picked":["Outmaneuver","Endless Agony"],"picked":"Quick Slash","floor":7.0},{"not_picked":["Deadly Poison","Die Die Die"],"picked":"Terror","floor":10.0},{"not_picked":["Slice","PiercingWail"],"picked":"Backflip","floor":14.0},{"not_picked":["Backstab","Tactician+1"],"picked":"Dagger Spray","floor":18.0},{"not_picked":["Backstab+1","Flechettes"],"picked":"Cloak And Dagger","floor":22.0},{"not_picked":["Outmaneuver+1","Acrobatics","Poisoned Stab+1"],"picked":"SKIP","floor":24.0},{"not_picked":["Prepared","Skewer"],"picked":"PiercingWail","floor":27.0},{"not_picked":["Choke+1","Backflip"],"picked":"Burst","floor":29.0},{"not_picked":["Flying Knee","Acrobatics","Dagger Spray"],"picked":"SKIP","floor":31.0},{"not_picked":["Flying Knee","Acrobatics","Dagger Spray"],"picked":"SKIP","floor":31.0},{"not_picked":["Night Terror","Glass Knife"],"picked":"Adrenaline","floor":33.0},{"not_picked":["Deadly Poison","Acrobatics"],"picked":"Footwork","floor":35.0},{"not_picked":["Dagger Spray+1","Terror+1","Backstab"],"picked":"SKIP","floor":39.0},{"not_picked":["Prepared","Deadly Poison+1","Dagger Throw+1"],"picked":"SKIP","floor":42.0},{"not_picked":["Prepared","Slice"],"picked":"Dodge and Roll","floor":44.0},{"not_picked":["Calculated Gamble","PiercingWail","Noxious Fumes+1"],"picked":"SKIP","floor":45.0},{"not_picked":["Reflex","Eviscerate","Acrobatics"],"picked":"SKIP","floor":46.0},{"not_picked":["Blade Dance","Cloak And Dagger+1"],"picked":"Crippling Poison+1","floor":48}],"player_experience":421712,"relics_obtained":[{"floor":9.0,"key":"Old Coin"},{"floor":10.0,"key":"Bottled Tornado"},{"floor":26.0,"key":"Pear"},{"floor":28.0,"key":"Nilry\u0027s Codex"},{"floor":29.0,"key":"Meat on the Bone"},{"floor":42.0,"key":"Ancient Tea Set"},{"floor":43.0,"key":"Oddly Smooth Stone"}],"event_choices":[{"cards_removed":["Strike_G"],"damage_healed":0.0,"max_hp_gain":0.0,"max_hp_loss":0.0,"gold_gain":0.0,"event_name":"Purifier","player_choice":"Purged","floor":12.0,"gold_loss":0.0,"damage_taken":0.0},{"damage_healed":0.0,"max_hp_gain":0.0,"max_hp_loss":0.0,"gold_gain":0.0,"event_name":"Addict","player_choice":"Obtained Relic","floor":19.0,"gold_loss":85.0,"damage_taken":0.0,"relics_obtained":["Unceasing Top"]},{"damage_healed":0.0,"max_hp_gain":0.0,"max_hp_loss":0.0,"gold_gain":0.0,"event_name":"Duplicator","player_choice":"Copied","floor":20.0,"gold_loss":0.0,"damage_taken":0.0,"cards_obtained":["Footwork"]},{"damage_healed":0.0,"max_hp_gain":0.0,"max_hp_loss":0.0,"gold_gain":0.0,"event_name":"Cursed Tome","player_choice":"Obtained Book","floor":28.0,"gold_loss":0.0,"damage_taken":21.0},{"damage_healed":0.0,"max_hp_gain":0.0,"max_hp_loss":0.0,"gold_gain":0.0,"event_name":"Mysterious Sphere","player_choice":"Ignored","floor":36.0,"gold_loss":0.0,"damage_taken":0.0},{"damage_healed":0.0,"max_hp_gain":0.0,"max_hp_loss":0.0,"gold_gain":0.0,"event_name":"Lab","player_choice":"Got Potions","floor":38.0,"gold_loss":0.0,"damage_taken":0.0}],"is_beta":false,"boss_relics":[{"not_picked":["Sozu","White Beast Statue"],"picked":"WristBlade"},{"not_picked":["Empty Cage","Calling Bell"],"picked":"Coffee Dripper"}],"items_purged_floors":[37],"is_endless":false,"potions_floor_spawned":[1,5,10,14,18,22,27,29,42,45,48],"ascension_level":17}