{"path_per_floor":["M","M","M","?","M","R","M","R","T","?","M","E","R","M","R","B",null,"M","?","M","$","M","R","M","E","T","?","?","R","M","M","R"],"character_chosen":"IRONCLAD","items_purchased":["Shuriken","Bag of Marbles"],"gold_per_floor":[111,122,138,213,227,227,239,239,292,292,311,346,346,361,361,463,463,473,473,490,93,104,104,118,153,176,176,176,176,193,212,212,212],"floor_reached":33,"campfire_rested":1,"playtime":1867,"current_hp_per_floor":[78,78,78,67,62,62,58,58,58,58,62,58,58,57,57,45,71,74,74,74,74,72,72,47,29,29,29,29,71,71,73,73,0],"items_purged":[],"gold":212,"score":407,"play_id":"f783d3b3-8e54-436c-9e15-cdaec474d487","local_time":"20180502212237","is_prod":false,"is_daily":false,"chose_seed":false,"is_ascension_mode":true,"campfire_upgraded":6,"timestamp":1525321357,"path_taken":["M","M","M","?","M","R","M","R","T","?","M","E","R","M","R","BOSS","M","?","M","$","?","R","M","E","T","?","?","R","M","?","R","BOSS"],"build_version":"2018-04-28v2","seed_source_timestamp":338837615455582,"purchased_purges":1,"victory":false,"master_deck":["Strike_R+1","Strike_R+1","Strike_R+1","Strike_R+1","Strike_R+1","Defend_R+1","Defend_R+1","Defend_R+1","Defend_R+1","Bash+1","AscendersBane","Inflame+1","Clash+1","Dropkick","Clothesline+1","Combust+1","Feed+1","Battle Trance+1","Spot Weakness+1","Shrug It Off+1","Seeing Red+1","Decay","Normality","Power Through+1"],"max_hp_per_floor":[80,80,80,80,80,80,80,80,80,80,80,80,80,80,80,80,80,80,80,80,80,83,83,87,91,91,91,91,91,91,91,91,91],"relics":["Burning Blood","Orichalcum","Regal Pillow","Mummified Hand","Art of War","Cursed Key","Shuriken","Bag of Marbles","Pen Nib","War Paint","Centennial Puzzle","Blood Vial"],"card_choices":[{"not_picked":["Twin Strike","Body Slam"],"picked":"Inflame","floor":1},{"not_picked":["Entrench","Armaments"],"picked":"Clash","floor":2},{"not_picked":["Headbutt","Hemokinesis"],"picked":"Dropkick","floor":5},{"not_picked":["Anger","Barricade"],"picked":"Clothesline","floor":12},{"not_picked":["Whirlwind","Inflame"],"picked":"Combust","floor":14},{"not_picked":["Fiend Fire","Barricade"],"picked":"Feed","floor":16},{"not_picked":["Wild Strike","Body Slam"],"picked":"Battle Trance","floor":18},{"not_picked":["Body Slam","Rage"],"picked":"Spot Weakness","floor":20},{"not_picked":["Sever Soul","True Grit"],"picked":"Shrug It Off","floor":22},{"not_picked":["Shockwave","Havoc"],"picked":"Seeing Red","floor":25},{"not_picked":["Cleave","Perfected Strike"],"picked":"Power Through","floor":30}],"player_experience":422183,"potions_floor_usage":[20,22,24,25,33,33],"damage_taken":[{"damage":0,"enemies":"Cultist","floor":1,"turns":3},{"damage":6,"enemies":"Small Slimes","floor":2,"turns":5},{"damage":6,"enemies":"Jaw Worm","floor":3,"turns":3},{"damage":11,"enemies":"Red Slaver","floor":5,"turns":3},{"damage":10,"enemies":"Looter","floor":7,"turns":3},{"damage":2,"enemies":"3 Louse","floor":11,"turns":4},{"damage":10,"enemies":"Gremlin Nob","floor":12,"turns":3},{"damage":7,"enemies":"Blue Slaver","floor":14,"turns":3},{"damage":18,"enemies":"The Guardian","floor":16,"turns":6},{"damage":3,"enemies":"Chosen","floor":18,"turns":3},{"damage":6,"enemies":"2 Thieves","floor":20,"turns":2},{"damage":11,"enemies":"3 Cultists","floor":22,"turns":4},{"damage":35,"enemies":"Cultist and Chosen","floor":24,"turns":5},{"damage":28,"enemies":"Book of Stabbing","floor":25,"turns":5},{"damage":8,"enemies":"Snecko","floor":30,"turns":4},{"damage":6,"enemies":"Centurion and Healer","floor":31,"turns":8},{"damage":77,"enemies":"Collector","floor":33,"turns":10}],"event_choices":[{"event_name":"World of Goop","player_choice":"Gather Gold","floor":4,"damage_taken":0},{"event_name":"Wheel of Change","player_choice":"Relic","floor":10,"damage_taken":0},{"event_name":"Back to Basics","player_choice":"Simplicity","floor":19,"damage_taken":0},{"event_name":"The Mausoleum","player_choice":"Yes","floor":27,"damage_taken":0},{"event_name":"Accursed Blacksmith","player_choice":"Rummage","floor":28,"damage_taken":0}],"boss_relics":[{"not_picked":["Calling Bell","Ectoplasm"],"picked":"Cursed Key"}],"potions_floor_spawned":[3,5,7,12,20,22,25,30],"seed_played":"648706549417671540","killed_by":"Collector","ascension_level":10,"is_trial":false}