{"path_per_floor":["M","$","?","M","$","R","E","M","T","R","E","M","R","M","R","B",null,"M","M","M","?","$","R","E","M","T","M","E","R","?","M","R","B",null,"M","M","M","$","M","E","?","R","T","M","$","R","M","E","R","B"],"character_chosen":"THE_SILENT","items_purchased":["Footwork","Kunai","Sucker Punch","Ninja Scroll"],"gold_per_floor":[119,119,119,129,51,51,76,95,120,120,154,172,172,187,187,288,288,270,282,302,302,0,0,34,50,97,115,178,178,178,194,194,289,289,303,322,337,9,20,55,0,0,0,19,19,19,31,61,61,61],"floor_reached":51,"campfire_rested":1,"playtime":5650,"item_purchase_floors":[5,22,22,38],"current_hp_per_floor":[63,63,60,60,60,60,60,60,60,60,59,61,61,63,63,64,69,59,46,47,47,47,47,50,56,56,57,27,63,63,70,70,46,64,62,57,43,43,50,53,53,53,53,53,53,53,65,81,81,45],"items_purged":["Enlightenment+1"],"gold":61,"score":1199,"play_id":"604a6f6b-29d3-4b86-80bd-a41fdc80db5f","local_time":"20180528204453","is_prod":false,"is_daily":false,"chose_seed":false,"is_ascension_mode":true,"campfire_upgraded":9,"win_rate":0,"timestamp":1527565493,"campfire_choices":[{"data":"Footwork","floor":6,"key":"SMITH"},{"data":"Malaise","floor":10,"key":"SMITH"},{"data":"Footwork","floor":13,"key":"SMITH"},{"data":"Neutralize","floor":15,"key":"SMITH"},{"data":"Glass Knife","floor":23,"key":"SMITH"},{"floor":29,"key":"REST"},{"data":"Dash","floor":32,"key":"SMITH"},{"data":"Terror","floor":42,"key":"SMITH"},{"data":"Sucker Punch","floor":46,"key":"SMITH"},{"data":"Riddle With Holes","floor":49,"key":"SMITH"}],"path_taken":["M","$","?","?","$","R","E","M","T","R","E","M","R","M","R","BOSS","M","M","M","?","$","R","E","?","T","M","E","R","?","M","R","BOSS","M","M","M","$","M","E","?","R","T","M","?","R","M","E","R","BOSS"],"build_version":"2018-05-24","seed_source_timestamp":933064676963069,"purchased_purges":1,"victory":true,"master_deck":["Defend_G+1","Defend_G+1","Defend_G+1","Defend_G+1","Survivor","Neutralize+1","AscendersBane","Malaise+1","Footwork+1","Footwork+1","Dodge and Roll","Dash+1","Riddle With Holes","Glass Knife+1","Dagger Throw","Cloak And Dagger","Bite","Bite","Bite","Bite","Sucker Punch+1","Caltrops+1","Envenom+1","After Image+1","Terror+1","Riddle With Holes+1","Backflip"],"max_hp_per_floor":[70,70,70,70,70,70,70,70,70,70,70,70,70,70,70,70,70,70,70,70,70,70,70,70,70,70,70,70,70,70,70,70,70,70,70,70,70,70,70,70,70,70,70,70,70,70,70,84,84,84],"relics":["Ring of the Snake","NeowsBlessing","Lantern","Meat on the Bone","Vajra","Sozu","Kunai","Dodecahedron","Regal Pillow","Tiny Chest","Astrolabe","Ninja Scroll","Dead Branch","Red Mask","Blue Candle","Mango"],"card_choices":[{"not_picked":["Slice","Poisoned Stab"],"picked":"Deadly Poison","floor":1},{"not_picked":["All Out Attack","Prepared"],"picked":"Malaise","floor":4},{"not_picked":["Deadly Poison","Dagger Throw"],"picked":"Footwork","floor":7},{"not_picked":["Dodge and Roll","Finisher","Choke"],"picked":"SKIP","floor":8},{"not_picked":["Finisher","Choke"],"picked":"Dodge and Roll","floor":8},{"not_picked":["Flechettes","Eviscerate","Finisher"],"picked":"SKIP","floor":11},{"not_picked":["Quick Slash","Dagger Throw"],"picked":"Dash","floor":12},{"not_picked":["Malaise","Bane"],"picked":"Riddle With Holes","floor":14},{"not_picked":["Storm of Steel","Phantasmal Killer"],"picked":"Glass Knife","floor":16},{"not_picked":["Bane","PiercingWail","Distraction"],"picked":"SKIP","floor":18},{"not_picked":["Deflect","Catalyst"],"picked":"Dagger Throw","floor":19},{"not_picked":["Reflex","Heel Hook"],"picked":"Cloak And Dagger","floor":20},{"not_picked":["Masterful Stab","Bane","Sucker Punch"],"picked":"SKIP","floor":24},{"not_picked":["Prepared","Dodge and Roll","Riddle With Holes"],"picked":"SKIP","floor":25},{"not_picked":["Bane","Dagger Spray","Underhanded Strike"],"picked":"SKIP","floor":27},{"not_picked":["Eviscerate","Tactician","Calculated Gamble"],"picked":"SKIP","floor":28},{"not_picked":["Dagger Throw","Poisoned Stab"],"picked":"Caltrops+1","floor":31},{"not_picked":["PiercingWail+1","Catalyst","Bane+1"],"picked":"SKIP","floor":35},{"not_picked":["Flechettes","Quick Slash+1"],"picked":"Terror","floor":36},{"not_picked":["Cloak And Dagger","PiercingWail+1","Sucker Punch"],"picked":"SKIP","floor":37},{"not_picked":["All Out Attack","Cloak And Dagger","Deadly Poison+1"],"picked":"SKIP","floor":39},{"not_picked":["Envenom","Poisoned Stab"],"picked":"Riddle With Holes","floor":40},{"not_picked":["Underhanded Strike","Dagger Spray+1","Reflex"],"picked":"SKIP","floor":44},{"not_picked":["Flechettes","PiercingWail","Acrobatics"],"picked":"SKIP","floor":47},{"not_picked":["Acrobatics","Prepared"],"picked":"Backflip","floor":48}],"player_experience":532415,"potions_floor_usage":[16,33,33],"damage_taken":[{"damage":0,"enemies":"2 Louse","floor":1,"turns":1},{"damage":0,"enemies":"Cultist","floor":4,"turns":1},{"damage":0,"enemies":"3 Sentries","floor":7,"turns":2},{"damage":0,"enemies":"Small Slimes","floor":8,"turns":5},{"damage":3,"enemies":"Lagavulin","floor":11,"turns":13},{"damage":0,"enemies":"Exordium Wildlife","floor":12,"turns":5},{"damage":0,"enemies":"Blue Slaver","floor":14,"turns":6},{"damage":1,"enemies":"The Guardian","floor":16,"turns":15},{"damage":11,"enemies":"2 Thieves","floor":18,"turns":4},{"damage":27,"enemies":"Chosen","floor":19,"turns":6},{"damage":13,"enemies":"Snake Plant","floor":20,"turns":6},{"damage":7,"enemies":"Book of Stabbing","floor":24,"turns":7},{"damage":6,"enemies":"3 Cultists","floor":25,"turns":6},{"damage":11,"enemies":"Cultist and Chosen","floor":27,"turns":7},{"damage":64,"enemies":"Gremlin Leader","floor":28,"turns":13},{"damage":0,"enemies":"Sentry and Sphere","floor":31,"turns":8},{"damage":48,"enemies":"Collector","floor":33,"turns":14},{"damage":8,"enemies":"3 Shapes","floor":35,"turns":6},{"damage":5,"enemies":"Orb Walker","floor":36,"turns":4},{"damage":20,"enemies":"3 Darklings","floor":37,"turns":7},{"damage":1,"enemies":"Sphere and 2 Shapes","floor":39,"turns":7},{"damage":1,"enemies":"Nemesis","floor":40,"turns":7},{"damage":0,"enemies":"4 Shapes","floor":44,"turns":4},{"damage":0,"enemies":"Maw","floor":47,"turns":7},{"damage":5,"enemies":"Giant Head","floor":48,"turns":7},{"damage":52,"enemies":"Donu and Deca","floor":50,"turns":12}],"relics_obtained":[{"floor":7,"key":"Meat on the Bone"},{"floor":9,"key":"Blood Vial"},{"floor":11,"key":"Vajra"},{"floor":24,"key":"Dodecahedron"},{"floor":26,"key":"Regal Pillow"},{"floor":28,"key":"Tiny Chest"},{"floor":40,"key":"Dead Branch"},{"floor":43,"key":"Blue Candle"},{"floor":48,"key":"Mango"}],"event_choices":[{"event_name":"Scrap Ooze","player_choice":"success","floor":3,"damage_taken":3},{"event_name":"Vampires","player_choice":"Became a vampire (Vial)","floor":21,"damage_taken":0},{"event_name":"Back to Basics","player_choice":"Simplicity","floor":30,"damage_taken":0},{"event_name":"Tomb of Lord Red Mask","player_choice":"Paid","floor":41,"damage_taken":0}],"boss_relics":[{"not_picked":["Lizard Tail","Philosopher\u0027s Stone"],"picked":"Sozu"},{"not_picked":["Runic Pyramid","Snecko Eye"],"picked":"Astrolabe"}],"items_purged_floors":[38],"potions_floor_spawned":[7,11,12,24,25,27,31,35,37,39,47],"seed_played":"8475290091230551907","ascension_level":12,"potions_obtained":[{"floor":7,"key":"FearPotion"},{"floor":11,"key":"Block Potion"},{"floor":12,"key":"GamblersBrew"}],"is_trial":false}