{"gold_per_floor":[114,39,114,114,132,132,159,159,159,193,208,219,232,243,243,318,318,333,350,12,12,27,27,59,59,82,95,95,124,142,159,159,159],"floor_reached":33,"playtime":2283,"items_purged":["Strike_B"],"score":583,"play_id":"d3777d19-be53-4225-8ebb-33a6302a2b0c","local_time":"20190209190516","is_ascension_mode":true,"campfire_choices":[{"data":"Zap","floor":6.0,"key":"SMITH"},{"data":"Dualcast","floor":8.0,"key":"SMITH"},{"data":"Hologram","floor":15.0,"key":"SMITH"},{"data":"Coolheaded","floor":23.0,"key":"SMITH"},{"data":"Barrage","floor":25.0,"key":"SMITH"},{"floor":32.0,"key":"REST"}],"neow_cost":"NONE","seed_source_timestamp":19249064612170,"circlet_count":0,"master_deck":["AscendersBane","Strike_B","Strike_B","Strike_B","Defend_B","Defend_B","Defend_B","Defend_B","Zap+1","Dualcast+1","Sweeping Beam","Electrodynamics","Melter","Glacier","Go for the Eyes","Tempest","Barrage+1","Ball Lightning","Hologram+1","Machine Learning","Coolheaded+1","Beam Cell","Leap","Compile Driver","All For One","Gash","Leap","Leap","Hologram"],"special_seed":0,"relics":["Cracked Core","NeowsBlessing","Pear","Matryoshka","Sundial","Cursed Key","Lee\u0027s Waffle","Bronze Scales","Omamori","Boot","Lantern"],"potions_floor_usage":[33,33],"damage_taken":[{"damage":0.0,"enemies":"Cultist","floor":1.0,"turns":1.0},{"damage":0.0,"enemies":"Small Slimes","floor":5.0,"turns":1.0},{"damage":0.0,"enemies":"Lagavulin","floor":7.0,"turns":1.0},{"damage":13.0,"enemies":"Gremlin Nob","floor":10.0,"turns":4.0},{"damage":0.0,"enemies":"2 Louse","floor":11.0,"turns":1.0},{"damage":14.0,"enemies":"Exordium Thugs","floor":12.0,"turns":3.0},{"damage":2.0,"enemies":"Blue Slaver","floor":13.0,"turns":3.0},{"damage":11.0,"enemies":"Exordium Wildlife","floor":14.0,"turns":4.0},{"damage":8.0,"enemies":"Hexaghost","floor":16.0,"turns":11.0},{"damage":18.0,"enemies":"Shell Parasite","floor":18.0,"turns":5.0},{"damage":9.0,"enemies":"Chosen","floor":19.0,"turns":4.0},{"damage":32.0,"enemies":"Shelled Parasite and Fungi","floor":22.0,"turns":3.0},{"damage":16.0,"enemies":"Gremlin Leader","floor":24.0,"turns":5.0},{"damage":13.0,"enemies":"Snecko","floor":27.0,"turns":4.0},{"damage":5.0,"enemies":"Book of Stabbing","floor":29.0,"turns":4.0},{"damage":3.0,"enemies":"Cultist and Chosen","floor":30.0,"turns":6.0},{"damage":0.0,"enemies":"Centurion and Healer","floor":31.0,"turns":3.0},{"damage":59,"enemies":"Collector","floor":33,"turns":6}],"seed_played":"5756610198261571455","potions_obtained":[{"floor":1.0,"key":"Swift Potion"},{"floor":10.0,"key":"Block Potion"},{"floor":16.0,"key":"Weak Potion"},{"floor":18.0,"key":"FairyPotion"},{"floor":27.0,"key":"Block Potion"},{"floor":29.0,"key":"Explosive Potion"},{"floor":30.0,"key":"GamblersBrew"},{"floor":31.0,"key":"Weak Potion"}],"is_trial":false,"path_per_floor":["M","$","?","?","M","R","E","R","T","E","M","M","M","M","R","B",null,"M","M","$","?","M","R","E","R","T","M","?","E","M","M","R","B"],"character_chosen":"DEFECT","items_purchased":["Leap","Lee\u0027s Waffle","PowerPotion"],"campfire_rested":1,"item_purchase_floors":[20,20,20],"current_hp_per_floor":[64,64,53,53,53,53,63,63,63,50,50,36,34,23,23,15,65,47,38,88,88,56,56,40,40,40,27,27,22,19,19,45,0],"gold":159,"neow_bonus":"THREE_ENEMY_KILL","is_prod":false,"is_daily":false,"chose_seed":false,"campfire_upgraded":5,"win_rate":0,"timestamp":1549760716,"path_taken":["M","$","?","?","?","R","E","R","T","E","M","M","M","M","R","BOSS","M","M","$","?","M","R","E","R","T","M","?","E","?","M","R","BOSS"],"build_version":"2019-01-23","purchased_purges":1,"victory":false,"max_hp_per_floor":[71,71,71,71,71,71,81,81,81,81,81,81,81,81,81,81,81,81,81,88,88,88,88,88,88,88,88,88,88,88,88,88,88],"card_choices":[{"not_picked":["Skim","Storm"],"picked":"Sweeping Beam","floor":1.0},{"not_picked":["Streamline","Aggregate"],"picked":"Glacier","floor":5.0},{"not_picked":["Beam Cell","Scrape"],"picked":"Go for the Eyes","floor":7.0},{"not_picked":["Blizzard","Chaos"],"picked":"Tempest","floor":10.0},{"not_picked":["Aggregate","Genetic Algorithm"],"picked":"Barrage","floor":11.0},{"not_picked":["Barrage","Beam Cell","Streamline"],"picked":"SKIP","floor":12.0},{"not_picked":["Beam Cell","Go for the Eyes"],"picked":"Ball Lightning","floor":13.0},{"not_picked":["Coolheaded","Stack"],"picked":"Hologram","floor":14.0},{"not_picked":["Multi-Cast","Electrodynamics"],"picked":"Machine Learning","floor":16.0},{"not_picked":["Streamline","Force Field"],"picked":"Coolheaded","floor":18.0},{"not_picked":["Turbo","Stack"],"picked":"Beam Cell","floor":19.0},{"not_picked":["Cold Snap","Ball Lightning"],"picked":"Compile Driver","floor":22.0},{"not_picked":["Steam","Stack"],"picked":"All For One","floor":24.0},{"not_picked":["Darkness","Chaos"],"picked":"Gash","floor":27.0},{"not_picked":["Tempest","Redo"],"picked":"Leap","floor":29.0},{"not_picked":["Coolheaded","Stack"],"picked":"Leap","floor":30.0},{"not_picked":["Reinforced Body","Turbo"],"picked":"Hologram","floor":31.0}],"player_experience":552190,"relics_obtained":[{"floor":7.0,"key":"Pear"},{"floor":9.0,"key":"Matryoshka"},{"floor":10.0,"key":"Sundial"},{"floor":24.0,"key":"Bronze Scales"},{"floor":26.0,"key":"Omamori"},{"floor":26.0,"key":"Boot"},{"floor":29.0,"key":"Lantern"}],"event_choices":[{"damage_healed":0.0,"max_hp_gain":0.0,"max_hp_loss":0.0,"gold_gain":75.0,"event_name":"World of Goop","player_choice":"Gather Gold","floor":3.0,"gold_loss":0.0,"damage_taken":11.0},{"damage_healed":0.0,"max_hp_gain":0.0,"max_hp_loss":0.0,"gold_gain":0.0,"event_name":"Match and Keep!","player_choice":"2 cards matched","floor":4.0,"gold_loss":0.0,"damage_taken":0.0,"cards_obtained":["Electrodynamics","Melter"]},{"damage_healed":0.0,"max_hp_gain":0.0,"max_hp_loss":0.0,"gold_gain":0.0,"event_name":"Ghosts","player_choice":"Ignored","floor":21.0,"gold_loss":0.0,"damage_taken":0.0},{"cards_removed":["Pain"],"damage_healed":0.0,"max_hp_gain":0.0,"max_hp_loss":0.0,"gold_gain":0.0,"event_name":"Wheel of Change","player_choice":"Card Removal","floor":28.0,"gold_loss":0.0,"damage_taken":0.0}],"is_beta":false,"boss_relics":[{"not_picked":["Velvet Choker","Runic Dome"],"picked":"Cursed Key"}],"items_purged_floors":[2],"is_endless":false,"potions_floor_spawned":[1,10,13,14,16,18,27,29,30,31],"killed_by":"Collector","ascension_level":16}