{"gold_per_floor":[117,137,137,157,168,199,199,257,281,281,281,281,294,311,311,410,410,410,350,265,265,13,13,13,13,13,13,13,13,13,13,13,13,13,13,13,13,13,13,13,13,13,13,13,13,13,0,0,0,0],"floor_reached":50,"playtime":10536,"items_purged":[],"score":605,"play_id":"13404691-435e-4e86-96a7-9b3bd305d416","local_time":"20190307150135","is_ascension_mode":true,"campfire_choices":[{"data":"Loop","floor":7.0,"key":"SMITH"},{"data":"Zap","floor":12.0,"key":"SMITH"},{"floor":15.0,"key":"REST"},{"data":"Creative AI","floor":24.0,"key":"SMITH"},{"data":"Redo","floor":28.0,"key":"SMITH"},{"data":"Dualcast","floor":30.0,"key":"SMITH"},{"floor":32.0,"key":"REST"},{"data":"Coolheaded","floor":40.0,"key":"SMITH"},{"data":"Blind","floor":42.0,"key":"SMITH"},{"floor":49.0,"key":"REST"}],"neow_cost":"TEN_PERCENT_HP_LOSS","seed_source_timestamp":0,"circlet_count":0,"master_deck":["Strike_B","Defend_B+1","Defend_B","Defend_B+1","Defend_B","Zap+1","Dualcast+1","Ball Lightning","Redo+1","Loop+1","Melter","Undo","Electrodynamics","Parasite","Conserve Battery","Undo","Creative AI+1","Turbo","Lockon+1","Storm+1","Self Repair","Steam","Storm","Hologram+1","Core Surge+1","Coolheaded+1","Master of Strategy","Blind+1","Defragment+1","Storm+1","Doom and Gloom+1","Undo"],"special_seed":0,"relics":["Cracked Core","Torii","Smiling Mask","Tiny Chest","Art of War","Ectoplasm","Boot","Meat on the Bone","War Paint","Molten Egg 2","Peace Pipe","Mango","Vajra","Bottled Flame","Red Mask","Pocketwatch"],"potions_floor_usage":[],"damage_taken":[{"damage":0.0,"enemies":"2 Louse","floor":1.0,"turns":2.0},{"damage":1.0,"enemies":"Cultist","floor":2.0,"turns":3.0},{"damage":0.0,"enemies":"Small Slimes","floor":4.0,"turns":2.0},{"damage":14.0,"enemies":"3 Louse","floor":5.0,"turns":3.0},{"damage":26.0,"enemies":"Lagavulin","floor":6.0,"turns":5.0},{"damage":20.0,"enemies":"3 Sentries","floor":8.0,"turns":6.0},{"damage":8.0,"enemies":"Exordium Wildlife","floor":13.0,"turns":2.0},{"damage":2.0,"enemies":"Blue Slaver","floor":14.0,"turns":3.0},{"damage":31.0,"enemies":"The Guardian","floor":16.0,"turns":9.0},{"damage":5.0,"enemies":"3 Byrds","floor":18.0,"turns":2.0},{"damage":7.0,"enemies":"2 Thieves","floor":19.0,"turns":4.0},{"damage":15.0,"enemies":"Snake Plant","floor":21.0,"turns":4.0},{"damage":25.0,"enemies":"Book of Stabbing","floor":23.0,"turns":5.0},{"damage":13.0,"enemies":"Gremlin Leader","floor":25.0,"turns":5.0},{"damage":9.0,"enemies":"3 Cultists","floor":29.0,"turns":4.0},{"damage":21.0,"enemies":"Automaton","floor":33.0,"turns":10.0},{"damage":1.0,"enemies":"3 Shapes","floor":35.0,"turns":2.0},{"damage":36.0,"enemies":"2 Orb Walkers","floor":37.0,"turns":5.0},{"damage":1.0,"enemies":"3 Darklings","floor":38.0,"turns":3.0},{"damage":46.0,"enemies":"Nemesis","floor":41.0,"turns":7.0},{"damage":0.0,"enemies":"Sphere and 2 Shapes","floor":44.0,"turns":3.0},{"damage":44.0,"enemies":"Giant Head","floor":46.0,"turns":7.0},{"damage":14.0,"enemies":"Reptomancer","floor":48.0,"turns":5.0},{"damage":0,"enemies":"Donu and Deca","floor":50,"turns":1}],"seed_played":"1163640987397398929","potions_obtained":[{"floor":2.0,"key":"Block Potion"},{"floor":4.0,"key":"Strength Potion"},{"floor":14.0,"key":"Energy Potion"},{"floor":18.0,"key":"Regen Potion"},{"floor":21.0,"key":"Weak Potion"},{"floor":33.0,"key":"Energy Potion"},{"floor":38.0,"key":"Fire Potion"},{"floor":44.0,"key":"SteroidPotion"},{"floor":46.0,"key":"EssenceOfSteel"},{"floor":48.0,"key":"Explosive Potion"}],"is_trial":false,"path_per_floor":["M","M","?","M","M","E","R","E","T","?","?","R","M","M","R","B",null,"M","M","?","M","$","E","R","E","T","?","R","M","R","$","R","B",null,"M","?","?","M","$","R","E","R","T","M","$","E","?","E","R","B"],"character_chosen":"DEFECT","items_purchased":["Meat on the Bone"],"campfire_rested":3,"item_purchase_floors":[22],"current_hp_per_floor":[68,67,67,67,53,27,27,7,7,7,24,24,16,14,34,3,68,63,56,56,41,41,28,28,48,48,48,48,39,39,39,59,45,68,68,63,60,59,59,59,32,32,32,51,51,26,26,24,48,48],"gold":0,"neow_bonus":"ONE_RARE_RELIC","is_prod":false,"is_daily":false,"chose_seed":false,"campfire_upgraded":7,"win_rate":0,"timestamp":1551967295,"path_taken":["M","M","?","M","?","E","R","E","T","?","?","R","M","M","R","BOSS","M","M","?","M","$","E","R","E","T","?","R","M","R","$","R","BOSS","M","?","?","?","$","R","E","R","T","M","?","E","?","E","R","BOSS"],"build_version":"2019-01-23","purchased_purges":0,"victory":false,"max_hp_per_floor":[68,68,68,68,68,68,68,68,68,68,68,68,68,68,68,68,68,68,68,68,68,68,68,68,68,68,68,68,68,68,68,68,68,68,68,68,82,82,82,82,82,82,82,82,82,82,82,82,82,82],"card_choices":[{"not_picked":["Compile Driver","FTL"],"picked":"Ball Lightning","floor":1.0},{"not_picked":["Beam Cell","Leap"],"picked":"Redo","floor":2.0},{"not_picked":["Ball Lightning","Fusion"],"picked":"Loop","floor":4.0},{"not_picked":["Barrage","Ball Lightning"],"picked":"Melter","floor":5.0},{"not_picked":["Leap","Turbo"],"picked":"Undo","floor":6.0},{"not_picked":["BootSequence","Ball Lightning"],"picked":"Electrodynamics","floor":8.0},{"not_picked":["Ball Lightning","Reprogram"],"picked":"Conserve Battery","floor":13.0},{"not_picked":["Redo","Skim"],"picked":"Undo","floor":14.0},{"not_picked":["Seek","Hyperbeam"],"picked":"Creative AI","floor":16.0},{"not_picked":["Skim","Compile Driver"],"picked":"Turbo","floor":18.0},{"not_picked":["Turbo","Double Energy"],"picked":"Lockon+1","floor":19.0},{"not_picked":["Buffer","Heatsinks"],"picked":"Storm+1","floor":21.0},{"not_picked":["Reprogram","Machine Learning"],"picked":"Self Repair","floor":23.0},{"not_picked":["Beam Cell","Loop","Lockon"],"picked":"SKIP","floor":25.0},{"not_picked":["Lockon+1","Streamline+1"],"picked":"Hologram+1","floor":29.0},{"not_picked":["Meteor Strike+1","Machine Learning"],"picked":"Core Surge+1","floor":33.0},{"not_picked":["Ball Lightning+1","Cold Snap+1"],"picked":"Coolheaded","floor":35.0},{"not_picked":["Mind Blast+1","Enlightenment"],"picked":"Master of Strategy","floor":36.0},{"not_picked":["Madness","Violence"],"picked":"Blind","floor":36.0},{"not_picked":["Leap","Stack+1"],"picked":"Defragment+1","floor":37.0},{"not_picked":["Stack","Barrage+1","Streamline+1"],"picked":"SKIP","floor":38.0},{"not_picked":["Lockon+1","Turbo+1"],"picked":"Storm+1","floor":41.0},{"not_picked":["Rebound+1","Ball Lightning+1"],"picked":"Doom and Gloom+1","floor":44.0},{"not_picked":["Ball Lightning+1","Hologram"],"picked":"Undo","floor":46.0},{"not_picked":["Reboot","Streamline+1","Redo"],"picked":"SKIP","floor":48.0}],"player_experience":459973,"relics_obtained":[{"floor":6.0,"key":"Smiling Mask"},{"floor":8.0,"key":"Tiny Chest"},{"floor":9.0,"key":"Art of War"},{"floor":23.0,"key":"War Paint"},{"floor":25.0,"key":"Molten Egg 2"},{"floor":26.0,"key":"Peace Pipe"},{"floor":37.0,"key":"Mango"},{"floor":41.0,"key":"Vajra"},{"floor":46.0,"key":"Bottled Flame"},{"floor":48.0,"key":"Pocketwatch"}],"event_choices":[{"cards_removed":["Strike_B"],"damage_healed":0.0,"max_hp_gain":0.0,"max_hp_loss":0.0,"gold_gain":0.0,"event_name":"Purifier","player_choice":"Purged","floor":3.0,"gold_loss":0.0,"damage_taken":0.0},{"damage_healed":0.0,"max_hp_gain":0.0,"max_hp_loss":0.0,"gold_gain":0.0,"event_name":"Liars Game","player_choice":"Ignored","floor":10.0,"gold_loss":0.0,"damage_taken":0.0},{"damage_healed":17.0,"max_hp_gain":0.0,"max_hp_loss":0.0,"gold_gain":0.0,"event_name":"Mushrooms","player_choice":"Healed and dodged fight","floor":11.0,"gold_loss":0.0,"damage_taken":0.0,"cards_obtained":["Parasite"]},{"damage_healed":0.0,"max_hp_gain":0.0,"max_hp_loss":0.0,"gold_gain":0.0,"event_name":"Addict","player_choice":"Obtained Relic","floor":20.0,"gold_loss":85.0,"damage_taken":0.0,"relics_obtained":["Boot"]},{"damage_healed":0.0,"max_hp_gain":0.0,"max_hp_loss":0.0,"gold_gain":0.0,"cards_transformed":["Strike_B","Strike_B"],"event_name":"Drug Dealer","player_choice":"Became Test Subject","floor":27.0,"gold_loss":0.0,"damage_taken":0.0,"cards_obtained":["Steam","Storm"]},{"damage_healed":0.0,"max_hp_gain":0.0,"max_hp_loss":0.0,"gold_gain":0.0,"event_name":"SensoryStone","player_choice":"Memory 2","floor":36.0,"gold_loss":0.0,"damage_taken":5.0},{"damage_healed":0.0,"max_hp_gain":0.0,"max_hp_loss":0.0,"gold_gain":0.0,"event_name":"Mysterious Sphere","player_choice":"Fight","floor":37.0,"gold_loss":0.0,"damage_taken":0.0},{"damage_healed":0.0,"max_hp_gain":0.0,"max_hp_loss":0.0,"gold_gain":0.0,"event_name":"Tomb of Lord Red Mask","player_choice":"Paid","floor":47.0,"gold_loss":13.0,"damage_taken":0.0,"relics_obtained":["Red Mask"]}],"is_beta":false,"boss_relics":[{"not_picked":["Sozu","Black Star"],"picked":"Ectoplasm"},{"not_picked":["Runic Dome","FrozenCore","Busted Crown"]}],"items_purged_floors":[],"is_endless":false,"potions_floor_spawned":[2,4,14,18,21,33,38,44,46,48],"killed_by":"Donu and Deca","ascension_level":1}