{"gold_per_floor":[109,126,51,64,14,39,39,139,139,165,25,42,61,78,78,175,225,240,240,339,339,6,40,52,86,86,86,19,30,30,40,40,40],"floor_reached":33,"playtime":2510,"items_purged":["Strike_R"],"score":295,"play_id":"13e50a11-fdbe-4133-9bca-1ea942983d51","local_time":"20180729020601","is_ascension_mode":false,"campfire_choices":[{"data":"Double Tap","floor":15,"key":"SMITH"},{"floor":30,"key":"REST"},{"floor":32,"key":"REST"}],"neow_cost":"NONE","seed_source_timestamp":0,"circlet_count":0,"master_deck":["Strike_R+1","Strike_R+1","Strike_R+1","Defend_R+1","Defend_R+1","Defend_R+1","Defend_R+1","Bash","Bludgeon","Shrug It Off","Anger+1","Rage","Flame Barrier","Juggernaut","Double Tap+1","Iron Wave+1","Body Slam+1","Inflame","Barricade","Cleave+1","Perfected Strike+1","Metallicize","Anger+1","Searing Blow+1","Twin Strike+1","Ghostly Armor","Entrench","Spot Weakness","Armaments"],"special_seed":0,"relics":["Burning Blood","Ginger","Molten Egg 2","Boot","Tiny House","Meat on the Bone","NlothsMask","Toolbox","Vajra","Charon\u0027s Ashes"],"potions_floor_usage":[14,16,16,18,18,18,18,18,23,25],"damage_taken":[{"damage":0.0,"enemies":"Cultist","floor":1.0,"turns":4.0},{"damage":5.0,"enemies":"2 Louse","floor":2.0,"turns":3.0},{"damage":3.0,"enemies":"Small Slimes","floor":4.0,"turns":2.0},{"damage":14,"enemies":"3 Sentries","floor":6,"turns":9},{"damage":9,"enemies":"Lagavulin","floor":10,"turns":8},{"damage":4,"enemies":"Looter","floor":12,"turns":2},{"damage":0,"enemies":"Exordium Thugs","floor":13,"turns":4},{"damage":0,"enemies":"2 Fungi Beasts","floor":14,"turns":2},{"damage":54,"enemies":"Hexaghost","floor":16,"turns":10},{"damage":20,"enemies":"Shell Parasite","floor":18,"turns":6},{"damage":49,"enemies":"Slavers","floor":23,"turns":7},{"damage":0,"enemies":"Chosen","floor":24,"turns":4},{"damage":60,"enemies":"Book of Stabbing","floor":25,"turns":6},{"damage":19,"enemies":"Slaver and Parasite","floor":29,"turns":7},{"damage":13,"enemies":"Centurion and Healer","floor":31,"turns":7},{"damage":84,"enemies":"Automaton","floor":33,"turns":12}],"seed_played":"-8171158810091429833","potions_obtained":[{"floor":2.0,"key":"Fire Potion"},{"floor":6,"key":"BloodPotion"},{"floor":10,"key":"Dexterity Potion"},{"floor":14,"key":"SkillPotion"},{"floor":17,"key":"EntropicBrew"},{"floor":18,"key":"SkillPotion"},{"floor":24,"key":"Regen Potion"}],"is_trial":false,"path_per_floor":["M","M","$","M","?","E","$","?","T","E","$","M","M","M","R","B",null,"M","T","?","?","$","E","M","E","T","?","$","M","R","M","R"],"character_chosen":"IRONCLAD","items_purchased":["Double Tap","Toolbox","Metallicize","Anger+1","Entrench"],"campfire_rested":2,"item_purchase_floors":[11,22,22,22,28],"current_hp_per_floor":[80,80,80,80,80,72,72,72,72,69,69,71,77,80,80,32,85,79,79,79,79,79,48,54,27,27,27,27,26,51,56,81,0],"gold":40,"neow_bonus":"ONE_RANDOM_RARE_CARD","is_prod":false,"is_daily":false,"chose_seed":false,"campfire_upgraded":1,"win_rate":0.0,"timestamp":1532822761,"path_taken":["M","?","$","M","?","E","?","?","T","E","$","M","M","M","R","BOSS","M","?","?","?","?","E","M","E","T","?","$","?","R","M","R","BOSS"],"build_version":"2018-07-26","purchased_purges":1,"victory":false,"max_hp_per_floor":[80,80,80,80,80,80,80,80,80,80,80,80,80,80,80,80,85,85,85,85,85,85,85,85,85,85,85,85,85,85,85,85,85],"card_choices":[{"not_picked":["Corruption","Sword Boomerang"],"picked":"Shrug It Off","floor":1.0},{"not_picked":["Carnage","Warcry"],"picked":"Anger","floor":2.0},{"not_picked":["Clothesline","Intimidate"],"picked":"Rage","floor":4},{"not_picked":["Heavy Blade","Dark Embrace"],"picked":"Flame Barrier","floor":6},{"not_picked":["Anger+1","Perfected Strike+1"],"picked":"Juggernaut","floor":10},{"not_picked":["Pummel+1","Seeing Red"],"picked":"Iron Wave+1","floor":12},{"not_picked":["Burning Pact","Power Through"],"picked":"Body Slam+1","floor":13},{"not_picked":["Burning Pact","True Grit"],"picked":"Inflame","floor":14},{"not_picked":["Reaper+1","Fiend Fire+1"],"picked":"Barricade","floor":16},{"not_picked":["Iron Wave+1","Intimidate"],"picked":"Cleave+1","floor":17},{"not_picked":["Headbutt+1","Flame Barrier+1"],"picked":"Perfected Strike+1","floor":18},{"not_picked":["Reckless Charge+1","Headbutt+1"],"picked":"Searing Blow+1","floor":23},{"not_picked":["Shockwave","Pommel Strike+1"],"picked":"Twin Strike+1","floor":24},{"not_picked":["Rupture","Clash+1"],"picked":"Ghostly Armor","floor":25},{"not_picked":["Burning Pact","Twin Strike+1"],"picked":"Spot Weakness","floor":29},{"not_picked":["Barricade","Perfected Strike+1"],"picked":"Armaments","floor":31}],"player_experience":34118,"relics_obtained":[{"floor":6,"key":"Ginger"},{"floor":9,"key":"Molten Egg 2"},{"floor":10,"key":"Boot"},{"floor":19,"key":"Meat on the Bone"},{"floor":23,"key":"Vajra"},{"floor":25,"key":"Charon\u0027s Ashes"}],"event_choices":[{"event_name":"The Cleric","player_choice":"Card Removal","floor":5,"damage_taken":0},{"event_name":"Golden Shrine","player_choice":"Pray","floor":8,"damage_taken":0},{"event_name":"Nest","player_choice":"Stole From Cult","floor":20,"damage_taken":0},{"event_name":"FaceTrader","player_choice":"Trade","floor":21,"damage_taken":0},{"event_name":"Back to Basics","player_choice":"Simplicity","floor":27,"damage_taken":0}],"is_beta":false,"boss_relics":[{"not_picked":["Black Star","White Beast Statue"],"picked":"Tiny House"}],"items_purged_floors":[3],"is_endless":false,"potions_floor_spawned":[2,6,10,13,14,18,24],"killed_by":"Automaton","ascension_level":0}