{"gold_per_floor":[114,124,139,153,153,169,169,183,183,208,208,246,271,290,290,415,415,436,436,450,450,471,471,492,492,516,516,532,457,186,207,207,330,330,345,345,470,495,21,21,42,62,62,77,77,77,377,390,390,390,390,390,0,39,39],"floor_reached":55,"playtime":2762,"items_purged":["Strike_B","Creative AI","Parasite"],"score":677,"play_id":"3f8a8aee-04c2-4e46-9193-30597f2354cc","local_time":"20190420145123","is_ascension_mode":false,"campfire_choices":[{"data":"Zap","floor":7.0,"key":"SMITH"},{"data":"Biased Cognition","floor":15.0,"key":"SMITH"},{"data":"Dualcast","floor":23.0,"key":"SMITH"},{"data":"Electrodynamics","floor":25.0,"key":"SMITH"},{"data":"Capacitor","floor":27.0,"key":"SMITH"},{"data":"Go for the Eyes","floor":32.0,"key":"SMITH"},{"floor":40.0,"key":"DIG"},{"floor":46.0,"key":"DIG"},{"floor":49.0,"key":"RECALL"},{"data":"Buffer","floor":52,"key":"SMITH"}],"neow_cost":"TEN_PERCENT_HP_LOSS","seed_source_timestamp":0,"circlet_count":0,"master_deck":["Defend_B","Defend_B","Defend_B","Zap+1","Dualcast+1","Conserve Battery","Coolheaded","Go for the Eyes+1","BootSequence","Steam","Capacitor+1","Biased Cognition+1","Ball Lightning","Electrodynamics+1","Necronomicurse","Defragment+1","Buffer+1","Ball Lightning","Cold Snap","Cold Snap","Defragment+1","Static Discharge+1","Leap+1","Auto Shields+1","Conserve Battery+1","Coolheaded+1","Chill","Defragment","Force Field","Capacitor+1"],"special_seed":0,"relics":["Cracked Core","Golden Idol","Potion Belt","Velvet Choker","Necronomicon","Orichalcum","DollysMirror","Philosopher\u0027s Stone","Shovel","Medical Kit","Meat on the Bone","Kunai","Singing Bowl","Bronze Scales","Bottled Tornado"],"potions_floor_usage":[55],"damage_taken":[{"damage":8.0,"enemies":"Small Slimes","floor":1.0,"turns":3.0},{"damage":0.0,"enemies":"2 Louse","floor":2.0,"turns":2.0},{"damage":0.0,"enemies":"Jaw Worm","floor":3.0,"turns":3.0},{"damage":15.0,"enemies":"Lots of Slimes","floor":4.0,"turns":4.0},{"damage":1.0,"enemies":"3 Louse","floor":6.0,"turns":3.0},{"damage":0.0,"enemies":"Red Slaver","floor":8.0,"turns":3.0},{"damage":1.0,"enemies":"Exordium Wildlife","floor":10.0,"turns":6.0},{"damage":0.0,"enemies":"Gremlin Nob","floor":12.0,"turns":5.0},{"damage":6.0,"enemies":"Lots of Slimes","floor":13.0,"turns":4.0},{"damage":2.0,"enemies":"Blue Slaver","floor":14.0,"turns":3.0},{"damage":17.0,"enemies":"Slime Boss","floor":16.0,"turns":9.0},{"damage":0.0,"enemies":"3 Byrds","floor":18.0,"turns":2.0},{"damage":0.0,"enemies":"Chosen","floor":20.0,"turns":3.0},{"damage":10.0,"enemies":"Snecko","floor":22.0,"turns":5.0},{"damage":0.0,"enemies":"3 Cultists","floor":24.0,"turns":3.0},{"damage":0.0,"enemies":"Shelled Parasite and Fungi","floor":28.0,"turns":4.0},{"damage":0.0,"enemies":"Snake Plant","floor":31.0,"turns":4.0},{"damage":13.0,"enemies":"Champ","floor":33.0,"turns":10.0},{"damage":6.0,"enemies":"Orb Walker","floor":35.0,"turns":3.0},{"damage":21.0,"enemies":"Mind Bloom Boss Battle","floor":37.0,"turns":5.0},{"damage":0.0,"enemies":"3 Darklings","floor":38.0,"turns":3.0},{"damage":2.0,"enemies":"Writhing Mass","floor":41.0,"turns":6.0},{"damage":3.0,"enemies":"Jaw Worm Horde","floor":42.0,"turns":5.0},{"damage":26.0,"enemies":"Sphere and 2 Shapes","floor":44.0,"turns":4.0},{"damage":24.0,"enemies":"Transient","floor":48.0,"turns":5.0},{"damage":9.0,"enemies":"Awakened One","floor":50.0,"turns":20.0},{"damage":48,"enemies":"Shield and Spear","floor":54,"turns":8},{"damage":32,"enemies":"The Heart","floor":55,"turns":5}],"seed_played":"-8351812232030818036","potions_obtained":[{"floor":4.0,"key":"FearPotion"},{"floor":6.0,"key":"FocusPotion"},{"floor":8.0,"key":"PowerPotion"},{"floor":16.0,"key":"Swift Potion"},{"floor":24.0,"key":"Ancient Potion"},{"floor":28.0,"key":"FearPotion"},{"floor":31.0,"key":"EssenceOfSteel"},{"floor":33.0,"key":"Block Potion"},{"floor":37.0,"key":"LiquidBronze"},{"floor":44.0,"key":"Dexterity Potion"},{"floor":54,"key":"Block Potion"}],"is_trial":false,"path_per_floor":["M","M","M","M","?","M","R","M","T","M","?","E","M","M","R","B",null,"M","?","M","?","M","R","M","R","T","R","M","?","$","M","R","B",null,"M","?","?","M","$","R","M","M","T","M","$","R","?","M","R","B",null,"R","$","E","B"],"character_chosen":"DEFECT","items_purchased":["DollysMirror","Medical Kit","Block Potion","SteroidPotion","LiquidBronze","Bronze Scales","Defragment","Force Field"],"campfire_rested":0,"item_purchase_floors":[30,39,39,39,39,53,53,53],"current_hp_per_floor":[60,60,60,45,28,27,27,27,27,26,31,31,25,23,23,6,73,73,57,57,57,47,47,47,47,47,47,47,47,47,47,47,34,73,67,67,46,46,46,46,44,41,41,27,27,27,27,17,17,20,71,71,68,32,0],"gold":39,"neow_bonus":"REMOVE_TWO","is_prod":false,"is_daily":false,"chose_seed":false,"campfire_upgraded":7,"win_rate":0,"timestamp":1555797083,"path_taken":["M","M","M","M","?","M","R","M","T","M","?","E","M","M","R","BOSS","M","?","M","?","M","R","M","R","T","R","M","?","$","M","R","BOSS","M","?","?","M","$","R","M","M","T","?","?","R","?","M","R","BOSS","R","$","E","BOSS"],"build_version":"2019-01-23","purchased_purges":3,"victory":false,"max_hp_per_floor":[68,68,68,68,68,68,68,68,68,68,73,73,73,73,73,73,73,73,73,73,73,73,73,73,73,73,73,73,73,73,73,73,73,73,73,69,69,69,69,69,69,69,69,69,69,69,69,71,71,71,71,71,68,68,68],"card_choices":[{"not_picked":["Leap","Lockon"],"picked":"Conserve Battery","floor":1.0},{"not_picked":["Compile Driver","Sweeping Beam"],"picked":"Coolheaded","floor":2.0},{"not_picked":["Blizzard","Stack"],"picked":"Go for the Eyes","floor":3.0},{"not_picked":["Stack","Consume"],"picked":"BootSequence","floor":4.0},{"not_picked":["Gash","Barrage"],"picked":"Steam","floor":6.0},{"not_picked":["Steam Power","Recycle","Blizzard"],"picked":"SKIP","floor":8.0},{"not_picked":["Gash","Streamline"],"picked":"Capacitor","floor":10.0},{"not_picked":["Storm","Steam","Reinforced Body"],"picked":"SKIP","floor":12.0},{"not_picked":["Storm","Force Field"],"picked":"Biased Cognition","floor":13.0},{"not_picked":["Conserve Battery","Loop"],"picked":"Ball Lightning","floor":14.0},{"not_picked":["Reboot","Biased Cognition"],"picked":"Electrodynamics","floor":16.0},{"not_picked":["Hologram","Gash","Blizzard+1"],"picked":"SKIP","floor":18.0},{"not_picked":["Streamline","Double Energy"],"picked":"Defragment+1","floor":20.0},{"not_picked":["Scrape","Conserve Battery"],"picked":"Ball Lightning","floor":22.0},{"not_picked":["Hologram","Rainbow"],"picked":"Cold Snap","floor":24.0},{"not_picked":["Genetic Algorithm","Ball Lightning"],"picked":"Cold Snap","floor":28.0},{"not_picked":["Compile Driver","Streamline"],"picked":"Static Discharge+1","floor":31.0},{"not_picked":["Fission","Thunder Strike"],"picked":"Creative AI","floor":33.0},{"not_picked":["Storm","Gash+1"],"picked":"Leap+1","floor":35.0},{"not_picked":["Hologram+1","Rip and Tear+1"],"picked":"Auto Shields+1","floor":37.0},{"not_picked":["Double Energy+1","Lockon+1","Barrage+1"],"picked":"SKIP","floor":38.0},{"not_picked":["Stack","Blizzard"],"picked":"Conserve Battery+1","floor":41.0},{"not_picked":["Barrage","Melter+1"],"picked":"Coolheaded+1","floor":42.0},{"not_picked":["Turbo","Sweeping Beam+1"],"picked":"Chill","floor":44.0},{"not_picked":["Blizzard+1","Conserve Battery+1","Ball Lightning"],"picked":"Singing Bowl","floor":48.0},{"not_picked":["Sweeping Beam+1","White Noise"],"picked":"Capacitor+1","floor":54}],"player_experience":1259373,"relics_obtained":[{"floor":12.0,"key":"Potion Belt"},{"floor":19.0,"key":"Necronomicon"},{"floor":26.0,"key":"Orichalcum"},{"floor":37.0,"key":"Shovel"},{"floor":40.0,"key":"Meat on the Bone"},{"floor":43.0,"key":"Kunai"},{"floor":46.0,"key":"Singing Bowl"},{"floor":54,"key":"Bottled Tornado"}],"event_choices":[{"damage_healed":0.0,"max_hp_gain":0.0,"max_hp_loss":0.0,"gold_gain":0.0,"event_name":"Golden Idol","player_choice":"Take Damage","floor":5.0,"gold_loss":0.0,"damage_taken":17.0,"relics_obtained":["Golden Idol"]},{"damage_healed":0.0,"max_hp_gain":5.0,"max_hp_loss":0.0,"gold_gain":0.0,"event_name":"Big Fish","player_choice":"Donut","floor":11.0,"gold_loss":0.0,"damage_taken":0.0},{"damage_healed":0.0,"max_hp_gain":0.0,"max_hp_loss":0.0,"gold_gain":0.0,"event_name":"Cursed Tome","player_choice":"Obtained Book","floor":19.0,"gold_loss":0.0,"damage_taken":16.0},{"damage_healed":0.0,"max_hp_gain":0.0,"max_hp_loss":0.0,"gold_gain":0.0,"cards_transformed":["Strike_B","Strike_B"],"event_name":"Drug Dealer","player_choice":"Became Test Subject","floor":21.0,"gold_loss":0.0,"damage_taken":0.0,"cards_obtained":["Hello World","Buffer"]},{"cards_removed":["Hello World"],"damage_healed":0.0,"max_hp_gain":0.0,"max_hp_loss":0.0,"gold_gain":0.0,"event_name":"Beggar","player_choice":"Gave Gold","floor":29.0,"gold_loss":75.0,"damage_taken":0.0},{"damage_healed":0.0,"max_hp_gain":0.0,"max_hp_loss":4.0,"gold_gain":0.0,"event_name":"Winding Halls","player_choice":"Max HP","floor":36.0,"gold_loss":0.0,"damage_taken":0.0},{"damage_healed":0.0,"max_hp_gain":0.0,"max_hp_loss":0.0,"gold_gain":0.0,"event_name":"MindBloom","player_choice":"Fight","floor":37.0,"gold_loss":0.0,"damage_taken":0.0},{"damage_healed":0.0,"max_hp_gain":0.0,"max_hp_loss":0.0,"gold_gain":300.0,"event_name":"Wheel of Change","player_choice":"Gold","floor":47.0,"gold_loss":0.0,"damage_taken":0.0}],"is_beta":false,"boss_relics":[{"not_picked":["Lizard Tail","Runic Pyramid"],"picked":"Velvet Choker"},{"not_picked":["Eternal Feather","FrozenCore"],"picked":"Philosopher\u0027s Stone"}],"items_purged_floors":[30,39,53],"is_endless":false,"potions_floor_spawned":[4,6,8,16,24,28,31,33,37,44,54],"killed_by":"The Heart","ascension_level":0}