{"path_per_floor":["M","M","M","M","?","E","M","?","T","R","?","E","M","M","R","B",null,"M","M","M","?","M","E","M","M","T","M","?","M","M","?","R"],"character_chosen":"IRONCLAD","items_purchased":[],"gold_per_floor":[114,125,144,161,161,188,207,207,207,207,207,239,250,263,263,361,361,361,361,361,331,331,331,331,331,331,331,256,256,256,256,256],"floor_reached":33,"campfire_rested":2,"playtime":2709,"current_hp_per_floor":[80,80,80,71,71,41,43,43,43,67,67,58,56,54,54,37,80,80,75,67,67,45,45,51,41,48,28,28,14,15,15,41],"items_purged":[],"gold":256,"score":313,"play_id":"31800c38-29ec-41b0-9a64-bb608334f566","is_prod":false,"is_daily":false,"is_ascension_mode":false,"campfire_upgraded":1,"path_taken":["M","M","M","M","?","E","M","?","T","R","?","E","M","M","R","BOSS","M","M","M","?","M","E","M","M","T","M","?","M","?","?","R","BOSS"],"build_version":"2018-02-15-PROD1","purchased_purges":0,"victory":false,"master_deck":["Strike_R","Strike_R","Strike_R","Strike_R","Strike_R","Defend_R+1","Defend_R","Defend_R","Defend_R+1","Rampage","Pommel Strike","Iron Wave","Pommel Strike","Shockwave+1","Iron Wave","Twin Strike","Perfected Strike+1","Flame Barrier","Seeing Red","Anger","Anger","Blood for Blood","Anger","Twin Strike+1","Blood for Blood","Anger+1","Decay"],"max_hp_per_floor":[80,80,80,80,80,80,80,80,80,80,80,80,80,80,80,80,80,80,80,80,80,80,80,80,80,87,87,87,87,87,87,87],"relics":["Burning Blood","Letter Opener","War Paint","Frozen Eye","Red Skull","Ectoplasm","Orichalcum","Strawberry"],"card_choices":[{"not_picked":["Power Through","Armaments"],"picked":"Rampage"},{"not_picked":["True Grit","Warcry"],"picked":"Pommel Strike"},{"not_picked":["Cleave","Feel No Pain"],"picked":"Iron Wave"},{"not_picked":["Impervious","Thunderclap"],"picked":"Pommel Strike"},{"not_picked":["Corruption","Fire Breathing"],"picked":"Shockwave"},{"not_picked":["Shrug It Off","Battle Trance"],"picked":"Iron Wave"},{"not_picked":["Cleave","Rage"],"picked":"Twin Strike"},{"not_picked":["Clash","Cleave"],"picked":"Perfected Strike"},{"not_picked":["Offering","Dark Embrace"],"picked":"Bludgeon"},{"not_picked":["Pommel Strike","Uppercut"],"picked":"Flame Barrier"},{"not_picked":["Headbutt","Flex"],"picked":"Seeing Red"},{"not_picked":["Heavy Blade","Twin Strike"],"picked":"Anger"},{"not_picked":["Bloodletting","Spot Weakness"],"picked":"Anger"},{"not_picked":["Anger","Thunderclap"],"picked":"Blood for Blood"},{"not_picked":["Sword Boomerang","Body Slam"],"picked":"Anger"},{"not_picked":["Clothesline","Offering"],"picked":"Twin Strike"},{"not_picked":["Disarm","Sword Boomerang"],"picked":"Blood for Blood"},{"not_picked":["Cleave","Rupture"],"picked":"Anger"}],"player_experience":18111,"potions_floor_usage":[16,16,16,23,33,33,33],"damage_taken":[{"damage":1,"enemies":"Small Slimes","floor":1,"turns":4},{"damage":5,"enemies":"Cultist","floor":2,"turns":4},{"damage":1,"enemies":"Jaw Worm","floor":3,"turns":4},{"damage":15,"enemies":"Lots of Slimes","floor":4,"turns":4},{"damage":36,"enemies":"Lagavulin","floor":6,"turns":8},{"damage":4,"enemies":"Exordium Thugs","floor":7,"turns":5},{"damage":15,"enemies":"Gremlin Nob","floor":12,"turns":4},{"damage":8,"enemies":"Exordium Wildlife","floor":13,"turns":4},{"damage":8,"enemies":"2 Fungi Beasts","floor":14,"turns":3},{"damage":23,"enemies":"Hexaghost","floor":16,"turns":7},{"damage":2,"enemies":"Chosen","floor":18,"turns":3},{"damage":11,"enemies":"Spheric Guardian","floor":19,"turns":4},{"damage":14,"enemies":"Centurion and Healer","floor":20,"turns":4},{"damage":28,"enemies":"Slaver and Parasite","floor":22,"turns":6},{"damage":18,"enemies":"Book of Stabbing","floor":23,"turns":4},{"damage":0,"enemies":"Snecko","floor":24,"turns":3},{"damage":16,"enemies":"Cultist and Chosen","floor":25,"turns":6},{"damage":26,"enemies":"Centurion and Healer","floor":27,"turns":4},{"damage":20,"enemies":"Slaver and Parasite","floor":29,"turns":5},{"damage":5,"enemies":"Sentry and Sphere","floor":30,"turns":3},{"damage":66,"enemies":"Automaton","floor":33,"turns":6}],"event_choices":[{"event_name":"Accursed Blacksmith","player_choice":"Rummage","floor":5,"damage_taken":0},{"event_name":"Purifier","player_choice":"One Purge","floor":8,"damage_taken":0},{"event_name":"Living Wall","player_choice":"Grow","floor":11,"damage_taken":0},{"event_name":"The Woman in Blue","player_choice":"Bought 2 Potions","floor":21,"damage_taken":0},{"event_name":"Beggar","player_choice":"Gave Gold","floor":28,"damage_taken":0},{"event_name":"Forgotten Altar","player_choice":"Smashed Altar","floor":31,"damage_taken":0}],"boss_relics":[{"not_picked":["Orrery","Tiny House"],"picked":"Ectoplasm"}],"potions_floor_spawned":[1,2,6,13,14,19,23,24,27,30],"seed_played":"-8083541466427504036","killed_by":"Automaton","ascension_level":0,"is_trial":false}