{"gold_per_floor":[110,130,140,154,170,170,170,170,218,258,270,299,325,372,384,496,508,530,542,573,596,624,636,681,693,731,759,771],"floor_reached":28,"playtime":1563,"items_purged":[],"score":254,"play_id":"d05423a9-b816-4a8c-a403-0d6d78843a3c","local_time":"20181002090158","is_ascension_mode":false,"campfire_choices":[{"data":"Zap","floor":6.0,"key":"SMITH"},{"data":"Dualcast","floor":8.0,"key":"SMITH"},{"data":"Conserve Battery","floor":11.0,"key":"SMITH"},{"data":"Compile Driver","floor":15.0,"key":"SMITH"},{"data":"Go for the Eyes","floor":23,"key":"SMITH"},{"floor":25,"key":"REST"}],"neow_cost":"NONE","seed_source_timestamp":0,"circlet_count":0,"master_deck":["Strike_B","Strike_B","Strike_B","Strike_B","Defend_B","Defend_B","Defend_B","Defend_B","Zap+1","Dualcast+1","Coolheaded","Conserve Battery+1","Compile Driver+1","Regret","Cold Snap","Glacier","Echo Form","Capacitor","Go for the Eyes+1","Loop+1","Machine Learning+1","Glacier","Regret"],"special_seed":0,"relics":["Cracked Core","Blue Candle","MawBank","Dream Catcher","Strawberry","Cursed Key","MutagenicStrength","Frozen Egg 2","Blood Vial"],"potions_floor_usage":[22],"damage_taken":[{"damage":3.0,"enemies":"Jaw Worm","floor":1.0,"turns":3.0},{"damage":0.0,"enemies":"Small Slimes","floor":2.0,"turns":3.0},{"damage":1.0,"enemies":"Cultist","floor":3.0,"turns":3.0},{"damage":7.0,"enemies":"2 Fungi Beasts","floor":4.0,"turns":3.0},{"damage":7.0,"enemies":"3 Louse","floor":5.0,"turns":4.0},{"damage":4.0,"enemies":"3 Sentries","floor":10.0,"turns":4.0},{"damage":5.0,"enemies":"Exordium Wildlife","floor":12.0,"turns":4.0},{"damage":18.0,"enemies":"Exordium Thugs","floor":13.0,"turns":5.0},{"damage":10.0,"enemies":"Lagavulin","floor":14.0,"turns":7.0},{"damage":10.0,"enemies":"Hexaghost","floor":16.0,"turns":16.0},{"damage":6.0,"enemies":"3 Byrds","floor":18.0,"turns":6.0},{"damage":2.0,"enemies":"Shell Parasite","floor":20.0,"turns":5.0},{"damage":10.0,"enemies":"Shelled Parasite and Fungi","floor":21.0,"turns":6.0},{"damage":26,"enemies":"Sentry and Sphere","floor":22,"turns":6},{"damage":27,"enemies":"Book of Stabbing","floor":24,"turns":9},{"damage":30,"enemies":"Cultist and Chosen","floor":27,"turns":8},{"damage":19,"enemies":"Shelled Parasite and Fungi","floor":28,"turns":3}],"seed_played":"6037685547903346183","potions_obtained":[{"floor":3.0,"key":"Fire Potion"},{"floor":4.0,"key":"AttackPotion"},{"floor":10.0,"key":"FocusPotion"},{"floor":12.0,"key":"Swift Potion"},{"floor":18.0,"key":"FairyPotion"},{"floor":21.0,"key":"SpeedPotion"}],"is_trial":false,"path_per_floor":["M","M","M","M","M","R","?","R","T","E","R","M","M","E","R","B",null,"M","?","M","M","M","R","E","R","T","M"],"character_chosen":"DEFECT","items_purchased":[],"campfire_rested":1,"item_purchase_floors":[],"current_hp_per_floor":[72,72,71,64,57,57,57,57,57,53,53,48,30,27,27,17,82,76,76,74,64,38,38,11,35,35,7,0],"gold":771,"neow_bonus":"THREE_CARDS","is_prod":false,"is_daily":false,"chose_seed":false,"campfire_upgraded":5,"win_rate":0,"timestamp":1538496118,"path_taken":["M","M","M","M","M","R","?","R","T","E","R","M","M","E","R","BOSS","M","?","M","M","M","R","E","R","T","M","M"],"build_version":"2018-09-27","purchased_purges":0,"victory":false,"max_hp_per_floor":[75,75,75,75,75,75,75,75,75,75,75,75,75,82,82,82,82,82,82,82,82,82,82,82,82,82,82,82],"card_choices":[{"not_picked":["Redo","Stack","Rebound"],"picked":"SKIP","floor":1.0},{"not_picked":["Beam Cell","Hyperbeam"],"picked":"Coolheaded","floor":2.0},{"not_picked":["Reprogram","Beam Cell"],"picked":"Conserve Battery","floor":3.0},{"not_picked":["Tempest","Doom and Gloom"],"picked":"Compile Driver","floor":4.0},{"not_picked":["Gash","Force Field","Blizzard"],"picked":"SKIP","floor":5.0},{"not_picked":["Compile Driver","Storm","Gash"],"picked":"SKIP","floor":10.0},{"not_picked":["Force Field","Barrage"],"picked":"Cold Snap","floor":12.0},{"not_picked":["Cold Snap","Rebound"],"picked":"Glacier","floor":13.0},{"not_picked":["Sweeping Beam","Redo","Steam"],"picked":"SKIP","floor":14.0},{"not_picked":["Biased Cognition","Core Surge"],"picked":"Echo Form","floor":16.0},{"not_picked":["Stack","Sweeping Beam","Turbo+1"],"picked":"SKIP","floor":18.0},{"not_picked":["Double Energy+1","Self Repair"],"picked":"Capacitor","floor":20.0},{"not_picked":["Static Discharge","Steam+1"],"picked":"Go for the Eyes","floor":21.0},{"not_picked":["Cold Snap","Force Field"],"picked":"Loop+1","floor":22},{"not_picked":["Force Field","Redo"],"picked":"Machine Learning","floor":24},{"not_picked":["Cold Snap","Go for the Eyes"],"picked":"Glacier","floor":25},{"not_picked":["Chill","Hello World+1","Sweeping Beam"],"picked":"SKIP","floor":27}],"player_experience":835018,"relics_obtained":[{"floor":9.0,"key":"MawBank"},{"floor":10.0,"key":"Dream Catcher"},{"floor":14.0,"key":"Strawberry"},{"floor":24,"key":"Frozen Egg 2"},{"floor":26,"key":"Blood Vial"}],"event_choices":[{"event_name":"Big Fish","player_choice":"Box","floor":7.0,"damage_taken":0.0},{"event_name":"Drug Dealer","player_choice":"Inject Mutagens","floor":19.0,"damage_taken":0.0}],"is_beta":false,"boss_relics":[{"not_picked":["White Beast Statue","Runic Pyramid"],"picked":"Cursed Key"}],"items_purged_floors":[],"is_endless":false,"potions_floor_spawned":[3,4,10,12,18,21],"killed_by":"Shelled Parasite and Fungi","ascension_level":0}