{"gold_per_floor":[119,130,130,130,18,18,32,48,129,144,173,173,186,197,197,296,296,308,323,238,57,57,57,57,67,117,117,127,137,137,137],"floor_reached":31,"playtime":1770,"items_purged":["Strike_B","Defend_B"],"score":318,"play_id":"48da3e70-d8f4-4b7d-9d9d-7fa2d7fe9e7f","local_time":"20190417214224","is_ascension_mode":true,"campfire_choices":[{"floor":6,"key":"RECALL"},{"floor":12,"key":"REST"},{"floor":15,"key":"REST"},{"data":"Creative AI","floor":23,"key":"SMITH"},{"floor":27,"key":"REST"}],"neow_cost":"NONE","seed_source_timestamp":614590440420288,"circlet_count":0,"master_deck":["Strike_B","Strike_B","Strike_B","Defend_B","Defend_B","Defend_B","Zap","Dualcast","Coolheaded","Chill","Hello World","Consume+1","Electrodynamics","Creative AI+1","Capacitor","Echo Form"],"relics":["Cracked Core","Pen Nib","Matryoshka","Happy Flower","Lizard Tail","Calipers","PreservedInsect"],"potions_floor_usage":[25,25,31],"damage_taken":[{"damage":7,"enemies":"2 Louse","floor":1,"turns":3},{"damage":1,"enemies":"Cultist","floor":2,"turns":4},{"damage":2,"enemies":"Jaw Worm","floor":7,"turns":3},{"damage":7,"enemies":"Looter","floor":8,"turns":4},{"damage":7,"enemies":"Blue Slaver","floor":10,"turns":4},{"damage":38,"enemies":"Gremlin Nob","floor":11,"turns":5},{"damage":0,"enemies":"2 Fungi Beasts","floor":13,"turns":3},{"damage":5,"enemies":"Lots of Slimes","floor":14,"turns":3},{"damage":0,"enemies":"Slime Boss","floor":16,"turns":6},{"damage":19,"enemies":"Spheric Guardian","floor":18,"turns":4},{"damage":30,"enemies":"2 Thieves","floor":19,"turns":4},{"damage":5,"enemies":"3 Cultists","floor":25,"turns":4},{"damage":46,"enemies":"Cultist and Chosen","floor":28,"turns":8},{"damage":29,"enemies":"Shelled Parasite and Fungi","floor":29,"turns":6},{"damage":8,"enemies":"Snake Plant","floor":31,"turns":3}],"seed_played":"1814622941718650106","potions_obtained":[{"floor":1,"key":"Explosive Potion"},{"floor":8,"key":"LiquidBronze"},{"floor":14,"key":"Dexterity Potion"},{"floor":16,"key":"Swift Potion"},{"floor":28,"key":"Block Potion"}],"is_trial":false,"path_per_floor":["M","M","?","?","$","R","M","M","T","M","E","R","M","M","R","B",null,"M","M","?","$","?","R","?","M","T","R","M","M","?","M"],"character_chosen":"DEFECT","items_purchased":["Hello World","Capacitor"],"campfire_rested":3,"item_purchase_floors":[5,21],"current_hp_per_floor":[68,67,67,67,67,67,65,58,58,51,13,35,35,30,52,52,75,56,26,26,26,26,26,12,7,7,31,30,1,1,0],"gold":137,"neow_bonus":"THREE_CARDS","is_prod":false,"is_daily":false,"chose_seed":false,"campfire_upgraded":1,"win_rate":0,"timestamp":1555551744,"path_taken":["M","M","?","?","$","R","M","M","T","M","E","R","?","M","R","BOSS","M","M","?","$","?","R","?","M","T","R","M","M","?","?"],"build_version":"2019-01-23","purchased_purges":2,"victory":false,"max_hp_per_floor":[75,75,75,75,75,75,75,75,75,75,75,75,75,75,75,75,75,75,75,75,75,75,75,80,80,80,80,80,80,80,80],"card_choices":[{"not_picked":["Compile Driver","Recycle"],"picked":"Coolheaded","floor":0},{"not_picked":["Steam","Rebound"],"picked":"Chill","floor":1},{"not_picked":["Coolheaded","Sweeping Beam","Cold Snap"],"picked":"SKIP","floor":2},{"not_picked":["Barrage","Redo","Sweeping Beam"],"picked":"SKIP","floor":7},{"not_picked":["Stack","Conserve Battery","Force Field"],"picked":"SKIP","floor":8},{"not_picked":["Turbo","Capacitor"],"picked":"Consume","floor":10},{"not_picked":["Turbo","Skim"],"picked":"Electrodynamics","floor":11},{"not_picked":["Beam Cell","Leap","Hologram"],"picked":"SKIP","floor":13},{"not_picked":["Auto Shields","Gash","Reinforced Body"],"picked":"SKIP","floor":14},{"not_picked":["Echo Form","Fission"],"picked":"Creative AI","floor":16},{"not_picked":["Recycle","Beam Cell","Barrage"],"picked":"SKIP","floor":18},{"not_picked":["Sunder","Conserve Battery","Barrage"],"picked":"SKIP","floor":19},{"not_picked":["Rebound+1","Ball Lightning","Consume"],"picked":"SKIP","floor":25},{"not_picked":["Conserve Battery","Sunder+1"],"picked":"Echo Form","floor":28},{"not_picked":["Sweeping Beam+1","Gash","Barrage"],"picked":"SKIP","floor":29}],"player_experience":48672,"relics_obtained":[{"floor":9,"key":"Matryoshka"},{"floor":11,"key":"Happy Flower"},{"floor":26,"key":"PreservedInsect"}],"event_choices":[{"damage_healed":0,"gold_gain":0,"player_choice":"Box","damage_taken":0,"relics_obtained":["Pen Nib"],"max_hp_gain":0,"max_hp_loss":0,"event_name":"Big Fish","floor":3,"gold_loss":0,"cards_obtained":["Regret"]},{"cards_removed":["Regret"],"damage_healed":0,"gold_gain":0,"player_choice":"Removed Curses","damage_taken":0,"max_hp_gain":0,"max_hp_loss":0,"event_name":"Fountain of Cleansing","floor":4,"gold_loss":0},{"damage_healed":0,"gold_gain":0,"player_choice":"Obtained Relic","damage_taken":0,"relics_obtained":["Calipers"],"max_hp_gain":0,"max_hp_loss":0,"event_name":"Addict","floor":20,"gold_loss":85},{"damage_healed":0,"gold_gain":0,"player_choice":"Ignored","damage_taken":0,"max_hp_gain":0,"max_hp_loss":0,"event_name":"The Mausoleum","floor":22,"gold_loss":0},{"damage_healed":0,"gold_gain":0,"player_choice":"Shed Blood","damage_taken":19,"max_hp_gain":5,"max_hp_loss":0,"event_name":"Forgotten Altar","floor":24,"gold_loss":0},{"damage_healed":0,"gold_gain":0,"player_choice":"Forge","damage_taken":0,"max_hp_gain":0,"max_hp_loss":0,"event_name":"Accursed Blacksmith","floor":30,"gold_loss":0,"cards_upgraded":["Consume"]}],"is_beta":false,"boss_relics":[{"not_picked":["Orrery","Tiny House"],"picked":"Lizard Tail"}],"items_purged_floors":[5,21],"is_endless":false,"potions_floor_spawned":[1,8,14,16,18,28],"killed_by":"Snake Plant","ascension_level":2}