{"gold_per_floor":[109,109,59,71,21,21,54,54,80,108,120,139,196,196,196,274,274,291,291,310,1,11,11,36,48,48,123,133,168,168,184,184,184],"floor_reached":33,"playtime":1952,"items_purged":["Strike_R"],"score":503,"play_id":"f8fdda2b-6d2d-4fb9-802a-1fb5e7c66430","local_time":"20190202233039","is_ascension_mode":true,"campfire_choices":[{"data":"Bash","floor":6.0,"key":"SMITH"},{"data":"Flame Barrier","floor":8.0,"key":"SMITH"},{"data":"Heavy Blade","floor":15.0,"key":"SMITH"},{"data":"True Grit","floor":23.0,"key":"SMITH"},{"floor":30.0,"key":"REST"},{"floor":32.0,"key":"REST"}],"neow_cost":"TEN_PERCENT_HP_LOSS","seed_source_timestamp":129458568380286,"circlet_count":0,"master_deck":["AscendersBane","Strike_R","Strike_R","Defend_R+1","Defend_R+1","Defend_R","Defend_R","Bash+1","Headbutt","Flame Barrier+1","Spot Weakness","Cleave","Heavy Blade+1","Spot Weakness","Headbutt","Evolve","Offering","Anger","Twin Strike","Flex","True Grit+1","Sword Boomerang","Bloodletting","Shrug It Off","Anger","Seeing Red","Offering"],"special_seed":0,"relics":["Burning Blood","StoneCalendar","Kunai","Strawberry","PreservedInsect","War Paint","Tiny Chest","Orrery","Pocketwatch","Happy Flower","Sundial","Nunchaku","Red Skull"],"potions_floor_usage":[33],"damage_taken":[{"damage":6.0,"enemies":"Cultist","floor":1.0,"turns":3.0},{"damage":0.0,"enemies":"Small Slimes","floor":4.0,"turns":3.0},{"damage":28.0,"enemies":"Lagavulin","floor":7.0,"turns":7.0},{"damage":9.0,"enemies":"3 Sentries","floor":10.0,"turns":7.0},{"damage":0.0,"enemies":"Jaw Worm","floor":11.0,"turns":4.0},{"damage":7.0,"enemies":"Exordium Thugs","floor":12.0,"turns":4.0},{"damage":17.0,"enemies":"Lagavulin","floor":13.0,"turns":6.0},{"damage":34.0,"enemies":"Hexaghost","floor":16.0,"turns":7.0},{"damage":7.0,"enemies":"3 Byrds","floor":18.0,"turns":4.0},{"damage":9.0,"enemies":"Shell Parasite","floor":20.0,"turns":4.0},{"damage":14.0,"enemies":"Shelled Parasite and Fungi","floor":22.0,"turns":3.0},{"damage":15.0,"enemies":"Book of Stabbing","floor":24.0,"turns":3.0},{"damage":12.0,"enemies":"3 Cultists","floor":25.0,"turns":4.0},{"damage":15.0,"enemies":"Snake Plant","floor":28.0,"turns":3.0},{"damage":20.0,"enemies":"Gremlin Leader","floor":29.0,"turns":4.0},{"damage":6.0,"enemies":"Shelled Parasite and Fungi","floor":31.0,"turns":2.0},{"damage":65,"enemies":"Automaton","floor":33,"turns":6}],"seed_played":"-8825164077081642018","potions_obtained":[{"floor":10.0,"key":"PowerPotion"},{"floor":16.0,"key":"Weak Potion"},{"floor":24.0,"key":"LiquidBronze"},{"floor":28.0,"key":"Weak Potion"},{"floor":31.0,"key":"EssenceOfSteel"}],"is_trial":false,"path_per_floor":["M","T","?","M","$","R","E","R","T","E","M","M","E","?","R","B",null,"M","T","M","$","M","R","E","M","T","?","M","E","R","M","R","B"],"character_chosen":"IRONCLAD","items_purchased":["PowerPotion","Happy Flower","Bloodletting"],"campfire_rested":2,"item_purchase_floors":[5,21,21],"current_hp_per_floor":[72,72,72,72,72,72,57,57,57,54,60,59,48,48,48,20,64,63,63,60,60,52,52,43,37,37,30,21,7,30,30,53,0],"gold":184,"neow_bonus":"ONE_RARE_RELIC","is_prod":false,"is_daily":false,"chose_seed":false,"campfire_upgraded":4,"win_rate":0,"timestamp":1549146639,"path_taken":["M","?","?","M","$","R","E","R","T","E","M","M","E","?","R","BOSS","M","?","?","$","M","R","E","M","T","?","?","E","R","M","R","BOSS"],"build_version":"2019-01-23","purchased_purges":1,"victory":false,"max_hp_per_floor":[72,72,72,72,72,72,79,79,79,79,79,79,79,79,79,79,79,79,79,79,79,79,79,79,79,79,79,79,79,79,79,79,79],"card_choices":[{"not_picked":["Sword Boomerang","Body Slam"],"picked":"Headbutt","floor":1.0},{"not_picked":["Twin Strike","Flex"],"picked":"Flame Barrier","floor":4.0},{"not_picked":["Hemokinesis","Pommel Strike"],"picked":"Spot Weakness","floor":7.0},{"not_picked":["Berserk","Dual Wield"],"picked":"Cleave","floor":10.0},{"not_picked":["Shrug It Off","Havoc"],"picked":"Heavy Blade","floor":11.0},{"not_picked":["Burning Pact","Heavy Blade"],"picked":"Spot Weakness","floor":12.0},{"not_picked":["Spot Weakness","Dropkick"],"picked":"Headbutt","floor":13.0},{"not_picked":["Fiend Fire","Bludgeon"],"picked":"Offering","floor":16.0},{"not_picked":["True Grit","Reckless Charge"],"picked":"Anger","floor":17.0},{"not_picked":["Wild Strike","Sever Soul"],"picked":"Twin Strike","floor":17.0},{"not_picked":["Iron Wave","Sentinel"],"picked":"Flex","floor":17.0},{"not_picked":["Clothesline","Flex"],"picked":"True Grit","floor":17.0},{"not_picked":["Wild Strike","Cleave","Juggernaut"],"picked":"SKIP","floor":18.0},{"not_picked":["Headbutt","Warcry"],"picked":"Sword Boomerang","floor":20.0},{"not_picked":["Anger","Body Slam+1"],"picked":"Shrug It Off","floor":22.0},{"not_picked":["Clash","Ghostly Armor+1"],"picked":"Anger","floor":24.0},{"not_picked":["Twin Strike","Perfected Strike"],"picked":"Seeing Red","floor":25.0},{"not_picked":["Reckless Charge","Dual Wield","Spot Weakness"],"picked":"SKIP","floor":28.0},{"not_picked":["Spot Weakness","Clash","Anger"],"picked":"SKIP","floor":29.0},{"not_picked":["Heavy Blade","Shrug It Off"],"picked":"Offering","floor":31.0}],"player_experience":266927,"relics_obtained":[{"floor":2.0,"key":"Kunai"},{"floor":7.0,"key":"Strawberry"},{"floor":9.0,"key":"PreservedInsect"},{"floor":10.0,"key":"War Paint"},{"floor":13.0,"key":"Tiny Chest"},{"floor":19.0,"key":"Pocketwatch"},{"floor":24.0,"key":"Sundial"},{"floor":26.0,"key":"Nunchaku"},{"floor":29.0,"key":"Red Skull"}],"event_choices":[{"cards_removed":["Strike_R"],"damage_healed":0.0,"max_hp_gain":0.0,"max_hp_loss":0.0,"gold_gain":0.0,"event_name":"The Cleric","player_choice":"Card Removal","floor":3.0,"gold_loss":50.0,"damage_taken":0.0},{"damage_healed":0.0,"max_hp_gain":0.0,"max_hp_loss":0.0,"gold_gain":0.0,"cards_transformed":["Strike_R"],"event_name":"Transmorgrifier","player_choice":"Transformed","floor":14.0,"gold_loss":0.0,"damage_taken":0.0,"cards_obtained":["Evolve"]},{"damage_healed":0.0,"max_hp_gain":0.0,"max_hp_loss":0.0,"gold_gain":75.0,"event_name":"FaceTrader","player_choice":"Touch","floor":27.0,"gold_loss":0.0,"damage_taken":7.0}],"is_beta":false,"boss_relics":[{"not_picked":["Fusion Hammer","Pandora\u0027s Box"],"picked":"Orrery"}],"items_purged_floors":[21],"is_endless":false,"potions_floor_spawned":[10,16,24,28,29,31],"killed_by":"Automaton","ascension_level":13}