{"path_per_floor":["M","M","M","$","M","R","E","R","T","R","M","E","?","?","R","B",null,"M","$","M","M","?","E","R","?","T","M","$","?","M","E","R","B",null,"M","?","M","M","$","E","R","M","T","M","M","R","?","M","R","B"],"character_chosen":"THE_SILENT","items_purchased":["Backflip","Footwork","Strength Potion"],"gold_per_floor":[111,130,140,38,56,56,87,87,87,87,103,138,138,138,138,241,241,257,157,167,177,177,203,203,126,197,215,18,18,38,63,63,167,167,182,182,202,216,17,44,44,60,86,97,111,111,0,12,12,12],"floor_reached":51,"campfire_rested":1,"playtime":4344,"current_hp_per_floor":[58,58,58,58,58,58,46,46,46,67,65,65,65,51,51,38,62,62,62,61,57,57,56,56,56,56,53,53,53,52,40,40,17,57,54,54,58,59,59,53,53,51,51,54,60,60,60,64,64,51],"items_purged":["Strike_G","Strike_G","Regret","Strike_G"],"gold":12,"score":1021,"play_id":"ecffb02f-78fa-42d5-b419-0487b8ba2541","local_time":"20180427231619","is_prod":false,"is_daily":false,"chose_seed":false,"is_ascension_mode":true,"campfire_upgraded":6,"timestamp":1524896179,"path_taken":["M","M","M","$","M","R","E","R","T","R","M","E","?","?","R","BOSS","M","$","M","M","?","E","R","?","T","M","$","?","M","E","R","BOSS","M","?","M","M","$","E","R","M","T","M","?","R","?","?","R","BOSS"],"build_version":"2018-04-26","seed_source_timestamp":211362303178059,"purchased_purges":5,"victory":true,"master_deck":["Defend_G","Defend_G","Defend_G","Defend_G","Defend_G+1","Survivor","Neutralize+1","Cloak And Dagger","Underhanded Strike","Backflip+1","Backflip","Dagger Throw","Malaise+1","Cloak And Dagger","Quick Slash","Deflect","Glass Knife+1","Dagger Throw","Backstab","Sucker Punch+1","Cloak And Dagger+1","J.A.X.","Slice+1","Footwork+1","Flying Knee+1","Footwork+1","Flying Knee+1","Deflect+1","Underhanded Strike+1","Backflip+1","Tools of the Trade","Sucker Punch+1"],"max_hp_per_floor":[70,70,70,70,70,70,70,70,70,70,70,70,70,70,70,70,70,70,70,70,70,70,70,70,70,70,70,70,70,70,70,70,70,70,70,70,70,70,70,70,70,70,70,70,70,70,70,70,70,70],"relics":["Ring of the Snake","Vajra","Ice Cream","Bird Faced Urn","Centennial Puzzle","Cursed Key","Ancient Tea Set","Molten Egg 2","Bag of Preparation","Runic Dome","Peace Pipe","Bronze Scales","Red Mask"],"card_choices":[{"not_picked":["PiercingWail","Dodge and Roll"],"picked":"Cloak And Dagger","floor":1},{"not_picked":["Prepared","Heel Hook"],"picked":"Underhanded Strike","floor":2},{"not_picked":["Flechettes","Choke"],"picked":"Backflip","floor":3},{"not_picked":["PiercingWail","Caltrops"],"picked":"Dagger Throw","floor":5},{"not_picked":["Deadly Poison","Well Laid Plans"],"picked":"Malaise","floor":7},{"not_picked":["Crippling Poison","Backflip"],"picked":"Cloak And Dagger","floor":11},{"not_picked":["Bane","Acrobatics"],"picked":"Quick Slash","floor":12},{"not_picked":["Night Terror","Venomology"],"picked":"Glass Knife","floor":16},{"not_picked":["Sucker Punch","Escape Plan"],"picked":"Dagger Throw","floor":18},{"not_picked":["Predator","Finisher"],"picked":"Backstab","floor":20},{"not_picked":["Backflip","Dagger Throw"],"picked":"Sucker Punch","floor":21},{"not_picked":["All Out Attack","Finisher"],"picked":"Cloak And Dagger","floor":23},{"not_picked":["Acrobatics","Bane"],"picked":"Slice","floor":27},{"not_picked":["Slice","Dash"],"picked":"Flying Knee","floor":30},{"not_picked":["Deadly Poison","Quick Slash"],"picked":"Footwork","floor":31},{"not_picked":["All Out Attack","Accuracy"],"picked":"Flying Knee","floor":35},{"not_picked":["Dodge and Roll","Escape Plan"],"picked":"Deflect","floor":37},{"not_picked":["Dagger Spray","Catalyst"],"picked":"Underhanded Strike","floor":38},{"not_picked":["Deadly Poison","Calculated Gamble"],"picked":"Backflip","floor":40},{"not_picked":["Skewer","Backstab"],"picked":"Tools of the Trade","floor":42},{"not_picked":["Well Laid Plans","Deadly Poison"],"picked":"Sucker Punch","floor":48}],"player_experience":402221,"potions_floor_usage":[7,23,23,23,33,40,50,50,50],"damage_taken":[{"damage":5,"enemies":"Small Slimes","floor":1,"turns":5},{"damage":0,"enemies":"Cultist","floor":2,"turns":5},{"damage":0,"enemies":"Jaw Worm","floor":3,"turns":3},{"damage":0,"enemies":"Blue Slaver","floor":5,"turns":5},{"damage":12,"enemies":"Gremlin Nob","floor":7,"turns":4},{"damage":2,"enemies":"Looter","floor":11,"turns":4},{"damage":0,"enemies":"Lagavulin","floor":12,"turns":8},{"damage":13,"enemies":"The Guardian","floor":16,"turns":15},{"damage":0,"enemies":"Chosen","floor":18,"turns":5},{"damage":1,"enemies":"3 Byrds","floor":20,"turns":5},{"damage":4,"enemies":"Centurion and Healer","floor":21,"turns":5},{"damage":1,"enemies":"Slavers","floor":23,"turns":5},{"damage":3,"enemies":"3 Cultists","floor":27,"turns":5},{"damage":3,"enemies":"Chosen and Byrds","floor":30,"turns":6},{"damage":14,"enemies":"Gremlin Leader","floor":31,"turns":7},{"damage":42,"enemies":"Champ","floor":33,"turns":16},{"damage":3,"enemies":"Orb Walker","floor":35,"turns":1},{"damage":0,"enemies":"3 Shapes","floor":37,"turns":5},{"damage":3,"enemies":"Sphere and 2 Shapes","floor":38,"turns":3},{"damage":10,"enemies":"2 Orb Walkers","floor":40,"turns":5},{"damage":6,"enemies":"3 Darklings","floor":42,"turns":6},{"damage":3,"enemies":"Maw","floor":44,"turns":8},{"damage":0,"enemies":"Sphere and 2 Shapes","floor":45,"turns":4},{"damage":0,"enemies":"4 Shapes","floor":48,"turns":3},{"damage":19,"enemies":"Donu and Deca","floor":50,"turns":10}],"event_choices":[{"event_name":"Match and Keep!","player_choice":"2 cards matched","floor":13,"damage_taken":0},{"event_name":"Shining Light","player_choice":"Entered Light","floor":14,"damage_taken":0},{"event_name":"The Lab","player_choice":"Got Potions","floor":22,"damage_taken":0},{"event_name":"Drug Dealer","player_choice":"Got JAXXED","floor":25,"damage_taken":0},{"event_name":"Purifier","player_choice":"One Purge","floor":29,"damage_taken":0},{"event_name":"Tomb of Lord Red Mask","player_choice":"Paid","floor":47,"damage_taken":0}],"boss_relics":[{"not_picked":["Calling Bell","Snecko Eye"],"picked":"Cursed Key"},{"not_picked":["Runic Pyramid","Lizard Tail"],"picked":"Runic Dome"}],"potions_floor_spawned":[2,5,12,18,23,30,31,42,45],"seed_played":"-4323167179929845504","ascension_level":9,"is_trial":false}