{"gold_per_floor":[114,127,38,51,16,16,42,92,92,92,117,135,135,163,163,238,238,251,266,279,69,83,83,115,215,215,148,148,183,195,212,212,289,289,301,20,30,80,80,114,14,34,34,47,47,79,98,108,108,108],"floor_reached":50,"playtime":3875,"items_purged":["Strike_G","Strike_G"],"score":1129,"play_id":"86abec89-2225-4948-96c5-d79790e35590","local_time":"20190410120641","is_ascension_mode":true,"campfire_choices":[{"data":"Predator","floor":6.0,"key":"SMITH"},{"data":"Neutralize","floor":10.0,"key":"SMITH"},{"data":"Crippling Poison","floor":15.0,"key":"SMITH"},{"data":"Glass Knife","floor":23.0,"key":"SMITH"},{"data":"Doppelganger","floor":28.0,"key":"SMITH"},{"data":"Noxious Fumes","floor":32.0,"key":"SMITH"},{"data":"Wraith Form v2","floor":45.0,"key":"SMITH"},{"floor":49,"key":"REST"}],"neow_cost":"PERCENT_DAMAGE","seed_source_timestamp":0,"circlet_count":0,"master_deck":["AscendersBane","Defend_G","Defend_G","Defend_G","Defend_G","Strike_G","Strike_G+1","Survivor","Neutralize+1","Leg Sweep","Die Die Die+1","Predator+1","Noxious Fumes+1","Adrenaline","Deadly Poison","Backflip","Bouncing Flask","Crippling Poison+1","Backstab","Doppelganger+1","Flechettes+1","PiercingWail","Glass Knife+1","Flechettes+1","Corpse Explosion","Dodge and Roll+1","Bullet Time","Wraith Form v2+1","Footwork","Noxious Fumes+1","Dash+1","Dodge and Roll","PiercingWail"],"special_seed":0,"relics":["Ring of the Serpent","Pocketwatch","Ninja Scroll","Oddly Smooth Stone","Odd Mushroom","Philosopher\u0027s Stone","Bag of Marbles","Nunchaku","Matryoshka","Vajra","Singing Bowl","Question Card","Incense Burner","Paper Crane","Whetstone","Snake Skull","Pear","Bottled Tornado"],"potions_floor_usage":[50,50],"damage_taken":[{"damage":1.0,"enemies":"Cultist","floor":1.0,"turns":5.0},{"damage":0.0,"enemies":"2 Louse","floor":2.0,"turns":2.0},{"damage":0.0,"enemies":"Small Slimes","floor":4.0,"turns":4.0},{"damage":30.0,"enemies":"Gremlin Nob","floor":7.0,"turns":4.0},{"damage":15.0,"enemies":"3 Sentries","floor":11.0,"turns":6.0},{"damage":1.0,"enemies":"3 Louse","floor":12.0,"turns":2.0},{"damage":3.0,"enemies":"The Mushroom Lair","floor":14.0,"turns":2.0},{"damage":13.0,"enemies":"Slime Boss","floor":16.0,"turns":9.0},{"damage":8.0,"enemies":"Shell Parasite","floor":18.0,"turns":5.0},{"damage":0.0,"enemies":"Spheric Guardian","floor":19.0,"turns":3.0},{"damage":2.0,"enemies":"Snecko","floor":20.0,"turns":3.0},{"damage":4.0,"enemies":"Shelled Parasite and Fungi","floor":22.0,"turns":5.0},{"damage":15.0,"enemies":"Slavers","floor":24.0,"turns":5.0},{"damage":0.0,"enemies":"Colosseum Slavers","floor":25.0,"turns":1.0},{"damage":4.0,"enemies":"Colosseum Nobs","floor":25.0,"turns":3.0},{"damage":2.0,"enemies":"Gremlin Leader","floor":29.0,"turns":5.0},{"damage":0.0,"enemies":"Snake Plant","floor":30.0,"turns":2.0},{"damage":0.0,"enemies":"Centurion and Healer","floor":31.0,"turns":4.0},{"damage":8.0,"enemies":"Collector","floor":33.0,"turns":6.0},{"damage":1.0,"enemies":"3 Darklings","floor":35.0,"turns":3.0},{"damage":7.0,"enemies":"3 Shapes","floor":37.0,"turns":4.0},{"damage":30.0,"enemies":"Reptomancer","floor":40.0,"turns":6.0},{"damage":0.0,"enemies":"Sphere and 2 Shapes","floor":42.0,"turns":3.0},{"damage":2.0,"enemies":"Spire Growth","floor":44.0,"turns":4.0},{"damage":7.0,"enemies":"Giant Head","floor":46.0,"turns":7.0},{"damage":0,"enemies":"3 Darklings","floor":47,"turns":2},{"damage":0,"enemies":"4 Shapes","floor":48,"turns":2},{"damage":58,"enemies":"Time Eater","floor":50,"turns":9}],"seed_played":"3381377951231354528","potions_obtained":[{"floor":2.0,"key":"Regen Potion"},{"floor":14.0,"key":"Dexterity Potion"},{"floor":37.0,"key":"Strength Potion"}],"is_trial":false,"path_per_floor":["M","M","$","M","?","R","E","?","T","R","E","M","?","?","R","B",null,"M","M","M","$","M","R","E","?","T","?","R","E","M","M","R","B",null,"M","$","M","?","$","E","$","M","T","M","R","E","M","M","R","B"],"character_chosen":"THE_SILENT","items_purchased":["Adrenaline","PiercingWail","Glass Knife","Paper Crane"],"campfire_rested":1,"item_purchase_floors":[3,21,21,36],"current_hp_per_floor":[43,43,43,43,59,59,29,29,29,29,14,13,35,32,32,19,54,46,46,44,44,40,40,25,21,21,21,21,21,21,23,23,15,56,55,55,48,41,41,11,11,11,21,19,19,14,16,18,43,0],"gold":108,"neow_bonus":"TRANSFORM_TWO_CARDS","is_prod":false,"is_daily":false,"chose_seed":false,"campfire_upgraded":7,"win_rate":0,"timestamp":1554890801,"path_taken":["M","M","$","M","?","R","E","?","T","R","E","?","?","?","R","BOSS","M","M","M","$","M","R","E","?","T","?","R","E","?","M","R","BOSS","BOSS","M","$","?","?","?","E","$","M","T","?","R","E","M","M","R","BOSS"],"build_version":"2019-01-23","purchased_purges":2,"victory":false,"max_hp_per_floor":[66,66,66,66,66,66,66,66,66,66,66,66,66,66,66,66,66,66,66,66,66,66,66,66,66,66,66,66,68,68,70,70,70,70,70,70,70,70,70,70,70,70,80,80,80,82,84,86,86,86],"card_choices":[{"not_picked":["Dodge and Roll","Dagger Throw"],"picked":"Predator","floor":1.0},{"not_picked":["Blade Dance","Flying Knee"],"picked":"Noxious Fumes","floor":2.0},{"not_picked":["Expertise","Blade Dance"],"picked":"Deadly Poison","floor":4.0},{"not_picked":["Deflect","Expertise"],"picked":"Backflip","floor":7.0},{"not_picked":["Deadly Poison","Sucker Punch"],"picked":"Bouncing Flask","floor":11.0},{"not_picked":["Deflect","Poisoned Stab"],"picked":"Crippling Poison","floor":12.0},{"not_picked":["Slice","Terror"],"picked":"Backstab","floor":14.0},{"not_picked":["Night Terror","Burst"],"picked":"Doppelganger","floor":16.0},{"not_picked":["Quick Slash+1","Poisoned Stab","Bane"],"picked":"SKIP","floor":18.0},{"not_picked":["Poisoned Stab","Outmaneuver"],"picked":"Flechettes+1","floor":19.0},{"not_picked":["Flying Knee","Outmaneuver","Endless Agony"],"picked":"SKIP","floor":20.0},{"not_picked":["Blade Dance","Poisoned Stab"],"picked":"Flechettes+1","floor":22.0},{"not_picked":["Deflect","Deadly Poison"],"picked":"Corpse Explosion","floor":24.0},{"not_picked":["Deadly Poison","Flying Knee"],"picked":"Dodge and Roll+1","floor":25.0},{"not_picked":["Escape Plan","Endless Agony","Slice","Dodge and Roll"],"picked":"Singing Bowl","floor":29.0},{"not_picked":["Backflip","Catalyst","Acrobatics"],"picked":"Bullet Time","floor":30.0},{"not_picked":["Cloak And Dagger","Quick Slash","Bane","Dagger Throw"],"picked":"Singing Bowl","floor":31.0},{"not_picked":["A Thousand Cuts","After Image","Glass Knife"],"picked":"Wraith Form v2","floor":33.0},{"not_picked":["Prepared","Escape Plan+1","Backstab+1"],"picked":"Footwork","floor":35.0},{"not_picked":["Choke+1","Riddle With Holes+1","Acrobatics"],"picked":"Noxious Fumes+1","floor":37.0},{"not_picked":["Underhanded Strike","Reflex+1","Predator+1"],"picked":"Dash+1","floor":40.0},{"not_picked":["Flechettes","Prepared","Backflip"],"picked":"Dodge and Roll","floor":42.0},{"not_picked":["Blade Dance","Cloak And Dagger","Slice"],"picked":"PiercingWail","floor":44.0},{"not_picked":["Predator","Glass Knife","Dodge and Roll","Flechettes"],"picked":"Singing Bowl","floor":46},{"not_picked":["Slice","Masterful Stab","Tactician","Quick Slash"],"picked":"Singing Bowl","floor":47},{"not_picked":["Dagger Spray+1","Poisoned Stab","Dagger Throw","Quick Slash"],"picked":"Singing Bowl","floor":48}],"player_experience":582175,"relics_obtained":[{"floor":7.0,"key":"Pocketwatch"},{"floor":9.0,"key":"Ninja Scroll"},{"floor":11.0,"key":"Oddly Smooth Stone"},{"floor":14.0,"key":"Odd Mushroom"},{"floor":24.0,"key":"Bag of Marbles"},{"floor":25.0,"key":"Nunchaku"},{"floor":25.0,"key":"Matryoshka"},{"floor":26.0,"key":"Vajra"},{"floor":26.0,"key":"Singing Bowl"},{"floor":29.0,"key":"Incense Burner"},{"floor":40.0,"key":"Whetstone"},{"floor":43.0,"key":"Snake Skull"},{"floor":43.0,"key":"Pear"},{"floor":46,"key":"Bottled Tornado"}],"event_choices":[{"damage_healed":16.0,"max_hp_gain":0.0,"max_hp_loss":0.0,"gold_gain":0.0,"event_name":"The Cleric","player_choice":"Healed","floor":5.0,"gold_loss":35.0,"damage_taken":0.0},{"damage_healed":0.0,"max_hp_gain":0.0,"max_hp_loss":0.0,"gold_gain":50.0,"event_name":"Golden Shrine","player_choice":"Pray","floor":8.0,"gold_loss":0.0,"damage_taken":0.0},{"damage_healed":22.0,"max_hp_gain":0.0,"max_hp_loss":0.0,"gold_gain":0.0,"event_name":"Big Fish","player_choice":"Banana","floor":13.0,"gold_loss":0.0,"damage_taken":0.0},{"damage_healed":0.0,"max_hp_gain":0.0,"max_hp_loss":0.0,"gold_gain":0.0,"event_name":"Mushrooms","player_choice":"Fought Mushrooms","floor":14.0,"gold_loss":0.0,"damage_taken":0.0},{"damage_healed":0.0,"max_hp_gain":0.0,"max_hp_loss":0.0,"gold_gain":0.0,"event_name":"Colosseum","player_choice":"Fight","floor":25.0,"gold_loss":0.0,"damage_taken":0.0},{"damage_healed":0.0,"max_hp_gain":0.0,"max_hp_loss":0.0,"gold_gain":0.0,"event_name":"Colosseum","player_choice":"Fought Nobs","floor":25.0,"gold_loss":0.0,"damage_taken":0.0},{"damage_healed":0.0,"max_hp_gain":0.0,"max_hp_loss":0.0,"gold_gain":0.0,"event_name":"WeMeetAgain","player_choice":"Paid Gold","floor":27.0,"gold_loss":67.0,"damage_taken":0.0,"relics_obtained":["Question Card"]},{"damage_healed":0.0,"max_hp_gain":0.0,"max_hp_loss":0.0,"gold_gain":50.0,"event_name":"FaceTrader","player_choice":"Touch","floor":38.0,"gold_loss":0.0,"damage_taken":7.0}],"is_beta":false,"boss_relics":[{"not_picked":["Coffee Dripper","Orrery"],"picked":"Philosopher\u0027s Stone"},{"not_picked":["White Beast Statue","Runic Dome"],"picked":"Ring of the Serpent"}],"items_purged_floors":[21,41],"is_endless":false,"potions_floor_spawned":[2,14,18,22,24,25,29,37,40,42,46],"killed_by":"Time Eater","ascension_level":20}