{"path_per_floor":["M","M","M","$","M","E","M","E","T","R","M","?","E","M","R","B",null,"M","M","?","$","M","R","M","?","T","E","$","R","E","M","R"],"character_chosen":"THE_SILENT","items_purchased":["Footwork","Lantern","Predator","Weak Potion"],"gold_per_floor":[110,128,141,72,84,111,131,158,182,182,199,299,334,354,354,455,455,468,484,484,327,343,343,354,354,381,413,284,284,317,335,335,335],"floor_reached":33,"campfire_rested":3,"playtime":2727,"current_hp_per_floor":[63,63,63,63,63,39,33,19,19,40,40,40,27,27,48,35,61,53,52,52,52,47,47,35,35,35,30,30,30,28,16,37,0],"items_purged":[],"gold":335,"score":464,"play_id":"77fdceb4-e0aa-4e0c-96fa-7fcaff855660","local_time":"20180518173510","is_prod":false,"is_daily":false,"chose_seed":false,"is_ascension_mode":true,"campfire_upgraded":2,"timestamp":1526690110,"campfire_choices":[{"floor":10,"key":"REST"},{"floor":15,"key":"REST"},{"data":"Venomology","floor":23,"key":"SMITH"},{"data":"Glass Knife","floor":29,"key":"SMITH"},{"floor":32,"key":"REST"}],"path_taken":["M","?","M","$","M","E","?","E","T","R","?","?","E","M","R","BOSS","M","M","?","$","M","R","M","?","T","E","$","R","E","M","R","BOSS"],"build_version":"2018-05-17","seed_source_timestamp":60621629293669,"purchased_purges":2,"victory":false,"master_deck":["Defend_G+1","Defend_G+1","Defend_G+1","Defend_G+1","Defend_G+1","Strike_G+1","Strike_G+1","Strike_G+1","Strike_G+1","Strike_G+1","Survivor","Neutralize+1","AscendersBane","Heel Hook","Dagger Spray","Footwork","Deflect+1","Glass Knife+1","Flying Knee","Tactician+1","Venomology+1","Dodge and Roll+1","Deflect+1","Crippling Poison+1","Backstab","Predator"],"max_hp_per_floor":[70,70,70,70,70,70,70,70,70,70,70,70,70,70,70,70,70,70,70,70,70,70,70,70,70,70,70,70,70,70,70,70,70],"relics":["Ring of the Snake","Paper Crane","Tough Bandages","Bag of Preparation","Whetstone","Velvet Choker","Lantern","War Paint","Bronze Scales","Boot","Ancient Tea Set"],"card_choices":[{"not_picked":["Blur","Poisoned Stab"],"picked":"Heel Hook","floor":1},{"not_picked":["Masterful Stab","All Out Attack","Calculated Gamble"],"picked":"SKIP","floor":2},{"not_picked":["Reflex","Dodge and Roll"],"picked":"Dagger Spray","floor":3},{"not_picked":["Dagger Spray","Slice"],"picked":"Deflect","floor":5},{"not_picked":["Deadly Poison","Cloak And Dagger"],"picked":"Glass Knife","floor":6},{"not_picked":["Poisoned Stab","Deadly Poison","Acrobatics"],"picked":"SKIP","floor":7},{"not_picked":["Envenom","Quick Slash","Flechettes"],"picked":"SKIP","floor":8},{"not_picked":["Setup","Expertise","Bane"],"picked":"SKIP","floor":11},{"not_picked":["Eviscerate","Deadly Poison"],"picked":"Flying Knee","floor":13},{"not_picked":["Quick Slash","Dagger Spray"],"picked":"Tactician","floor":14},{"not_picked":["Bullet Time","Die Die Die"],"picked":"Venomology","floor":16},{"not_picked":["Caltrops","Deadly Poison"],"picked":"Dodge and Roll+1","floor":18},{"not_picked":["Flying Knee","Bane"],"picked":"Deflect+1","floor":19},{"not_picked":["Eviscerate","Bane"],"picked":"Crippling Poison+1","floor":22},{"not_picked":["Flying Knee","Underhanded Strike","Quick Slash"],"picked":"SKIP","floor":24},{"not_picked":["Endless Agony+1","Infinite Blades"],"picked":"Backstab","floor":27},{"not_picked":["Corpse Explosion","Reflex+1","Sucker Punch+1"],"picked":"SKIP","floor":30},{"not_picked":["Slice","Cloak And Dagger","Blade Dance"],"picked":"SKIP","floor":31}],"player_experience":448088,"potions_floor_usage":[6,8,16,16,18,24,27,27,27,30,31,33,33,33],"damage_taken":[{"damage":0,"enemies":"Cultist","floor":1,"turns":4},{"damage":0,"enemies":"Small Slimes","floor":2,"turns":5},{"damage":0,"enemies":"Jaw Worm","floor":3,"turns":4},{"damage":0,"enemies":"Large Slime","floor":5,"turns":7},{"damage":24,"enemies":"Gremlin Nob","floor":6,"turns":7},{"damage":6,"enemies":"Looter","floor":7,"turns":4},{"damage":14,"enemies":"Lagavulin","floor":8,"turns":10},{"damage":0,"enemies":"2 Fungi Beasts","floor":11,"turns":4},{"damage":13,"enemies":"3 Sentries","floor":13,"turns":9},{"damage":0,"enemies":"Blue Slaver","floor":14,"turns":2},{"damage":13,"enemies":"The Guardian","floor":16,"turns":16},{"damage":8,"enemies":"Spheric Guardian","floor":18,"turns":5},{"damage":1,"enemies":"Shell Parasite","floor":19,"turns":5},{"damage":5,"enemies":"Snake Plant","floor":22,"turns":7},{"damage":12,"enemies":"Cultist and Chosen","floor":24,"turns":8},{"damage":5,"enemies":"Gremlin Leader","floor":27,"turns":5},{"damage":2,"enemies":"Book of Stabbing","floor":30,"turns":6},{"damage":12,"enemies":"Chosen and Byrds","floor":31,"turns":5},{"damage":41,"enemies":"Champ","floor":33,"turns":16}],"relics_obtained":[{"floor":6,"key":"Paper Crane"},{"floor":8,"key":"Tough Bandages"},{"floor":9,"key":"Bag of Preparation"},{"floor":13,"key":"Whetstone"},{"floor":26,"key":"Bronze Scales"},{"floor":27,"key":"Boot"},{"floor":30,"key":"Ancient Tea Set"}],"event_choices":[{"event_name":"Wheel of Change","player_choice":"Gold","floor":12,"damage_taken":0},{"event_name":"Back to Basics","player_choice":"Simplicity","floor":20,"damage_taken":0},{"event_name":"The Mausoleum","player_choice":"Yes","floor":25,"damage_taken":0}],"boss_relics":[{"not_picked":["Tiny House","Black Star"],"picked":"Velvet Choker"}],"potions_floor_spawned":[1,6,7,11,13,18,19,27],"seed_played":"-9073945190223586448","killed_by":"Champ","ascension_level":10,"potions_obtained":[{"floor":1,"key":"Weak Potion"},{"floor":6,"key":"GamblersBrew"},{"floor":7,"key":"Weak Potion"},{"floor":11,"key":"LiquidBronze"},{"floor":13,"key":"Weak Potion"},{"floor":18,"key":"Fire Potion"},{"floor":27,"key":"Energy Potion"}],"is_trial":false}