{"gold_per_floor":[111,52,52,68,89,89,160,160,185,185,185],"floor_reached":11,"playtime":449,"items_purged":[],"score":131,"play_id":"cfa12faa-9dc5-430c-bdbe-2ebea9ee311a","local_time":"20190209172130","is_ascension_mode":true,"campfire_choices":[{"data":"True Grit","floor":6.0,"key":"SMITH"},{"data":"Flame Barrier","floor":8,"key":"SMITH"}],"neow_cost":"NONE","seed_source_timestamp":241265442267134,"circlet_count":0,"master_deck":["AscendersBane","Strike_R","Strike_R","Strike_R","Strike_R","Defend_R","Defend_R","Defend_R","Defend_R","Bash","Flame Barrier+1","True Grit+1","Reckless Charge","Clash"],"special_seed":0,"relics":["Burning Blood","Golden Idol","Tiny Chest","Vajra","The Courier"],"potions_floor_usage":[7,11],"damage_taken":[{"damage":1.0,"enemies":"Small Slimes","floor":1.0,"turns":4.0},{"damage":2.0,"enemies":"Jaw Worm","floor":4.0,"turns":7.0},{"damage":6.0,"enemies":"Cultist","floor":5.0,"turns":5.0},{"damage":42,"enemies":"Gremlin Nob","floor":7,"turns":5},{"damage":40,"enemies":"Lagavulin","floor":11,"turns":4}],"seed_played":"8253188038927965925","potions_obtained":[{"floor":4.0,"key":"PowerPotion"},{"floor":7,"key":"BloodPotion"}],"is_trial":false,"path_per_floor":["M","$","?","M","M","R","E","R","T","T","E"],"character_chosen":"IRONCLAD","items_purchased":["True Grit"],"campfire_rested":0,"item_purchase_floors":[2],"current_hp_per_floor":[73,73,68,68,68,68,32,32,32,32,0],"gold":185,"neow_bonus":"TRANSFORM_CARD","is_prod":false,"is_daily":false,"chose_seed":false,"campfire_upgraded":2,"win_rate":0,"timestamp":1549729290,"path_taken":["M","$","?","M","M","R","E","R","T","?","E"],"build_version":"2019-01-23","purchased_purges":0,"victory":false,"max_hp_per_floor":[75,75,68,68,68,68,68,68,68,68,68],"card_choices":[{"not_picked":["Body Slam","Sword Boomerang","Pummel"],"picked":"SKIP","floor":1.0},{"not_picked":["Flame Barrier","Intimidate","Twin Strike"],"picked":"SKIP","floor":4.0},{"not_picked":["Flame Barrier","Heavy Blade","Reckless Charge"],"picked":"SKIP","floor":5.0},{"not_picked":["Flame Barrier","Heavy Blade"],"picked":"Reckless Charge","floor":5.0},{"not_picked":["Armaments","True Grit"],"picked":"Clash","floor":7}],"player_experience":349916,"relics_obtained":[{"floor":7,"key":"Tiny Chest"},{"floor":9,"key":"Vajra"},{"floor":10,"key":"The Courier"}],"event_choices":[{"damage_healed":0.0,"max_hp_gain":0.0,"max_hp_loss":7.0,"gold_gain":0.0,"event_name":"Golden Idol","player_choice":"Lose Max HP","floor":3.0,"gold_loss":0.0,"damage_taken":0.0,"relics_obtained":["Golden Idol"]}],"is_beta":false,"boss_relics":[],"items_purged_floors":[],"is_endless":false,"potions_floor_spawned":[4,7],"killed_by":"Lagavulin","ascension_level":17}