{"gold_per_floor":[109,109,121,132,11,11,11,36,89,118,118,136,136,149,149,245,245,245,245,245,245,245,245,245,245,245,245,245,245,245,245,245,245,245,245,42,42,42,42,42,42,42,42,42,42,42,42,42,42,42],"floor_reached":51,"playtime":3666,"items_purged":["Pain"],"score":829,"play_id":"5b7ef38c-cbdf-4458-a7df-5e28b28ce82f","local_time":"20180930215545","daily_mods":["SealedDeck"],"is_ascension_mode":true,"campfire_choices":[{"data":"Evolve","floor":6,"key":"SMITH"},{"data":"Whirlwind","floor":11,"key":"SMITH"},{"data":"Pommel Strike","floor":13,"key":"SMITH"},{"data":"Flex","floor":15,"key":"SMITH"},{"data":"Dark Embrace","floor":24,"key":"SMITH"},{"data":"Shockwave","floor":32,"key":"SMITH"},{"data":"Fiend Fire","floor":47,"key":"SMITH"},{"data":"Shrug It Off","floor":49,"key":"SMITH"}],"neow_cost":"","seed_source_timestamp":0,"circlet_count":0,"master_deck":["Anger","Flex+1","Shockwave+1","Heavy Blade+1","Whirlwind+1","Shrug It Off+1","Pommel Strike+1","Evolve+1","Power Through","Ghostly Armor","Disarm","Hemokinesis","Wild Strike","Wild Strike","Shrug It Off+1","Dark Embrace+1","Shrug It Off","Warcry","RitualDagger","Flex+1","Thunderclap+1","Evolve","Shrug It Off+1","Fiend Fire+1","Power Through+1","Flame Barrier+1","Feel No Pain+1"],"relics":["Burning Blood","WarpedTongs","Bag of Preparation","Tiny Chest","Orichalcum","Ectoplasm","Dead Branch","Kunai","Red Skull","Coffee Dripper","Sling","Frozen Egg 2","Oddly Smooth Stone","Strawberry","Dream Catcher","Ancient Tea Set"],"potions_floor_usage":[8,22,27,31,33,33,33,40,50,50],"damage_taken":[{"damage":0,"enemies":"2 Louse","floor":1,"turns":2},{"damage":11,"enemies":"Cultist","floor":3,"turns":3},{"damage":1,"enemies":"Small Slimes","floor":4,"turns":2},{"damage":9,"enemies":"Gremlin Nob","floor":8,"turns":3},{"damage":6,"enemies":"Lagavulin","floor":10,"turns":5},{"damage":0,"enemies":"3 Louse","floor":12,"turns":1},{"damage":3,"enemies":"Red Slaver","floor":14,"turns":2},{"damage":6,"enemies":"Hexaghost","floor":16,"turns":6},{"damage":2,"enemies":"3 Byrds","floor":18,"turns":2},{"damage":3,"enemies":"Shell Parasite","floor":21,"turns":3},{"damage":0,"enemies":"Centurion and Healer","floor":22,"turns":1},{"damage":12,"enemies":"Gremlin Leader","floor":23,"turns":3},{"damage":3,"enemies":"3 Cultists","floor":25,"turns":4},{"damage":12,"enemies":"Snake Plant","floor":27,"turns":3},{"damage":3,"enemies":"Sentry and Sphere","floor":30,"turns":2},{"damage":3,"enemies":"Book of Stabbing","floor":31,"turns":5},{"damage":40,"enemies":"Champ","floor":33,"turns":7},{"damage":0,"enemies":"3 Darklings","floor":35,"turns":1},{"damage":0,"enemies":"3 Shapes","floor":37,"turns":2},{"damage":6,"enemies":"3 Darklings","floor":38,"turns":4},{"damage":0,"enemies":"2 Orb Walkers","floor":40,"turns":4},{"damage":4,"enemies":"4 Shapes","floor":41,"turns":5},{"damage":3,"enemies":"Reptomancer","floor":42,"turns":3},{"damage":8,"enemies":"Giant Head","floor":44,"turns":6},{"damage":3,"enemies":"Spire Growth","floor":45,"turns":3},{"damage":4,"enemies":"4 Shapes","floor":46,"turns":5},{"damage":3,"enemies":"Nemesis","floor":48,"turns":3},{"damage":60,"enemies":"Time Eater","floor":50,"turns":13}],"seed_played":"7511002343972334119","potions_obtained":[{"floor":3,"key":"Weak Potion"},{"floor":4,"key":"FearPotion"},{"floor":14,"key":"Swift Potion"},{"floor":16,"key":"AttackPotion"},{"floor":22,"key":"FearPotion"},{"floor":23,"key":"EntropicBrew"},{"floor":27,"key":"PowerPotion"},{"floor":33,"key":"BloodPotion"},{"floor":35,"key":"SteroidPotion"},{"floor":37,"key":"Strength Potion"},{"floor":46,"key":"SkillPotion"},{"floor":48,"key":"Weak Potion"}],"is_trial":true,"path_per_floor":["M","?","M","M","$","R","?","E","T","E","R","M","R","M","R","B",null,"M","?","?","M","M","E","R","M","T","M","$","?","M","E","R","B",null,"M","$","M","M","T","E","M","M","T","E","M","M","R","E","R","B"],"character_chosen":"IRONCLAD","items_purchased":["Wild Strike","Sling"],"campfire_rested":0,"item_purchase_floors":[5,36],"current_hp_per_floor":[80,80,75,80,80,80,64,61,61,61,61,67,67,70,70,70,80,80,80,74,77,80,74,74,77,77,71,71,80,80,80,80,46,80,80,80,80,80,80,80,83,83,90,88,90,90,90,90,90,36],"gold":42,"neow_bonus":"","is_prod":false,"is_daily":false,"chose_seed":false,"campfire_upgraded":8,"win_rate":0,"timestamp":1538362545,"path_taken":["M","?","M","M","$","R","?","E","T","E","R","M","R","?","R","BOSS","M","?","?","M","M","E","R","?","T","M","?","?","M","E","R","BOSS","M","$","M","M","?","E","?","M","T","E","M","M","R","E","R","BOSS"],"build_version":"2018-09-27","purchased_purges":1,"victory":true,"max_hp_per_floor":[80,80,80,80,80,80,80,80,80,80,80,80,80,80,80,80,80,80,80,80,80,80,80,80,80,80,80,80,80,80,80,80,80,80,80,80,80,80,80,80,83,83,90,90,90,90,90,90,90,90],"card_choices":[{"not_picked":["Sword Boomerang","Sever Soul"],"picked":"Ghostly Armor","floor":1},{"not_picked":["Ghostly Armor","Corruption"],"picked":"Disarm","floor":3},{"not_picked":["Burning Pact","Dual Wield"],"picked":"Hemokinesis","floor":4},{"not_picked":["Armaments","Juggernaut"],"picked":"Wild Strike","floor":8},{"not_picked":["Clash","Searing Blow","Armaments"],"picked":"SKIP","floor":10},{"not_picked":["Sword Boomerang","Dropkick","Cleave"],"picked":"SKIP","floor":12},{"not_picked":["True Grit","Burning Pact"],"picked":"Shrug It Off","floor":14},{"not_picked":["Impervious","Barricade"],"picked":"Dark Embrace","floor":16},{"not_picked":["Wild Strike","Twin Strike+1"],"picked":"Shrug It Off","floor":18},{"not_picked":["Pummel","Clash+1"],"picked":"Flex+1","floor":21},{"not_picked":["Body Slam","Anger"],"picked":"Thunderclap+1","floor":22},{"not_picked":["Warcry","Iron Wave"],"picked":"Evolve","floor":23},{"not_picked":["Exhume","Sword Boomerang"],"picked":"Shrug It Off+1","floor":25},{"not_picked":["Headbutt","Rage+1","Shrug It Off"],"picked":"SKIP","floor":27},{"not_picked":["Clothesline","Disarm+1","Metallicize"],"picked":"SKIP","floor":30},{"not_picked":["Corruption","Anger","Whirlwind"],"picked":"SKIP","floor":31},{"not_picked":["Brutality","Juggernaut"],"picked":"Fiend Fire","floor":33},{"not_picked":["Iron Wave+1","Rage"],"picked":"Power Through+1","floor":35},{"not_picked":["Havoc+1","Iron Wave+1"],"picked":"Flame Barrier+1","floor":37},{"not_picked":["Carnage","True Grit+1","Anger+1"],"picked":"SKIP","floor":38},{"not_picked":["Shrug It Off+1","Barricade+1","Uppercut+1"],"picked":"SKIP","floor":40},{"not_picked":["Pommel Strike+1","Whirlwind","Blood for Blood"],"picked":"SKIP","floor":41},{"not_picked":["Iron Wave+1","Headbutt+1","Sword Boomerang+1"],"picked":"SKIP","floor":42},{"not_picked":["Sword Boomerang","Bludgeon","Flex"],"picked":"SKIP","floor":44},{"not_picked":["Searing Blow","Evolve+1"],"picked":"Feel No Pain+1","floor":45},{"not_picked":["Evolve+1","True Grit+1","Pommel Strike"],"picked":"SKIP","floor":46},{"not_picked":["Thunderclap+1","Flex+1","Rupture+1"],"picked":"SKIP","floor":48}],"player_experience":416345,"relics_obtained":[{"floor":8,"key":"Bag of Preparation"},{"floor":9,"key":"Tiny Chest"},{"floor":10,"key":"Orichalcum"},{"floor":23,"key":"Dead Branch"},{"floor":26,"key":"Kunai"},{"floor":31,"key":"Red Skull"},{"floor":39,"key":"Frozen Egg 2"},{"floor":40,"key":"Oddly Smooth Stone"},{"floor":43,"key":"Strawberry"},{"floor":44,"key":"Dream Catcher"},{"floor":48,"key":"Ancient Tea Set"}],"event_choices":[{"event_name":"Accursed Blacksmith","player_choice":"Rummage","floor":2,"damage_taken":0},{"event_name":"Shining Light","player_choice":"Entered Light","floor":7,"damage_taken":0},{"event_name":"The Library","player_choice":"Read","floor":19,"damage_taken":0},{"event_name":"Nest","player_choice":"Joined the Cult","floor":20,"damage_taken":0},{"event_name":"Bonfire Elementals","player_choice":"UNCOMMON","floor":29,"damage_taken":0}],"is_beta":false,"boss_relics":[{"not_picked":["Busted Crown","Black Blood"],"picked":"Ectoplasm"},{"not_picked":["Empty Cage","Tiny House"],"picked":"Coffee Dripper"}],"items_purged_floors":[5],"is_endless":false,"potions_floor_spawned":[3,4,14,16,22,23,27,33,35,37,38,46,48],"ascension_level":1}