{"path_per_floor":["M","$","M","M","M","R","E","R","T","M","E","R","M","E","R","B",null,"M","$","?","M","M","?","R","E","T","R","M","M","R","E","R","B",null,"M","M","$","?","?","E","M","E","T","?","R","?","R","?","R"],"character_chosen":"THE_SILENT","items_purchased":["Whetstone","Dramatic Entrance","Finesse","Terror"],"gold_per_floor":[212,137,156,171,181,181,206,206,206,224,250,250,269,295,295,394,394,409,63,63,78,89,14,14,49,72,72,82,98,98,124,124,225,255,269,284,17,17,17,45,55,80,103,103,103,155,155,0,0,0],"floor_reached":50,"campfire_rested":1,"playtime":4865,"current_hp_per_floor":[70,70,69,69,62,62,57,57,57,59,42,42,44,40,40,7,70,58,58,58,60,61,61,61,60,67,67,64,60,60,57,57,10,90,87,91,91,79,79,63,67,58,58,58,58,58,58,58,88,0],"items_purged":["Strike_G","Strike_G","Defend_G"],"gold":0,"score":608,"play_id":"69a2c70e-8b7a-4ac3-8154-9e258aa79093","local_time":"20180323221234","is_prod":false,"is_daily":false,"is_ascension_mode":false,"campfire_upgraded":10,"timestamp":1521868354,"path_taken":["M","$","?","M","M","R","E","R","T","M","E","R","?","E","R","BOSS","M","$","?","M","M","?","R","E","T","R","?","M","R","E","R","BOSS","M","M","$","?","?","E","M","E","T","?","R","?","R","?","R","BOSS"],"build_version":"2018-03-22v2","purchased_purges":3,"victory":false,"master_deck":["Defend_G","Defend_G+1","Survivor+1","Neutralize+1","Flying Knee+1","Quick Slash+1","Deflect+1","All Out Attack+1","Prepared+1","Backflip","Flying Knee","Backstab+1","Venomology+1","Blade Dance+1","Tactician+1","Glass Knife+1","Dramatic Entrance","Deflect+1","Flying Knee+1","Sucker Punch+1","Adrenaline","Slice+1","Finesse","Terror","Madness+1","Madness+1","Backflip+1","Venomology+1"],"max_hp_per_floor":[70,70,70,70,70,70,70,70,70,70,70,70,70,70,70,70,70,72,72,72,74,74,74,74,76,83,83,85,85,85,85,85,85,90,92,94,94,94,94,94,96,98,98,98,98,100,100,100,100,100],"relics":["Ring of the Snake","Blood Vial","Ancient Tea Set","Darkstone Periapt","Singing Bowl","Astrolabe","Whetstone","Letter Opener","Strawberry","Lantern","Tiny House","Pantograph","Bag of Marbles","Juzu Bracelet","Torii","Red Mask"],"card_choices":[{"not_picked":["Dagger Throw","Terror"],"picked":"Flying Knee","floor":1},{"not_picked":["Acrobatics","Sucker Punch"],"picked":"Quick Slash","floor":3},{"not_picked":["Flying Knee","Dodge and Roll"],"picked":"Deflect","floor":4},{"not_picked":["Masterful Stab","Cloak And Dagger"],"picked":"All Out Attack","floor":5},{"not_picked":["Deadly Poison","Outmaneuver"],"picked":"Prepared","floor":10},{"not_picked":["Corpse Explosion","Malaise"],"picked":"Backflip","floor":11},{"not_picked":["Prepared","Accuracy"],"picked":"Flying Knee","floor":13},{"not_picked":["Reflex","Sucker Punch"],"picked":"Backstab","floor":14},{"not_picked":["Unload","Night Terror"],"picked":"Venomology","floor":16},{"not_picked":["Slice","Skewer"],"picked":"Deflect","floor":22},{"not_picked":["Underhanded Strike","Calculated Gamble"],"picked":"Flying Knee","floor":29},{"not_picked":["Night Terror","Underhanded Strike"],"picked":"Sucker Punch","floor":31},{"not_picked":["Unload","Storm of Steel"],"picked":"Adrenaline","floor":33},{"not_picked":["Backflip","Dagger Spray"],"picked":"Slice","floor":34},{"not_picked":["Storm of Steel","Dagger Throw"],"picked":"Backflip","floor":40}],"player_experience":149419,"potions_floor_usage":[13,14,16,16,21,22,25,25,28,29,31,33,33,33,33,36,40,40,40,41,42,46,50,50,50,50,50],"damage_taken":[{"damage":0,"enemies":"Cultist","floor":1,"turns":4},{"damage":1,"enemies":"Small Slimes","floor":3,"turns":3},{"damage":0,"enemies":"2 Louse","floor":4,"turns":3},{"damage":7,"enemies":"Large Slime","floor":5,"turns":9},{"damage":5,"enemies":"3 Sentries","floor":7,"turns":7},{"damage":0,"enemies":"Looter","floor":10,"turns":3},{"damage":19,"enemies":"Lagavulin","floor":11,"turns":9},{"damage":0,"enemies":"3 Louse","floor":13,"turns":1},{"damage":6,"enemies":"Gremlin Nob","floor":14,"turns":4},{"damage":35,"enemies":"The Guardian","floor":16,"turns":17},{"damage":14,"enemies":"Spheric Guardian","floor":18,"turns":4},{"damage":2,"enemies":"2 Thieves","floor":21,"turns":4},{"damage":1,"enemies":"Chosen and Byrds","floor":22,"turns":5},{"damage":5,"enemies":"Book of Stabbing","floor":25,"turns":5},{"damage":7,"enemies":"Cultist and Chosen","floor":28,"turns":8},{"damage":6,"enemies":"Snecko","floor":29,"turns":5},{"damage":5,"enemies":"Gremlin Leader","floor":31,"turns":4},{"damage":49,"enemies":"Champ","floor":33,"turns":14},{"damage":5,"enemies":"Orb Walker","floor":35,"turns":3},{"damage":0,"enemies":"3 Shapes","floor":36,"turns":3},{"damage":27,"enemies":"2 Orb Walkers","floor":40,"turns":4},{"damage":0,"enemies":"3 Darklings","floor":41,"turns":1},{"damage":13,"enemies":"Giant Head","floor":42,"turns":6},{"damage":4,"enemies":"Mysterious Sphere","floor":46,"turns":3},{"damage":139,"enemies":"Time Eater","floor":50,"turns":14}],"event_choices":[{"event_name":"Drug Dealer","player_choice":"Ignored","floor":20,"damage_taken":0},{"event_name":"Beggar","player_choice":"Gave Gold","floor":23,"damage_taken":0},{"event_name":"Winding Halls","player_choice":"Embrace Madness","floor":38,"damage_taken":0},{"event_name":"Purifier","player_choice":"One Purge","floor":39,"damage_taken":0},{"event_name":"Duplicator","player_choice":"One dupe","floor":44,"damage_taken":0},{"event_name":"Mysterious Sphere","player_choice":"Fight","floor":46,"damage_taken":0},{"event_name":"Tomb of Lord Red Mask","player_choice":"Paid","floor":48,"damage_taken":0}],"boss_relics":[{"not_picked":["Lizard Tail","Runic Dome"],"picked":"Astrolabe"},{"not_picked":["Pandora\u0027s Box","Black Star"],"picked":"Tiny House"}],"potions_floor_spawned":[3,5,11,14,16,18,29,31,33,35,41],"seed_played":"-7278636084046184278","killed_by":"Time Eater","ascension_level":0,"is_trial":false}