{"gold_per_floor":[117,142,157,169,45,45,77,77,77,105,105,115,144,18,18,123,123,138,158,168,43,54,54,85,85,85,101,121,121,137,162,162,265,265,277,297,297,316,316,347,360,391,463,483,74,89,89,0,0,0],"floor_reached":51,"playtime":4570,"items_purged":["Strike_G","Strike_G","Strike_G","Strike_G+1"],"score":1164,"play_id":"47e1f88d-b673-4a70-a6e8-d901571ca731","local_time":"20190414155952","is_ascension_mode":true,"campfire_choices":[{"data":"Cloak And Dagger","floor":6,"key":"SMITH"},{"data":"Infinite Blades","floor":8,"key":"SMITH"},{"data":"Blade Dance","floor":15,"key":"SMITH"},{"floor":23,"key":"REST"},{"floor":32,"key":"REST"},{"floor":49,"key":"REST"}],"neow_cost":"NONE","seed_source_timestamp":11616479705181,"circlet_count":0,"master_deck":["AscendersBane","Defend_G+1","Defend_G+1","Defend_G+1","Defend_G+1","Survivor+1","Neutralize+1","Poisoned Stab+1","Crippling Poison+1","Dagger Spray+1","Cloak And Dagger+1","PiercingWail+1","Infinite Blades+1","Backstab+1","Bouncing Flask+1","After Image+1","Blade Dance+1","Malaise+1","Escape Plan+1","PiercingWail+1","Blade Dance+1","Cloak And Dagger+1","Escape Plan+1","Tools of the Trade+1","Dodge and Roll+1","Terror+1","Corpse Explosion+1","Leg Sweep+1","Distraction+1","Wraith Form v2+1","Quick Slash+1","Acrobatics+1","After Image+1","Dodge and Roll+1","Footwork+1","Envenom+1","Well Laid Plans+1"],"relics":["Ring of the Snake","Vajra","Omamori","Letter Opener","Lantern","Odd Mushroom","Fusion Hammer","Whetstone","Dodecahedron","Matryoshka","Blood Vial","Cursed Key","Art of War","Bag of Preparation","The Courier","Shuriken","Mark of the Bloom","Red Mask"],"potions_floor_usage":[7,13,16,24,31,42,44,50,50],"damage_taken":[{"damage":1,"enemies":"Cultist","floor":1,"turns":4},{"damage":2,"enemies":"Jaw Worm","floor":3,"turns":4},{"damage":3,"enemies":"2 Louse","floor":4,"turns":2},{"damage":12,"enemies":"3 Sentries","floor":7,"turns":7},{"damage":18,"enemies":"Gremlin Nob","floor":10,"turns":4},{"damage":3,"enemies":"Blue Slaver","floor":12,"turns":3},{"damage":0,"enemies":"The Mushroom Lair","floor":13,"turns":3},{"damage":15,"enemies":"The Guardian","floor":16,"turns":11},{"damage":1,"enemies":"Shell Parasite","floor":18,"turns":5},{"damage":0,"enemies":"Chosen","floor":19,"turns":4},{"damage":3,"enemies":"3 Cultists","floor":20,"turns":5},{"damage":9,"enemies":"Snecko","floor":22,"turns":4},{"damage":1,"enemies":"Gremlin Leader","floor":24,"turns":6},{"damage":4,"enemies":"Cultist and Chosen","floor":27,"turns":5},{"damage":2,"enemies":"Snake Plant","floor":28,"turns":6},{"damage":1,"enemies":"Snecko","floor":30,"turns":4},{"damage":26,"enemies":"Book of Stabbing","floor":31,"turns":5},{"damage":43,"enemies":"Automaton","floor":33,"turns":13},{"damage":0,"enemies":"3 Shapes","floor":35,"turns":5},{"damage":0,"enemies":"Orb Walker","floor":36,"turns":3},{"damage":10,"enemies":"Sphere and 2 Shapes","floor":38,"turns":6},{"damage":9,"enemies":"Giant Head","floor":40,"turns":8},{"damage":0,"enemies":"3 Darklings","floor":41,"turns":4},{"damage":0,"enemies":"Reptomancer","floor":42,"turns":8},{"damage":0,"enemies":"Writhing Mass","floor":44,"turns":7},{"damage":0,"enemies":"Maw","floor":46,"turns":7},{"damage":1,"enemies":"Donu and Deca","floor":50,"turns":5}],"seed_played":"7503261845632632290","potions_obtained":[{"floor":3,"key":"Swift Potion"},{"floor":4,"key":"AttackPotion"},{"floor":10,"key":"GhostInAJar"},{"floor":12,"key":"Swift Potion"},{"floor":16,"key":"PowerPotion"},{"floor":20,"key":"SteroidPotion"},{"floor":28,"key":"EssenceOfSteel"},{"floor":33,"key":"EssenceOfSteel"},{"floor":44,"key":"Strength Potion"}],"is_trial":false,"path_per_floor":["M","T","M","M","$","R","E","R","T","E","?","M","?","$","R","B",null,"M","M","M","$","M","R","E","?","T","M","M","?","M","E","R","B",null,"M","M","?","M","$","E","M","E","T","M","$","M","?","?","R","B",null],"character_chosen":"THE_SILENT","items_purchased":["PiercingWail","Blade Dance","Footwork","AttackPotion","Envenom","Well Laid Plans"],"campfire_rested":3,"item_purchase_floors":[5,14,45,45,45,45],"current_hp_per_floor":[62,62,60,57,57,57,45,45,45,27,50,47,47,47,47,32,61,60,60,57,57,48,69,68,68,68,64,62,62,61,35,56,15,56,58,60,60,52,52,45,47,49,49,51,51,53,53,53,53,52],"gold":0,"neow_bonus":"THREE_CARDS","is_prod":false,"is_daily":false,"chose_seed":false,"campfire_upgraded":3,"win_rate":0,"timestamp":1555275592,"path_taken":["M","?","M","M","$","R","E","R","T","E","?","M","?","?","R","BOSS","M","M","M","$","M","R","E","?","T","M","M","?","M","E","R","BOSS","M","M","?","M","$","E","M","E","T","M","$","M","?","?","R","BOSS"],"build_version":"2019-01-23","purchased_purges":4,"victory":true,"max_hp_per_floor":[70,70,70,70,70,70,70,70,70,70,70,70,70,70,70,70,70,70,70,70,70,70,70,70,70,70,70,70,70,70,70,70,70,70,70,70,66,66,66,66,66,66,66,66,66,66,66,66,66,66],"card_choices":[{"not_picked":["Quick Slash","Backflip"],"picked":"Poisoned Stab","floor":0},{"not_picked":["Acrobatics","Bouncing Flask"],"picked":"Crippling Poison","floor":1},{"not_picked":["Quick Slash","Calculated Gamble"],"picked":"Dagger Spray","floor":3},{"not_picked":["PiercingWail","Dagger Spray"],"picked":"Cloak And Dagger","floor":4},{"not_picked":["Acrobatics","Dagger Spray"],"picked":"Infinite Blades","floor":7},{"not_picked":["Bane","Caltrops"],"picked":"Backstab","floor":10},{"not_picked":["Setup","Prepared"],"picked":"Bouncing Flask","floor":12},{"not_picked":["Acrobatics","Cloak And Dagger"],"picked":"After Image","floor":13},{"not_picked":["A Thousand Cuts","Unload"],"picked":"Malaise","floor":16},{"not_picked":["Underhanded Strike","Bane"],"picked":"Escape Plan","floor":18},{"not_picked":["Prepared+1","Poisoned Stab"],"picked":"PiercingWail+1","floor":19},{"not_picked":["Slice","Dagger Throw"],"picked":"Blade Dance","floor":20},{"not_picked":["Calculated Gamble","Slice+1"],"picked":"Cloak And Dagger+1","floor":22},{"not_picked":["Distraction","Flying Knee"],"picked":"Escape Plan","floor":24},{"not_picked":["Underhanded Strike+1","Quick Slash"],"picked":"Tools of the Trade","floor":27},{"not_picked":["Sucker Punch+1","Acrobatics"],"picked":"Dodge and Roll+1","floor":28},{"not_picked":["Prepared","Underhanded Strike"],"picked":"Leg Sweep","floor":30},{"not_picked":["Slice","Escape Plan"],"picked":"Distraction+1","floor":31},{"not_picked":["Die Die Die","Grand Finale"],"picked":"Wraith Form v2","floor":33},{"not_picked":["Finisher","Blur"],"picked":"Quick Slash+1","floor":35},{"not_picked":["Outmaneuver","Underhanded Strike","Deflect"],"picked":"SKIP","floor":36},{"not_picked":["Dagger Spray","Cloak And Dagger+1"],"picked":"Acrobatics+1","floor":38},{"not_picked":["Crippling Poison+1","Sucker Punch","Malaise"],"picked":"SKIP","floor":40},{"not_picked":["Outmaneuver","Deflect","Underhanded Strike"],"picked":"SKIP","floor":41},{"not_picked":["Flechettes+1","Flying Knee+1"],"picked":"After Image","floor":42},{"not_picked":["Finisher","Poisoned Stab"],"picked":"Dodge and Roll+1","floor":44},{"not_picked":["Setup+1","Heel Hook+1","Dagger Throw+1"],"picked":"SKIP","floor":46}],"player_experience":747453,"relics_obtained":[{"floor":2,"key":"Vajra"},{"floor":7,"key":"Omamori"},{"floor":9,"key":"Letter Opener"},{"floor":10,"key":"Lantern"},{"floor":13,"key":"Odd Mushroom"},{"floor":24,"key":"Whetstone"},{"floor":26,"key":"Matryoshka"},{"floor":31,"key":"Blood Vial"},{"floor":40,"key":"Art of War"},{"floor":42,"key":"Bag of Preparation"},{"floor":43,"key":"The Courier"},{"floor":43,"key":"Shuriken"}],"event_choices":[{"damage_healed":23,"gold_gain":0,"player_choice":"Banana","damage_taken":0,"max_hp_gain":0,"max_hp_loss":0,"event_name":"Big Fish","floor":11,"gold_loss":0},{"damage_healed":0,"gold_gain":0,"player_choice":"Fought Mushrooms","damage_taken":0,"max_hp_gain":0,"max_hp_loss":0,"event_name":"Mushrooms","floor":13,"gold_loss":0},{"damage_healed":0,"gold_gain":0,"player_choice":"Stole Relic","damage_taken":0,"relics_obtained":["Dodecahedron"],"max_hp_gain":0,"max_hp_loss":0,"event_name":"Addict","floor":25,"gold_loss":0,"cards_obtained":["Shame"]},{"damage_healed":0,"gold_gain":0,"cards_transformed":["Strike_G","Defend_G"],"player_choice":"Became Test Subject","damage_taken":0,"max_hp_gain":0,"max_hp_loss":0,"event_name":"Drug Dealer","floor":29,"gold_loss":0,"cards_obtained":["Terror","Corpse Explosion"]},{"damage_healed":0,"gold_gain":0,"player_choice":"Max HP","damage_taken":0,"max_hp_gain":0,"max_hp_loss":4,"event_name":"Winding Halls","floor":37,"gold_loss":0},{"damage_healed":0,"gold_gain":0,"player_choice":"Upgrade","damage_taken":0,"relics_obtained":["Mark of the Bloom"],"max_hp_gain":0,"max_hp_loss":0,"event_name":"MindBloom","floor":47,"gold_loss":0,"cards_upgraded":["Defend_G","Defend_G","Defend_G","Defend_G","Survivor","Neutralize","Crippling Poison","Dagger Spray","PiercingWail","Backstab","Bouncing Flask","After Image","Malaise","Escape Plan","Blade Dance","Escape Plan","Tools of the Trade","Terror","Corpse Explosion","Leg Sweep","Wraith Form v2","After Image","Footwork","Envenom","Well Laid Plans"]},{"damage_healed":0,"gold_gain":0,"player_choice":"Paid","damage_taken":0,"relics_obtained":["Red Mask"],"max_hp_gain":0,"max_hp_loss":0,"event_name":"Tomb of Lord Red Mask","floor":48,"gold_loss":89}],"is_beta":false,"boss_relics":[{"not_picked":["Pandora\u0027s Box","HoveringKite"],"picked":"Fusion Hammer"},{"not_picked":["White Beast Statue","Philosopher\u0027s Stone"],"picked":"Cursed Key"}],"items_purged_floors":[5,14,21,45],"is_endless":false,"potions_floor_spawned":[3,4,10,12,16,20,28,30,33,38,41,44],"ascension_level":10}