{"gold_per_floor":[114,129,144,15,0,0,30,30,30,60,21,51,66,81,81,181,181,121,36,36,36,51,51,81,108,170,182],"floor_reached":27,"playtime":2332,"items_purged":[],"score":249,"play_id":"a8e30716-2793-4807-a39a-ad369023257e","local_time":"20180804192937","daily_mods":["Allstar","Elite Swarm","Uncertain Future"],"is_ascension_mode":false,"campfire_choices":[{"data":"Machine Learning","floor":6,"key":"SMITH"},{"floor":8,"key":"REST"},{"floor":15,"key":"REST"},{"data":"Creative AI","floor":23,"key":"SMITH"}],"neow_cost":"","seed_source_timestamp":0,"circlet_count":0,"master_deck":["Strike_B","Strike_B","Strike_B","Strike_B","Defend_B","Defend_B","Defend_B","Defend_B","Zap","Dualcast","Jack Of All Trades","Bandage Up","Trip","Panacea","Secret Technique","White Noise","Conserve Battery","Machine Learning+1","Capacitor","Coolheaded","Thunder Strike","Echo Form","FTL","Creative AI+1","Conserve Battery","Doom and Gloom","Rainbow","Hologram","Conserve Battery","Buffer+1","Cold Snap"],"special_seed":17747,"relics":["Cracked Core","Blue Candle","Question Card","Ornamental Fan","Vajra","Black Star","Frozen Egg 2","MawBank","Art of War","Oddly Smooth Stone"],"potions_floor_usage":[14,24,24,25,27,27],"damage_taken":[{"damage":1,"enemies":"Cultist","floor":1,"turns":3},{"damage":2,"enemies":"Small Slimes","floor":2,"turns":4},{"damage":2,"enemies":"2 Louse","floor":3,"turns":3},{"damage":56,"enemies":"Gremlin Nob","floor":7,"turns":5},{"damage":12,"enemies":"Lagavulin","floor":10,"turns":8},{"damage":36,"enemies":"Gremlin Nob","floor":12,"turns":5},{"damage":8,"enemies":"Large Slime","floor":13,"turns":6},{"damage":0,"enemies":"Looter","floor":14,"turns":4},{"damage":28,"enemies":"The Guardian","floor":16,"turns":10},{"damage":28,"enemies":"2 Thieves","floor":18,"turns":4},{"damage":5,"enemies":"Shell Parasite","floor":22,"turns":10},{"damage":34,"enemies":"Book of Stabbing","floor":24,"turns":6},{"damage":9,"enemies":"3 Cultists","floor":25,"turns":6},{"damage":49,"enemies":"Gremlin Leader","floor":27,"turns":9}],"seed_played":"1205906015399424776","potions_obtained":[{"floor":1,"key":"Ancient Potion"},{"floor":13,"key":"Swift Potion"},{"floor":16,"key":"EntropicBrew"},{"floor":24,"key":"Fruit Juice"},{"floor":25,"key":"Swift Potion"}],"is_trial":false,"path_per_floor":["M","M","M","$","?","R","E","R","T","E","$","E","M","M","R","B",null,"M","?","$","?","M","R","E","M","T"],"character_chosen":"DEFECT","items_purchased":["Capacitor","Coolheaded","FTL"],"campfire_rested":2,"item_purchase_floors":[4,4,11],"current_hp_per_floor":[74,72,70,70,70,70,18,40,40,41,41,9,5,5,27,3,75,47,47,47,72,71,71,41,45,45,0],"gold":182,"neow_bonus":"","is_prod":false,"is_daily":true,"chose_seed":false,"campfire_upgraded":2,"win_rate":0,"timestamp":1533403777,"path_taken":["M","M","?","?","?","R","E","R","T","E","$","E","M","M","R","BOSS","M","?","$","?","M","R","E","M","T","E"],"build_version":"2018-08-02","purchased_purges":0,"victory":false,"max_hp_per_floor":[75,75,75,75,75,75,75,75,75,75,75,75,75,75,75,75,75,75,75,75,75,75,75,75,80,80,80],"card_choices":[{"not_picked":["Cold Snap","Coolheaded"],"picked":"White Noise","floor":1},{"not_picked":["Beam Cell","Barrage"],"picked":"Conserve Battery","floor":2},{"not_picked":["Chill","Leap"],"picked":"Machine Learning","floor":3},{"not_picked":["Fission","All For One"],"picked":"Thunder Strike","floor":7},{"not_picked":["Reboot","All For One","Machine Learning"],"picked":"Echo Form","floor":10},{"not_picked":["Biased Cognition","Echo Form","Buffer"],"picked":"Creative AI","floor":12},{"not_picked":["Force Field","Rebound","Barrage"],"picked":"Conserve Battery","floor":13},{"not_picked":["Storm","Turbo","Compile Driver"],"picked":"Doom and Gloom","floor":14},{"not_picked":["Core Surge","Reboot","Multi-Cast"],"picked":"Rainbow","floor":16},{"not_picked":["Ball Lightning","Darkness+1","Sweeping Beam+1"],"picked":"Hologram","floor":18},{"not_picked":["Coolheaded","Steam","Redo"],"picked":"Conserve Battery","floor":22},{"not_picked":["Multi-Cast","Rainbow","Meteor Strike"],"picked":"Buffer+1","floor":24},{"not_picked":["Steam","Gash","Sweeping Beam"],"picked":"Cold Snap","floor":25}],"player_experience":89153,"relics_obtained":[{"floor":7,"key":"Blue Candle"},{"floor":9,"key":"Question Card"},{"floor":10,"key":"Ornamental Fan"},{"floor":12,"key":"Vajra"},{"floor":24,"key":"MawBank"},{"floor":24,"key":"Art of War"},{"floor":26,"key":"Oddly Smooth Stone"}],"event_choices":[{"event_name":"World of Goop","player_choice":"Left","floor":5,"damage_taken":0},{"event_name":"Addict","player_choice":"Obtained Relic","floor":19,"damage_taken":0},{"event_name":"The Library","player_choice":"Heal","floor":21,"damage_taken":0}],"is_beta":false,"boss_relics":[{"not_picked":["Empty Cage","White Beast Statue"],"picked":"Black Star"}],"items_purged_floors":[],"is_endless":false,"potions_floor_spawned":[1,13,16,24,25],"killed_by":"Gremlin Leader","ascension_level":0}