{"gold_per_floor":[111,111,131,151,22,22,22,22,22,40,55,31,31,46,46,151,151,164,182,82,82,99,99,99,99,99,99,115,0,16,16,16,16],"floor_reached":33,"playtime":1693,"items_purged":["Strike_G","Strike_G"],"score":237,"play_id":"baacaf19-284a-4fb4-bf83-491ab288a6d8","local_time":"20180829141448","is_ascension_mode":false,"campfire_choices":[{"data":"Dagger Spray","floor":6.0,"key":"SMITH"},{"data":"Poisoned Stab","floor":8.0,"key":"SMITH"},{"data":"Deadly Poison","floor":13.0,"key":"SMITH"},{"data":"Quick Slash","floor":15.0,"key":"SMITH"},{"data":"Bane","floor":23.0,"key":"SMITH"},{"data":"Die Die Die","floor":25.0,"key":"SMITH"},{"data":"Deflect","floor":27.0,"key":"SMITH"},{"floor":32.0,"key":"REST"}],"neow_cost":"","seed_source_timestamp":7594477810165,"circlet_count":0,"master_deck":["Defend_G","Defend_G+1","Defend_G","Defend_G","Strike_G","Strike_G","Survivor","Neutralize+1","Quick Slash+1","Calculated Gamble","Poisoned Stab+1","Dagger Spray+1","Deadly Poison+1","Deflect+1","Escape Plan","Die Die Die+1","Bane+1","PiercingWail","Footwork","Footwork"],"special_seed":0,"relics":["Ring of the Snake"],"potions_floor_usage":[33],"damage_taken":[{"damage":0.0,"enemies":"2 Louse","floor":1.0,"turns":2.0},{"damage":0.0,"enemies":"Small Slimes","floor":3.0,"turns":3.0},{"damage":0.0,"enemies":"Cultist","floor":4.0,"turns":4.0},{"damage":1.0,"enemies":"Red Slaver","floor":10.0,"turns":2.0},{"damage":1.0,"enemies":"2 Fungi Beasts","floor":11.0,"turns":2.0},{"damage":2.0,"enemies":"Looter","floor":14.0,"turns":2.0},{"damage":7.0,"enemies":"Hexaghost","floor":16.0,"turns":9.0},{"damage":3.0,"enemies":"Chosen","floor":18.0,"turns":5.0},{"damage":17.0,"enemies":"2 Thieves","floor":19.0,"turns":3.0},{"damage":5.0,"enemies":"Snake Plant","floor":22.0,"turns":4.0},{"damage":21.0,"enemies":"Sentry and Sphere","floor":28.0,"turns":7.0},{"damage":3.0,"enemies":"3 Cultists","floor":30.0,"turns":4.0},{"damage":52,"enemies":"Collector","floor":33,"turns":13}],"seed_played":"-2990809779875766015","potions_obtained":[{"floor":3.0,"key":"Regen Potion"},{"floor":10.0,"key":"Regen Potion"},{"floor":11.0,"key":"Block Potion"},{"floor":28.0,"key":"AttackPotion"},{"floor":30.0,"key":"SteroidPotion"}],"is_trial":false,"path_per_floor":["M","?","M","M","$","R","?","R","T","M","M","$","R","M","R","B",null,"M","M","$","?","M","R","?","R","T","R","M","?","M","T","R"],"character_chosen":"THE_SILENT","items_purchased":["Dagger Spray","Deflect"],"campfire_rested":1,"item_purchase_floors":[5,12],"current_hp_per_floor":[70,56,56,56,56,56,49,49,49,48,47,47,47,54,54,47,70,67,57,57,57,52,52,52,52,52,52,31,31,28,28,49,0],"gold":16,"neow_bonus":"","is_prod":false,"is_daily":false,"chose_seed":false,"campfire_upgraded":7,"win_rate":0,"timestamp":1535570088,"path_taken":["M","?","M","?","?","R","?","R","T","M","?","$","R","?","R","BOSS","M","M","$","?","M","R","?","R","T","R","M","?","M","?","R","BOSS"],"build_version":"2018-08-23v2","purchased_purges":2,"victory":false,"max_hp_per_floor":[70,70,70,70,70,70,70,70,70,70,70,70,70,70,70,70,70,70,70,70,70,70,70,70,70,70,70,70,70,70,70,70,70],"card_choices":[{"not_picked":["PiercingWail","Outmaneuver"],"picked":"Quick Slash","floor":1.0},{"not_picked":["Prepared","Deflect"],"picked":"Calculated Gamble","floor":3.0},{"not_picked":["Accuracy","Tools of the Trade"],"picked":"Poisoned Stab","floor":4.0},{"not_picked":["Outmaneuver","Skewer","All Out Attack"],"picked":"SKIP","floor":10.0},{"not_picked":["Crippling Poison","Outmaneuver"],"picked":"Deadly Poison","floor":11.0},{"not_picked":["All Out Attack","Dodge and Roll"],"picked":"Escape Plan","floor":14.0},{"not_picked":["Unload","Phantasmal Killer"],"picked":"Die Die Die","floor":16.0},{"not_picked":["Backflip+1","Deadly Poison"],"picked":"Bane","floor":18.0},{"not_picked":["Prepared","Dash"],"picked":"PiercingWail","floor":19.0},{"not_picked":["Masterful Stab","Infinite Blades","Bane"],"picked":"SKIP","floor":22.0},{"not_picked":["Grand Finale","Quick Slash"],"picked":"Footwork","floor":28.0},{"not_picked":["Deflect","Deadly Poison+1"],"picked":"Footwork","floor":30.0}],"player_experience":380250,"relics_obtained":[],"event_choices":[{"event_name":"Shining Light","player_choice":"Entered Light","floor":2.0,"damage_taken":0.0},{"event_name":"Golden Wing","player_choice":"Card Removal","floor":7.0,"damage_taken":0.0},{"event_name":"Back to Basics","player_choice":"Elegance","floor":24.0,"damage_taken":0.0},{"event_name":"Masked Bandits","player_choice":"Paid Fearfully","floor":29.0,"damage_taken":0.0}],"is_beta":false,"boss_relics":[{"not_picked":["Tiny House","Snecko Eye","Coffee Dripper"]}],"items_purged_floors":[5,20],"is_endless":false,"potions_floor_spawned":[3,10,11,28,30],"killed_by":"Collector","ascension_level":0}