{"gold_per_floor":[16,16,33,52,0,0,12,24,75,94,123,123,148,175,175,250,250,264,264,354,354,374,374,399,399,453,453,473,20,46,90,102,192,204,232,344,356,103,325,325,358,358,358,369,399,419,419,437,437,437],"floor_reached":51,"playtime":4627,"items_purged":["Strike_R","Strike_R"],"score":1524,"play_id":"0de41fda-9c68-4b00-a100-42a77a24b600","local_time":"20190305104731","is_ascension_mode":true,"campfire_choices":[{"data":"Uppercut","floor":6.0,"key":"SMITH"},{"data":"Battle Trance","floor":12.0,"key":"SMITH"},{"data":"Inflame","floor":15.0,"key":"SMITH"},{"data":"Ghostly","floor":23.0,"key":"SMITH"},{"floor":27.0,"key":"REST"},{"data":"Ghostly","floor":32.0,"key":"SMITH"},{"data":"True Grit","floor":40.0,"key":"SMITH"},{"data":"Bloodletting","floor":42.0,"key":"SMITH"},{"data":"Heavy Blade","floor":49.0,"key":"SMITH"}],"neow_cost":"NO_GOLD","seed_source_timestamp":257307415737622,"circlet_count":0,"master_deck":["AscendersBane","Strike_R","Strike_R","Defend_R","Defend_R+1","Defend_R","Bash","Fiend Fire","Uppercut+1","Power Through","Seeing Red+1","Inflame+1","Battle Trance+1","Cleave","Thunderclap","Bloodletting+1","Exhume","Panacea","Ghostly","Ghostly+1","Ghostly+1","Power Through","Shockwave+1","Necronomicurse","True Grit+1","Master of Strategy","Shrug It Off","Feed","Twin Strike+1","Rupture","Double Tap","True Grit+1","Inflame+1","Barricade","Heavy Blade+1"],"special_seed":0,"relics":["Burning Blood","Self Forming Clay","War Paint","Juzu Bracelet","Odd Mushroom","Bronze Scales","Runic Pyramid","Mummified Hand","Necronomicon","Bag of Marbles","Membership Card","Centennial Puzzle","MawBank","Red Mask","Sozu","Unceasing Top","Strawberry","Pocketwatch","Shuriken","Incense Burner"],"potions_floor_usage":[],"damage_taken":[{"damage":11.0,"enemies":"Jaw Worm","floor":1.0,"turns":4.0},{"damage":2.0,"enemies":"2 Louse","floor":3.0,"turns":3.0},{"damage":1.0,"enemies":"Cultist","floor":4.0,"turns":3.0},{"damage":1.0,"enemies":"2 Fungi Beasts","floor":7.0,"turns":3.0},{"damage":12.0,"enemies":"Exordium Wildlife","floor":8.0,"turns":4.0},{"damage":4.0,"enemies":"Blue Slaver","floor":10.0,"turns":4.0},{"damage":0.0,"enemies":"Gremlin Nob","floor":11.0,"turns":2.0},{"damage":18.0,"enemies":"The Mushroom Lair","floor":13.0,"turns":3.0},{"damage":0.0,"enemies":"Lagavulin","floor":14.0,"turns":4.0},{"damage":28.0,"enemies":"Slime Boss","floor":16.0,"turns":8.0},{"damage":13.0,"enemies":"Shell Parasite","floor":18.0,"turns":3.0},{"damage":4.0,"enemies":"3 Byrds","floor":22.0,"turns":5.0},{"damage":17.0,"enemies":"Book of Stabbing","floor":24.0,"turns":4.0},{"damage":3.0,"enemies":"Snecko","floor":28.0,"turns":4.0},{"damage":6.0,"enemies":"Slavers","floor":30.0,"turns":6.0},{"damage":7.0,"enemies":"Masked Bandits","floor":31.0,"turns":2.0},{"damage":19.0,"enemies":"Automaton","floor":33.0,"turns":15.0},{"damage":0.0,"enemies":"3 Shapes","floor":35.0,"turns":4.0},{"damage":0.0,"enemies":"Mind Bloom Boss Battle","floor":36.0,"turns":3.0},{"damage":12.0,"enemies":"Giant Head","floor":41.0,"turns":7.0},{"damage":5.0,"enemies":"3 Darklings","floor":44.0,"turns":6.0},{"damage":3.0,"enemies":"Reptomancer","floor":45.0,"turns":5.0},{"damage":3.0,"enemies":"4 Shapes","floor":46.0,"turns":6.0},{"damage":3.0,"enemies":"Writhing Mass","floor":48.0,"turns":4.0},{"damage":3,"enemies":"Donu and Deca","floor":50,"turns":6}],"seed_played":"-1622158157155233646","potions_obtained":[{"floor":4.0,"key":"SteroidPotion"},{"floor":8.0,"key":"PowerPotion"},{"floor":10.0,"key":"LiquidBronze"},{"floor":22.0,"key":"LiquidBronze"},{"floor":24.0,"key":"AttackPotion"}],"is_trial":false,"path_per_floor":["M","?","M","M","?","R","M","M","T","M","E","R","?","E","R","B",null,"M","?","?","?","M","R","E","?","T","R","M","$","E","?","R","B",null,"M","?","?","$","?","R","E","R","T","M","E","M","T","M","R","B",null],"character_chosen":"IRONCLAD","items_purchased":["Membership Card","Centennial Puzzle","Master of Strategy","Block Potion","Strawberry","Rupture","Double Tap","True Grit"],"campfire_rested":1,"item_purchase_floors":[29,29,29,29,38,38,38,38],"current_hp_per_floor":[63,68,72,77,77,77,80,74,74,76,80,80,68,74,74,52,73,66,66,42,40,40,40,29,8,8,20,23,23,23,22,22,9,32,41,43,43,50,50,50,44,44,44,45,48,53,53,53,53,56],"gold":437,"neow_bonus":"TRANSFORM_TWO_CARDS","is_prod":false,"is_daily":false,"chose_seed":false,"campfire_upgraded":8,"win_rate":0,"timestamp":1551779251,"path_taken":["M","?","M","M","?","R","M","M","T","?","E","R","?","E","R","BOSS","M","?","?","?","M","R","E","?","T","R","M","$","E","?","R","BOSS","M","?","?","?","?","R","E","R","T","M","E","M","?","M","R","BOSS"],"build_version":"2019-01-23","purchased_purges":2,"victory":true,"max_hp_per_floor":[75,80,80,80,80,80,80,80,80,80,80,80,80,80,80,80,80,80,80,80,40,40,40,40,40,40,40,40,40,40,40,40,40,40,43,43,43,50,50,50,50,50,50,50,50,53,53,53,53,56],"card_choices":[{"not_picked":["Clothesline","Heavy Blade"],"picked":"Uppercut","floor":1.0},{"not_picked":["Pommel Strike","True Grit"],"picked":"Power Through","floor":3.0},{"not_picked":["Impervious","Clash"],"picked":"Seeing Red","floor":4.0},{"not_picked":["Dropkick","Pummel"],"picked":"Inflame","floor":7.0},{"not_picked":["Combust","Headbutt","Flex"],"picked":"SKIP","floor":8.0},{"not_picked":["Shrug It Off","Uppercut"],"picked":"Battle Trance","floor":10.0},{"not_picked":["Twin Strike","Entrench"],"picked":"Cleave","floor":11.0},{"not_picked":["Headbutt","Power Through"],"picked":"Thunderclap","floor":13.0},{"not_picked":["Sword Boomerang","Wild Strike"],"picked":"Bloodletting","floor":14.0},{"not_picked":["Double Tap","Barricade"],"picked":"Exhume","floor":16.0},{"not_picked":["Metallicize+1","Shockwave","Cleave"],"picked":"SKIP","floor":18.0},{"not_picked":["Cleave","Corruption"],"picked":"Power Through","floor":22.0},{"not_picked":["Flex","Bloodletting"],"picked":"Shockwave+1","floor":24.0},{"not_picked":["Seeing Red","Reckless Charge"],"picked":"True Grit+1","floor":28.0},{"not_picked":["Iron Wave","Heavy Blade"],"picked":"Shrug It Off","floor":30.0},{"not_picked":["Reaper","Bludgeon"],"picked":"Feed","floor":33.0},{"not_picked":["Dropkick","Iron Wave"],"picked":"Twin Strike+1","floor":35.0},{"not_picked":["Berserk","Uppercut","Flex+1"],"picked":"SKIP","floor":41.0},{"not_picked":["Intimidate","Cleave+1","Iron Wave"],"picked":"SKIP","floor":44.0},{"not_picked":["Dropkick+1","Rampage"],"picked":"Inflame+1","floor":45.0},{"not_picked":["Body Slam","Ghostly Armor"],"picked":"Barricade","floor":46.0},{"not_picked":["Pommel Strike+1","Sword Boomerang","Heavy Blade"],"picked":"SKIP","floor":48.0},{"not_picked":["Pommel Strike+1","Sword Boomerang"],"picked":"Heavy Blade","floor":48.0}],"player_experience":442143,"relics_obtained":[{"floor":9.0,"key":"War Paint"},{"floor":11.0,"key":"Juzu Bracelet"},{"floor":13.0,"key":"Odd Mushroom"},{"floor":14.0,"key":"Bronze Scales"},{"floor":24.0,"key":"Mummified Hand"},{"floor":25.0,"key":"Necronomicon"},{"floor":26.0,"key":"Bag of Marbles"},{"floor":30.0,"key":"MawBank"},{"floor":31.0,"key":"Red Mask"},{"floor":36.0,"key":"Unceasing Top"},{"floor":41.0,"key":"Pocketwatch"},{"floor":43.0,"key":"Shuriken"},{"floor":45.0,"key":"Incense Burner"}],"event_choices":[{"damage_healed":0.0,"max_hp_gain":5.0,"max_hp_loss":0.0,"gold_gain":0.0,"event_name":"Big Fish","player_choice":"Donut","floor":2.0,"gold_loss":0.0,"damage_taken":0.0},{"damage_healed":0.0,"max_hp_gain":0.0,"max_hp_loss":0.0,"gold_gain":0.0,"event_name":"WeMeetAgain","player_choice":"Paid Gold","floor":5.0,"gold_loss":52.0,"damage_taken":0.0,"relics_obtained":["Self Forming Clay"]},{"damage_healed":0.0,"max_hp_gain":0.0,"max_hp_loss":0.0,"gold_gain":0.0,"event_name":"Mushrooms","player_choice":"Fought Mushrooms","floor":13.0,"gold_loss":0.0,"damage_taken":0.0},{"damage_healed":0.0,"max_hp_gain":0.0,"max_hp_loss":0.0,"gold_gain":0.0,"event_name":"Vampires","player_choice":"Ignored","floor":19.0,"gold_loss":0.0,"damage_taken":0.0},{"damage_healed":0.0,"max_hp_gain":0.0,"max_hp_loss":0.0,"gold_gain":90.0,"event_name":"Knowing Skull","player_choice":"CARD GOLD ","floor":20.0,"potions_obtained":[],"gold_loss":0.0,"damage_taken":24.0,"cards_obtained":["Panacea"]},{"damage_healed":0.0,"max_hp_gain":0.0,"max_hp_loss":40.0,"gold_gain":0.0,"event_name":"Ghosts","player_choice":"Became a Ghost","floor":21.0,"gold_loss":0.0,"damage_taken":0.0,"cards_obtained":["Ghostly","Ghostly","Ghostly"]},{"damage_healed":0.0,"max_hp_gain":0.0,"max_hp_loss":0.0,"gold_gain":0.0,"event_name":"Cursed Tome","player_choice":"Obtained Book","floor":25.0,"gold_loss":0.0,"damage_taken":21.0},{"damage_healed":0.0,"max_hp_gain":0.0,"max_hp_loss":0.0,"gold_gain":0.0,"event_name":"Masked Bandits","player_choice":"Fought Bandits","floor":31.0,"gold_loss":0.0,"damage_taken":0.0},{"damage_healed":0.0,"max_hp_gain":0.0,"max_hp_loss":0.0,"gold_gain":0.0,"event_name":"MindBloom","player_choice":"Fight","floor":36.0,"gold_loss":0.0,"damage_taken":0.0},{"cards_removed":["Barricade"],"damage_healed":0.0,"max_hp_gain":0.0,"max_hp_loss":0.0,"gold_gain":0.0,"event_name":"Falling","player_choice":"Removed Power","floor":37.0,"gold_loss":0.0,"damage_taken":0.0},{"damage_healed":0.0,"max_hp_gain":0.0,"max_hp_loss":0.0,"gold_gain":222.0,"event_name":"Tomb of Lord Red Mask","player_choice":"Wore Mask","floor":39.0,"gold_loss":0.0,"damage_taken":0.0}],"is_beta":false,"boss_relics":[{"not_picked":["Ectoplasm","Tiny House"],"picked":"Runic Pyramid"},{"not_picked":["Orrery","Eternal Feather"],"picked":"Sozu"}],"items_purged_floors":[29,38],"is_endless":false,"potions_floor_spawned":[4,8,10,14,22,24,35,44,46,48],"ascension_level":18}