{"gold_per_floor":[15,26,39,52,127,127,146,67,67,101,101,101,117,117,117,191,191,210,45,56,331,2,2,27,27,53,53,67,67,87,187,187,187],"floor_reached":33,"playtime":3161,"items_purged":["Regret"],"score":517,"play_id":"42083799-f2db-4117-9d81-49bfa13358d9","local_time":"20190316110112","is_ascension_mode":true,"campfire_choices":[{"data":"Sunder","floor":6.0,"key":"SMITH"},{"floor":11.0,"key":"REST"},{"data":"Zap","floor":15.0,"key":"SMITH"},{"data":"Defragment","floor":23.0,"key":"SMITH"},{"floor":29.0,"key":"REST"},{"floor":32.0,"key":"REST"}],"neow_cost":"NO_GOLD","seed_source_timestamp":299182736636946,"circlet_count":0,"master_deck":["AscendersBane","Strike_B","Strike_B","Strike_B","Strike_B","Defend_B","Defend_B","Defend_B","Defend_B","Zap+1","Dualcast","Sunder+1","Coolheaded","Hologram","Defragment+1","Undo","White Noise","Biased Cognition","BootSequence","Defragment+1","Sweeping Beam","Heatsinks","Glacier","Impatience","Undo","Doom and Gloom+1"],"special_seed":0,"relics":["Cracked Core","StoneCalendar","Darkstone Periapt","Juzu Bracelet","PreservedInsect","Velvet Choker","Orichalcum","Mummified Hand","Nunchaku","Molten Egg 2"],"potions_floor_usage":[33],"damage_taken":[{"damage":1.0,"enemies":"Cultist","floor":1.0,"turns":3.0},{"damage":0.0,"enemies":"2 Louse","floor":2.0,"turns":2.0},{"damage":7.0,"enemies":"Jaw Worm","floor":3.0,"turns":3.0},{"damage":19.0,"enemies":"Large Slime","floor":4.0,"turns":6.0},{"damage":1.0,"enemies":"Exordium Wildlife","floor":7.0,"turns":3.0},{"damage":24.0,"enemies":"Lagavulin","floor":10.0,"turns":5.0},{"damage":1.0,"enemies":"Gremlin Gang","floor":13.0,"turns":6.0},{"damage":1.0,"enemies":"Hexaghost","floor":16.0,"turns":8.0},{"damage":12.0,"enemies":"Spheric Guardian","floor":18.0,"turns":5.0},{"damage":12.0,"enemies":"3 Byrds","floor":20.0,"turns":4.0},{"damage":6.0,"enemies":"Slavers","floor":24.0,"turns":5.0},{"damage":18.0,"enemies":"Snake Plant","floor":28.0,"turns":3.0},{"damage":0.0,"enemies":"Sentry and Sphere","floor":30.0,"turns":7.0},{"damage":7.0,"enemies":"Colosseum Slavers","floor":31.0,"turns":7.0},{"damage":11.0,"enemies":"Colosseum Nobs","floor":31.0,"turns":6.0},{"damage":47,"enemies":"Collector","floor":33,"turns":5}],"seed_played":"6365651473072804279","potions_obtained":[{"floor":1.0,"key":"SkillPotion"},{"floor":4.0,"key":"Energy Potion"},{"floor":10.0,"key":"LiquidBronze"},{"floor":16.0,"key":"Fire Potion"},{"floor":24.0,"key":"Dexterity Potion"}],"is_trial":false,"path_per_floor":["M","M","M","M","?","R","M","$","T","E","R","T","M","?","R","B",null,"M","$","M","?","$","R","E","?","T","?","M","R","M","?","R","B"],"character_chosen":"DEFECT","items_purchased":["Defragment","BootSequence","Defragment","Heatsinks","Orichalcum"],"campfire_rested":3,"item_purchase_floors":[8,19,19,22,22],"current_hp_per_floor":[63,63,56,37,26,26,25,25,25,1,22,22,21,21,21,20,58,46,46,34,40,40,40,34,49,49,28,10,33,33,15,38,0],"gold":187,"neow_bonus":"ONE_RARE_RELIC","is_prod":false,"is_daily":false,"chose_seed":false,"campfire_upgraded":3,"win_rate":0,"timestamp":1552730472,"path_taken":["M","?","M","M","?","R","M","$","T","E","R","?","M","?","R","BOSS","M","$","M","?","$","R","E","?","T","?","M","R","M","?","R","BOSS"],"build_version":"2019-01-23","purchased_purges":1,"victory":false,"max_hp_per_floor":[71,71,71,71,71,71,71,71,71,71,71,71,71,71,71,71,71,71,71,71,77,77,77,77,77,77,77,77,77,77,77,77,77],"card_choices":[{"not_picked":["Hologram","Conserve Battery"],"picked":"Sunder","floor":1.0},{"not_picked":["Barrage","Stack","Gash"],"picked":"SKIP","floor":2.0},{"not_picked":["Turbo","Go for the Eyes"],"picked":"Coolheaded","floor":3.0},{"not_picked":["Compile Driver","Thunder Strike","Fusion"],"picked":"SKIP","floor":4.0},{"not_picked":["Blizzard","Barrage"],"picked":"Hologram","floor":7.0},{"not_picked":["Streamline","Heatsinks"],"picked":"Undo","floor":10.0},{"not_picked":["Hologram","Stack"],"picked":"White Noise","floor":13.0},{"not_picked":["Rainbow","Fission"],"picked":"Biased Cognition","floor":16.0},{"not_picked":["Compile Driver","Force Field","Go for the Eyes"],"picked":"SKIP","floor":18.0},{"not_picked":["Cold Snap","Rebound"],"picked":"Sweeping Beam","floor":20.0},{"not_picked":["Compile Driver","Redo+1"],"picked":"Glacier","floor":24.0},{"not_picked":["Double Energy","FTL+1","Beam Cell"],"picked":"SKIP","floor":28.0},{"not_picked":["Amplify","Scrape"],"picked":"Undo","floor":30.0},{"not_picked":["Steam Power","Hologram"],"picked":"Doom and Gloom","floor":31.0}],"player_experience":507627,"relics_obtained":[{"floor":9.0,"key":"Darkstone Periapt"},{"floor":10.0,"key":"Juzu Bracelet"},{"floor":12.0,"key":"PreservedInsect"},{"floor":24.0,"key":"Mummified Hand"},{"floor":31.0,"key":"Nunchaku"},{"floor":31.0,"key":"Molten Egg 2"}],"event_choices":[{"damage_healed":0.0,"max_hp_gain":0.0,"max_hp_loss":0.0,"gold_gain":75.0,"event_name":"World of Goop","player_choice":"Gather Gold","floor":5.0,"gold_loss":0.0,"damage_taken":11.0},{"damage_healed":0.0,"max_hp_gain":0.0,"max_hp_loss":0.0,"gold_gain":0.0,"event_name":"Living Wall","player_choice":"Grow","floor":14.0,"gold_loss":0.0,"damage_taken":0.0,"cards_upgraded":["Defragment"]},{"damage_healed":0.0,"max_hp_gain":0.0,"max_hp_loss":0.0,"gold_gain":275.0,"event_name":"Golden Shrine","player_choice":"Desecrate","floor":21.0,"gold_loss":0.0,"damage_taken":0.0,"cards_obtained":["Regret"]},{"damage_healed":15.0,"max_hp_gain":0.0,"max_hp_loss":0.0,"gold_gain":0.0,"event_name":"The Library","player_choice":"Heal","floor":25.0,"gold_loss":0.0,"damage_taken":0.0},{"damage_healed":0.0,"max_hp_gain":0.0,"max_hp_loss":0.0,"gold_gain":0.0,"event_name":"Knowing Skull","player_choice":"CARD POTION ","floor":27.0,"potions_obtained":["Poison Potion"],"gold_loss":0.0,"damage_taken":21.0,"cards_obtained":["Impatience"]},{"damage_healed":0.0,"max_hp_gain":0.0,"max_hp_loss":0.0,"gold_gain":0.0,"event_name":"Colosseum","player_choice":"Fight","floor":31.0,"gold_loss":0.0,"damage_taken":0.0},{"damage_healed":0.0,"max_hp_gain":0.0,"max_hp_loss":0.0,"gold_gain":0.0,"event_name":"Colosseum","player_choice":"Fought Nobs","floor":31.0,"gold_loss":0.0,"damage_taken":0.0}],"is_beta":false,"boss_relics":[{"not_picked":["Sozu","Cursed Key"],"picked":"Velvet Choker"}],"items_purged_floors":[22],"is_endless":false,"potions_floor_spawned":[1,4,10,16,18,24],"killed_by":"Collector","ascension_level":19}