{"path_per_floor":["M","?","?","?","T","R","?","E","T","M","M","R","E","M","R","B",null,"M","M","M","$","?","E","?","R","T","M","R","M","E","$","R","B",null,"M","M","M","$","M","E","R","E","T","E","?","E","R","E","R","B"],"character_chosen":"THE_SILENT","items_purchased":["Bane","Footwork","Deflect","Footwork","Noxious Fumes","Poisoned Stab"],"gold_per_floor":[117,67,67,67,67,67,128,154,154,169,187,187,213,223,223,322,322,333,348,368,139,139,174,174,174,174,191,191,211,244,121,121,219,219,236,254,274,103,120,147,147,182,182,214,214,248,248,280,280,280],"floor_reached":51,"campfire_rested":6,"playtime":5499,"current_hp_per_floor":[61,61,61,47,47,47,39,25,25,25,25,46,41,39,39,39,62,61,61,59,59,59,44,44,44,44,29,50,50,37,37,58,48,65,64,62,49,49,34,11,32,28,28,37,37,13,37,37,76,45],"items_purged":["Strike_G","Strike_G","Strike_G"],"gold":280,"score":1262,"play_id":"b27cea30-2dee-4b18-8b14-852623d9638c","local_time":"20180422202848","is_prod":false,"is_daily":false,"chose_seed":false,"is_ascension_mode":true,"campfire_upgraded":3,"timestamp":1524454128,"path_taken":["M","?","?","?","?","R","?","E","T","M","M","R","E","M","R","BOSS","M","M","M","$","?","E","?","R","T","M","R","M","E","$","R","BOSS","M","M","M","$","M","E","R","E","T","E","?","E","R","E","R","BOSS"],"build_version":"2018-04-19","seed_source_timestamp":203277403223211,"purchased_purges":4,"victory":true,"master_deck":["Defend_G","Defend_G","Defend_G","Defend_G+1","Defend_G","Strike_G+1","Survivor+1","Neutralize+1","Poisoned Stab+1","Backflip","Well Laid Plans","Poisoned Stab+1","Adrenaline","Dagger Spray+1","Bane","Footwork+1","Deflect","Catalyst+1","Deflect","Leg Sweep","Adrenaline","Backstab+1","Noxious Fumes","Poisoned Stab+1","Bouncing Flask","Poisoned Stab+1","Catalyst+1","Regret","Backflip+1"],"max_hp_per_floor":[70,70,70,70,70,70,70,70,70,70,70,70,70,70,70,70,70,70,70,70,70,70,70,70,70,70,70,70,70,70,70,70,70,70,70,70,70,70,70,70,70,70,70,80,80,80,80,80,80,80],"relics":["Ring of the Snake","Pen Nib","Snake Skull","Vajra","Kunai","Oddly Smooth Stone","Velvet Choker","Bronze Scales","Smiling Mask","Lantern","Cursed Key","Whetstone","Pantograph","Bottled Tornado","Pear","Unceasing Top","Regal Pillow"],"card_choices":[{"not_picked":["Distraction","Outmaneuver"],"picked":"Poisoned Stab","floor":1},{"not_picked":["Masterful Stab","Dagger Spray"],"picked":"Backflip","floor":7},{"not_picked":["Reflex","Eviscerate"],"picked":"Well Laid Plans","floor":13},{"not_picked":["Escape Plan","Backflip"],"picked":"Poisoned Stab","floor":14},{"not_picked":["Tools of the Trade","Venomology"],"picked":"Adrenaline","floor":16},{"not_picked":["PiercingWail","Flying Knee"],"picked":"Dagger Spray","floor":20},{"not_picked":["Deadly Poison","Skewer"],"picked":"Catalyst","floor":23},{"not_picked":["Backflip","Escape Plan"],"picked":"Leg Sweep","floor":30},{"not_picked":["Die Die Die","Corpse Explosion"],"picked":"Adrenaline","floor":33},{"not_picked":["Prepared","Blur"],"picked":"Backstab","floor":36},{"not_picked":["Outmaneuver","Prepared"],"picked":"Bouncing Flask","floor":39},{"not_picked":["Noxious Fumes","Storm of Steel"],"picked":"Poisoned Stab","floor":40},{"not_picked":["Expertise","Outmaneuver"],"picked":"Catalyst","floor":42},{"not_picked":["Dagger Spray","Outmaneuver"],"picked":"Backflip","floor":48}],"player_experience":358802,"potions_floor_usage":[13,23,23,33,33,33,39,50,50],"damage_taken":[{"damage":2,"enemies":"2 Louse","floor":1,"turns":3},{"damage":8,"enemies":"3 Sentries","floor":7,"turns":11},{"damage":14,"enemies":"3 Sentries","floor":8,"turns":11},{"damage":0,"enemies":"Jaw Worm","floor":10,"turns":2},{"damage":0,"enemies":"Small Slimes","floor":11,"turns":4},{"damage":5,"enemies":"Lagavulin","floor":13,"turns":5},{"damage":2,"enemies":"Looter","floor":14,"turns":2},{"damage":0,"enemies":"Hexaghost","floor":16,"turns":9},{"damage":1,"enemies":"Shell Parasite","floor":18,"turns":5},{"damage":0,"enemies":"3 Byrds","floor":19,"turns":5},{"damage":2,"enemies":"Snecko","floor":20,"turns":6},{"damage":15,"enemies":"Slavers","floor":23,"turns":7},{"damage":15,"enemies":"Cultist and Chosen","floor":27,"turns":7},{"damage":0,"enemies":"Centurion and Healer","floor":29,"turns":5},{"damage":13,"enemies":"Book of Stabbing","floor":30,"turns":5},{"damage":10,"enemies":"Collector","floor":33,"turns":9},{"damage":1,"enemies":"3 Shapes","floor":35,"turns":7},{"damage":2,"enemies":"Orb Walker","floor":36,"turns":3},{"damage":13,"enemies":"3 Darklings","floor":37,"turns":7},{"damage":15,"enemies":"4 Shapes","floor":39,"turns":5},{"damage":23,"enemies":"2 Orb Walkers","floor":40,"turns":5},{"damage":4,"enemies":"Nemesis","floor":42,"turns":5},{"damage":1,"enemies":"Giant Head","floor":44,"turns":4},{"damage":24,"enemies":"2 Orb Walkers","floor":46,"turns":5},{"damage":0,"enemies":"Nemesis","floor":48,"turns":5},{"damage":35,"enemies":"Awakened One","floor":50,"turns":14}],"event_choices":[{"event_name":"The Cleric","player_choice":"Card Removal","floor":2,"damage_taken":0},{"event_name":"Living Wall","player_choice":"Grow","floor":3,"damage_taken":0},{"event_name":"Shining Light","player_choice":"Entered Light","floor":4,"damage_taken":0},{"event_name":"Dead Adventurer","player_choice":"Searched \u00271\u0027 times","floor":7,"damage_taken":0},{"event_name":"Drug Dealer","player_choice":"Ignored","floor":22,"damage_taken":0},{"event_name":"The Library","player_choice":"Read","floor":24,"damage_taken":0}],"boss_relics":[{"not_picked":["White Beast Statue","Orrery"],"picked":"Velvet Choker"},{"not_picked":["Pandora\u0027s Box","Black Star"],"picked":"Cursed Key"}],"potions_floor_spawned":[1,10,11,13,19,23,27,29,37,39,44,48],"seed_played":"7563780872241059925","ascension_level":7,"is_trial":false}