{"path_per_floor":["M","M","?","M","M","E","R","M","T","M","R","M","$","M","R","B",null,"M","?","$","T","M","E","M","R","T","?","?","R","T","M","R"],"character_chosen":"THE_SILENT","items_purchased":["Finesse","Slice","Prepared"],"gold_per_floor":[112,128,303,321,334,359,359,378,459,469,469,487,318,328,328,427,427,446,446,242,242,256,281,296,296,296,296,211,211,511,523,523,523],"floor_reached":33,"campfire_rested":2,"playtime":3126,"current_hp_per_floor":[69,65,65,66,61,30,30,29,29,30,30,32,32,26,47,14,70,69,69,69,69,68,44,39,39,39,26,26,26,26,26,48,0],"items_purged":["Strike_G","Doubt"],"gold":523,"score":269,"play_id":"17964844-09de-4818-b0fd-1349b3929e21","local_time":"20180322223337","is_prod":false,"is_daily":false,"is_ascension_mode":false,"campfire_upgraded":3,"timestamp":1521783217,"path_taken":["M","M","?","M","?","E","R","?","T","M","R","M","$","M","R","BOSS","M","?","$","?","M","E","M","R","T","?","?","R","?","M","R","BOSS"],"build_version":"2018-03-22","purchased_purges":2,"victory":false,"master_deck":["Defend_G","Defend_G","Defend_G","Defend_G","Defend_G","Strike_G","Strike_G","Strike_G","Survivor","Neutralize+1","Slice","Flying Knee","Dash+1","Deflect","Flying Knee","Finesse+1","Venomology+1","Unload","Sucker Punch+1","Slice","Prepared+1","Quick Slash+1","Backstab+1"],"max_hp_per_floor":[70,70,70,70,70,70,70,70,70,70,70,70,70,70,70,70,70,70,70,70,70,70,70,70,70,70,75,75,75,75,75,75,75],"relics":["Ring of the Snake","Blood Vial","Centennial Puzzle","Toxic Egg 2","Sozu","Lantern","Juzu Bracelet","Happy Flower","Peace Pipe","Old Coin"],"card_choices":[{"not_picked":["Prepared","Accuracy"],"picked":"Slice","floor":1},{"not_picked":["Poisoned Stab","Cloak And Dagger"],"picked":"Flying Knee","floor":2},{"not_picked":["Masterful Stab","Finisher"],"picked":"Dash","floor":5},{"not_picked":["Acrobatics","Outmaneuver"],"picked":"Deflect","floor":8},{"not_picked":["Dodge and Roll","Infinite Blades"],"picked":"Flying Knee","floor":10},{"not_picked":["Flechettes","Bane"],"picked":"Venomology","floor":14},{"not_picked":["Envenom","Corpse Explosion"],"picked":"Unload","floor":16},{"not_picked":["Infinite Blades","Poisoned Stab"],"picked":"Sucker Punch","floor":18},{"not_picked":["Predator","Underhanded Strike"],"picked":"Quick Slash","floor":22},{"not_picked":["Distraction","Choke"],"picked":"Backstab","floor":24}],"player_experience":143377,"potions_floor_usage":[6,16,16,16,16],"damage_taken":[{"damage":1,"enemies":"2 Louse","floor":1,"turns":4},{"damage":5,"enemies":"Small Slimes","floor":2,"turns":5},{"damage":1,"enemies":"Cultist","floor":4,"turns":4},{"damage":7,"enemies":"Lots of Slimes","floor":5,"turns":7},{"damage":33,"enemies":"Lagavulin","floor":6,"turns":8},{"damage":3,"enemies":"Exordium Wildlife","floor":8,"turns":2},{"damage":1,"enemies":"Looter","floor":10,"turns":4},{"damage":0,"enemies":"3 Louse","floor":12,"turns":4},{"damage":8,"enemies":"Exordium Thugs","floor":14,"turns":5},{"damage":35,"enemies":"Slime Boss","floor":16,"turns":23},{"damage":1,"enemies":"Chosen","floor":18,"turns":5},{"damage":2,"enemies":"Shell Parasite","floor":22,"turns":5},{"damage":26,"enemies":"Slavers","floor":23,"turns":7},{"damage":7,"enemies":"Cultist and Chosen","floor":24,"turns":8},{"damage":2,"enemies":"3 Cultists","floor":31,"turns":6},{"damage":60,"enemies":"Automaton","floor":33,"turns":10}],"event_choices":[{"event_name":"Liars Game","player_choice":"agreed","floor":3,"damage_taken":0},{"event_name":"Drug Dealer","player_choice":"Ignored","floor":19,"damage_taken":0},{"event_name":"Forgotten Altar","player_choice":"Shed Blood","floor":27,"damage_taken":0},{"event_name":"Addict","player_choice":"Obtained Relic","floor":28,"damage_taken":0}],"boss_relics":[{"not_picked":["Black Star","Runic Dome"],"picked":"Sozu"}],"potions_floor_spawned":[2,5,6,12,14,22,23,24],"seed_played":"-6691825450679756357","killed_by":"Automaton","ascension_level":0,"is_trial":false}