{"gold_per_floor":[114,114,129,304,318,346,346,373,673,686,700,168,168,197,197,294,294,313,333,333,333,11,11,21,52,52,152,152,186,186,215,215,312,312,331,351,351,351,95,126,137,137,137,150,164,164,182,79,79,79],"floor_reached":51,"playtime":4925,"items_purged":["Doubt","Strike_G+1"],"score":1425,"play_id":"4d9cdecd-c2a8-4a18-bcf1-e3dd245d7914","local_time":"20190418151056","is_ascension_mode":true,"campfire_choices":[{"data":"Backstab","floor":7,"key":"SMITH"},{"data":"Apotheosis","floor":15,"key":"SMITH"},{"data":"Well Laid Plans","floor":23,"key":"SMITH"},{"floor":28,"key":"REST"},{"floor":32,"key":"REST"},{"floor":49,"key":"REST"}],"neow_cost":"NONE","seed_source_timestamp":8563609683781,"circlet_count":0,"master_deck":["AscendersBane","Defend_G","Defend_G","Defend_G+1","Defend_G","Defend_G","Survivor+1","Neutralize","Poisoned Stab","Backstab+1","Backflip","Escape Plan","Apotheosis+1","Endless Agony","Bane","Tools of the Trade","Deadly Poison","Outmaneuver","Bullet Time","Escape Plan","Well Laid Plans+1","Escape Plan","Catalyst","Doubt","Crippling Poison+1","Cloak And Dagger+1","Venomology+1","Dagger Spray+1","Catalyst+1","Deadly Poison+1","Leg Sweep+1","Finesse+1","Blade Dance+1","Backflip+1","Escape Plan+1","PiercingWail+1"],"relics":["Ring of the Snake","War Paint","Ginger","Pear","Old Coin","Ancient Tea Set","Torii","Cursed Key","Letter Opener","Dead Branch","Toxic Egg 2","Du-Vu Doll","Bottled Lightning","Centennial Puzzle","Darkstone Periapt","Astrolabe","Meat on the Bone"],"potions_floor_usage":[6,16,16,25,25,27,31,35,35,36,40,41,44,45,47,50,50],"damage_taken":[{"damage":0,"enemies":"2 Louse","floor":1,"turns":3},{"damage":0,"enemies":"Small Slimes","floor":3,"turns":3},{"damage":1,"enemies":"Cultist","floor":5,"turns":3},{"damage":14,"enemies":"Lagavulin","floor":6,"turns":8},{"damage":12,"enemies":"3 Sentries","floor":8,"turns":8},{"damage":0,"enemies":"Exordium Wildlife","floor":10,"turns":3},{"damage":0,"enemies":"2 Fungi Beasts","floor":11,"turns":4},{"damage":12,"enemies":"Gremlin Nob","floor":14,"turns":3},{"damage":6,"enemies":"Hexaghost","floor":16,"turns":9},{"damage":0,"enemies":"3 Byrds","floor":18,"turns":6},{"damage":13,"enemies":"Spheric Guardian","floor":19,"turns":4},{"damage":9,"enemies":"Cultist and Chosen","floor":24,"turns":6},{"damage":1,"enemies":"Slavers","floor":25,"turns":6},{"damage":2,"enemies":"Colosseum Slavers","floor":27,"turns":4},{"damage":15,"enemies":"Colosseum Nobs","floor":27,"turns":3},{"damage":0,"enemies":"Gremlin Leader","floor":29,"turns":4},{"damage":0,"enemies":"Book of Stabbing","floor":31,"turns":3},{"damage":0,"enemies":"Collector","floor":33,"turns":5},{"damage":0,"enemies":"Orb Walker","floor":35,"turns":1},{"damage":0,"enemies":"3 Shapes","floor":36,"turns":2},{"damage":28,"enemies":"Nemesis","floor":40,"turns":5},{"damage":1,"enemies":"Spire Growth","floor":41,"turns":3},{"damage":0,"enemies":"3 Darklings","floor":44,"turns":4},{"damage":0,"enemies":"Jaw Worm Horde","floor":45,"turns":3},{"damage":8,"enemies":"Writhing Mass","floor":47,"turns":4},{"damage":22,"enemies":"Awakened One","floor":50,"turns":11}],"seed_played":"-4625509002070863530","potions_obtained":[{"floor":5,"key":"GhostInAJar"},{"floor":8,"key":"Weak Potion"},{"floor":10,"key":"LiquidBronze"},{"floor":16,"key":"EntropicBrew"},{"floor":25,"key":"Block Potion"},{"floor":27,"key":"SkillPotion"},{"floor":31,"key":"FearPotion"},{"floor":35,"key":"SkillPotion"},{"floor":44,"key":"SkillPotion"}],"is_trial":false,"path_per_floor":["M","?","M","?","M","E","R","E","T","M","M","$","?","E","R","B",null,"M","M","?","?","$","R","M","E","T","?","R","E","T","E","R","B",null,"M","M","?","?","$","E","M","?","T","M","M","?","M","$","R","B",null],"character_chosen":"THE_SILENT","items_purchased":["Apotheosis","Endless Agony","Ancient Tea Set","Infinite Blades","Well Laid Plans","Letter Opener","Leg Sweep+1","Finesse+1","PiercingWail+1","Dexterity Potion"],"campfire_rested":3,"item_purchase_floors":[12,12,12,12,22,22,39,39,48,48],"current_hp_per_floor":[63,49,49,49,48,34,34,32,32,32,32,32,80,68,68,62,76,76,63,63,63,63,63,54,53,53,36,60,60,60,60,80,80,80,80,80,76,76,76,48,47,47,47,47,47,47,39,39,61,39],"gold":79,"neow_bonus":"RANDOM_COMMON_RELIC","is_prod":false,"is_daily":false,"chose_seed":false,"campfire_upgraded":3,"win_rate":0,"timestamp":1555618256,"path_taken":["M","?","M","?","M","E","R","E","T","M","M","$","?","E","R","BOSS","M","?","?","?","$","R","?","E","T","?","R","E","?","E","R","BOSS","M","M","?","?","$","E","?","?","T","?","M","?","M","$","R","BOSS"],"build_version":"2019-01-23","purchased_purges":2,"victory":true,"max_hp_per_floor":[70,70,70,70,70,70,70,80,80,80,80,80,80,80,80,80,80,80,80,80,80,80,80,80,80,80,80,80,80,80,80,80,80,80,80,80,76,76,76,76,76,76,76,76,76,76,76,76,76,76],"card_choices":[{"not_picked":["Prepared","Concentrate"],"picked":"Poisoned Stab","floor":1},{"not_picked":["Backflip","Deflect","Flying Knee"],"picked":"SKIP","floor":3},{"not_picked":["Dodge and Roll","Predator"],"picked":"Backstab","floor":5},{"not_picked":["Flying Knee","Riddle With Holes"],"picked":"Masterful Stab","floor":6},{"not_picked":["Underhanded Strike","Cloak And Dagger"],"picked":"Backflip","floor":8},{"not_picked":["Outmaneuver","Dagger Throw"],"picked":"Escape Plan","floor":10},{"not_picked":["Predator","All Out Attack","Dagger Throw"],"picked":"SKIP","floor":11},{"not_picked":["Predator","All Out Attack","Dagger Throw"],"picked":"SKIP","floor":11},{"not_picked":["Concentrate","Underhanded Strike"],"picked":"Bane","floor":14},{"not_picked":["Storm of Steel","Burst"],"picked":"Tools of the Trade","floor":16},{"not_picked":["Deflect","Bane"],"picked":"Deadly Poison","floor":18},{"not_picked":["Backflip","Riddle With Holes","A Thousand Cuts"],"picked":"SKIP","floor":19},{"not_picked":["Flying Knee","Bane"],"picked":"Escape Plan","floor":24},{"not_picked":["Blade Dance","Dagger Spray"],"picked":"Catalyst","floor":25},{"not_picked":["Dodge and Roll+1","PiercingWail+1"],"picked":"Crippling Poison+1","floor":27},{"not_picked":["Dagger Throw","Masterful Stab"],"picked":"Cloak And Dagger+1","floor":29},{"not_picked":["Grand Finale","Setup+1","Bane"],"picked":"SKIP","floor":31},{"not_picked":["Glass Knife","Tools of the Trade"],"picked":"Venomology+1","floor":33},{"not_picked":["Backstab","Infinite Blades"],"picked":"Deadly Poison+1","floor":35},{"not_picked":["Slice","Expertise+1","Cloak And Dagger+1"],"picked":"SKIP","floor":36},{"not_picked":["Riddle With Holes","Endless Agony"],"picked":"Blade Dance+1","floor":40},{"not_picked":["Bane","Endless Agony"],"picked":"Backflip+1","floor":41},{"not_picked":["Dagger Throw","Quick Slash","Outmaneuver+1"],"picked":"SKIP","floor":44},{"not_picked":["Predator","Envenom"],"picked":"Escape Plan+1","floor":45},{"not_picked":["Underhanded Strike","Caltrops","Quick Slash"],"picked":"SKIP","floor":47}],"player_experience":765915,"relics_obtained":[{"floor":6,"key":"Ginger"},{"floor":8,"key":"Pear"},{"floor":9,"key":"Old Coin"},{"floor":14,"key":"Torii"},{"floor":25,"key":"Dead Branch"},{"floor":26,"key":"Toxic Egg 2"},{"floor":27,"key":"Du-Vu Doll"},{"floor":27,"key":"Bottled Lightning"},{"floor":29,"key":"Centennial Puzzle"},{"floor":31,"key":"Darkstone Periapt"},{"floor":40,"key":"Meat on the Bone"}],"event_choices":[{"damage_healed":0,"gold_gain":0,"player_choice":"Entered Light","damage_taken":14,"max_hp_gain":0,"max_hp_loss":0,"event_name":"Shining Light","floor":2,"gold_loss":0,"cards_upgraded":["Strike_G","Strike_G"]},{"damage_healed":0,"gold_gain":175,"player_choice":"AGREE","damage_taken":0,"max_hp_gain":0,"max_hp_loss":0,"event_name":"Liars Game","floor":4,"gold_loss":0,"cards_obtained":["Doubt"]},{"cards_removed":["Infinite Blades"],"damage_healed":48,"gold_gain":0,"player_choice":"Offered Uncommon","damage_taken":0,"max_hp_gain":0,"max_hp_loss":0,"event_name":"Bonfire Elementals","floor":13,"gold_loss":0},{"damage_healed":0,"gold_gain":0,"cards_transformed":["Strike_G","Masterful Stab"],"player_choice":"Became Test Subject","damage_taken":0,"max_hp_gain":0,"max_hp_loss":0,"event_name":"Drug Dealer","floor":20,"gold_loss":0,"cards_obtained":["Outmaneuver","Bullet Time"]},{"damage_healed":0,"gold_gain":0,"player_choice":"Copied","damage_taken":0,"max_hp_gain":0,"max_hp_loss":0,"event_name":"Duplicator","floor":21,"gold_loss":0,"cards_obtained":["Escape Plan"]},{"damage_healed":0,"gold_gain":0,"player_choice":"Fight","damage_taken":0,"max_hp_gain":0,"max_hp_loss":0,"event_name":"Colosseum","floor":27,"gold_loss":0},{"damage_healed":0,"gold_gain":0,"player_choice":"Fought Nobs","damage_taken":0,"max_hp_gain":0,"max_hp_loss":0,"event_name":"Colosseum","floor":27,"gold_loss":0},{"damage_healed":0,"gold_gain":0,"player_choice":"Max HP","damage_taken":0,"max_hp_gain":0,"max_hp_loss":4,"event_name":"Winding Halls","floor":37,"gold_loss":0},{"damage_healed":0,"gold_gain":0,"player_choice":"Bought 0 Potions","damage_taken":0,"max_hp_gain":0,"max_hp_loss":0,"event_name":"The Woman in Blue","floor":38,"gold_loss":0},{"damage_healed":0,"gold_gain":0,"player_choice":"Ignored","damage_taken":0,"max_hp_gain":0,"max_hp_loss":0,"event_name":"SecretPortal","floor":42,"gold_loss":0},{"cards_removed":["A Thousand Cuts"],"damage_healed":0,"gold_gain":0,"player_choice":"Removed Power","damage_taken":0,"max_hp_gain":0,"max_hp_loss":0,"event_name":"Falling","floor":46,"gold_loss":0}],"is_beta":false,"boss_relics":[{"not_picked":["Sozu","Ectoplasm"],"picked":"Cursed Key"},{"not_picked":["Runic Dome","Tiny House"],"picked":"Astrolabe"}],"items_purged_floors":[12,39],"is_endless":false,"potions_floor_spawned":[5,8,10,16,25,27,31,35,44],"ascension_level":12}