{"path_per_floor":["M","M","$","?","M","R","E","R","T","?","M","M","M","M","R"],"character_chosen":"THE_SILENT","items_purchased":[],"gold_per_floor":[18,34,34,284,303,303,334,334,334,284,301,312,331,349,349,349],"floor_reached":16,"campfire_rested":1,"playtime":852,"item_purchase_floors":[],"current_hp_per_floor":[54,54,54,54,50,50,36,36,36,36,30,27,14,13,34,0],"items_purged":[],"gold":349,"score":166,"play_id":"2095f722-2ed6-44de-807b-818993d9576e","local_time":"20180527203958","is_prod":false,"is_daily":false,"chose_seed":false,"is_ascension_mode":true,"campfire_upgraded":2,"win_rate":0,"timestamp":1527478798,"campfire_choices":[{"data":"Noxious Fumes","floor":6,"key":"SMITH"},{"data":"Survivor","floor":8,"key":"SMITH"},{"floor":15,"key":"REST"}],"path_taken":["M","M","$","?","M","R","E","R","T","?","M","M","M","?","R","BOSS"],"build_version":"2018-05-24","seed_source_timestamp":851188184446315,"purchased_purges":0,"victory":false,"master_deck":["Defend_G","Defend_G","Defend_G","Defend_G","Defend_G","Strike_G","Strike_G","Strike_G","Strike_G","Strike_G","Survivor+1","Neutralize","AscendersBane","Crippling Poison","Deadly Poison","Noxious Fumes+1","Crippling Poison","Catalyst","Bane","Poisoned Stab"],"max_hp_per_floor":[70,70,70,70,70,70,70,70,70,70,70,70,70,70,70,70],"relics":["Ring of the Snake","Calipers","Gremlin Horn","Centennial Puzzle"],"card_choices":[{"not_picked":["Sucker Punch","Leg Sweep"],"picked":"Crippling Poison","floor":1},{"not_picked":["Backflip","Flechettes"],"picked":"Deadly Poison","floor":2},{"not_picked":["Underhanded Strike","Deadly Poison"],"picked":"Noxious Fumes","floor":5},{"not_picked":["Prepared","Riddle With Holes"],"picked":"Crippling Poison","floor":7},{"not_picked":["Eviscerate","Tactician","Cloak And Dagger"],"picked":"SKIP","floor":11},{"not_picked":["All Out Attack","Outmaneuver"],"picked":"Catalyst","floor":12},{"not_picked":["Skewer","Slice"],"picked":"Bane","floor":13},{"not_picked":["Cloak And Dagger","PiercingWail"],"picked":"Poisoned Stab","floor":14}],"player_experience":529317,"potions_floor_usage":[14,14],"damage_taken":[{"damage":9,"enemies":"Jaw Worm","floor":1,"turns":6},{"damage":0,"enemies":"Cultist","floor":2,"turns":5},{"damage":4,"enemies":"Small Slimes","floor":5,"turns":4},{"damage":14,"enemies":"3 Sentries","floor":7,"turns":6},{"damage":6,"enemies":"3 Louse","floor":11,"turns":4},{"damage":3,"enemies":"Looter","floor":12,"turns":4},{"damage":13,"enemies":"Exordium Thugs","floor":13,"turns":6},{"damage":1,"enemies":"Blue Slaver","floor":14,"turns":3},{"damage":44,"enemies":"Slime Boss","floor":16,"turns":7}],"relics_obtained":[{"floor":7,"key":"Gremlin Horn"},{"floor":9,"key":"Centennial Puzzle"}],"event_choices":[{"event_name":"Golden Shrine","player_choice":"Desecrate","floor":4,"damage_taken":0},{"event_name":"The Cleric","player_choice":"Card Removal","floor":10,"damage_taken":0}],"boss_relics":[],"items_purged_floors":[],"potions_floor_spawned":[2,11,12,14],"seed_played":"3978729544445965109","killed_by":"Slime Boss","ascension_level":12,"potions_obtained":[{"floor":2,"key":"FearPotion"},{"floor":11,"key":"SpeedPotion"},{"floor":12,"key":"SteroidPotion"},{"floor":14,"key":"FearPotion"}],"is_trial":false}