{"gold_per_floor":[115,40,40,50,64,92,92,92,122,133,148,178,178,178,178,302,302,315,119,34,34,52,92,106,106,106,122,141,62,62,87,87,212,212,226,226,239,572,572,572,600,210,280,311,311,311,311,31,31,31,31,31,31,63,63],"floor_reached":55,"playtime":4445,"items_purged":["Strike_B","Defend_B","Strike_B"],"score":812,"play_id":"f419b688-29d3-4925-94ca-42bd7e97638e","local_time":"20190417211234","is_ascension_mode":true,"campfire_choices":[{"floor":7,"key":"RECALL"},{"floor":15,"key":"REST"},{"floor":25,"key":"REST"},{"floor":30,"key":"REST"},{"data":"Heatsinks","floor":32,"key":"SMITH"},{"data":"Heatsinks","floor":40,"key":"SMITH"},{"data":"Storm","floor":45,"key":"SMITH"},{"data":"Dualcast","floor":47,"key":"SMITH"},{"data":"Heatsinks","floor":49,"key":"SMITH"},{"data":"Buffer","floor":52,"key":"SMITH"}],"neow_cost":"NONE","seed_source_timestamp":610111079172650,"circlet_count":0,"master_deck":["Defend_B","Defend_B","Zap+1","Dualcast+1","FTL","Cold Snap","Ball Lightning","FTL","Buffer+1","Chill","Coolheaded","Capacitor","Skim","White Noise+1","Loop","Self Repair","Heatsinks+1","Electrodynamics","Heatsinks+1","Defragment+1","Storm+1","Glacier","Heatsinks+1"],"relics":["Cracked Core","Mummified Hand","Tiny Chest","Juzu Bracelet","Lizard Tail","Bronze Scales","Cables","Matryoshka","Eternal Feather","Kunai","Centennial Puzzle","Bottled Lightning","Blood Vial","Pear","Toxic Egg 2","Art of War","Mercury Hourglass","Lantern"],"potions_floor_usage":[16,16,23,33,33,33,50],"damage_taken":[{"damage":6,"enemies":"Jaw Worm","floor":1,"turns":4},{"damage":7,"enemies":"2 Louse","floor":4,"turns":2},{"damage":0,"enemies":"Cultist","floor":5,"turns":3},{"damage":22,"enemies":"3 Sentries","floor":6,"turns":9},{"damage":4,"enemies":"Lots of Slimes","floor":10,"turns":4},{"damage":0,"enemies":"2 Fungi Beasts","floor":11,"turns":3},{"damage":12,"enemies":"Lagavulin","floor":12,"turns":4},{"damage":1,"enemies":"Hexaghost","floor":16,"turns":7},{"damage":8,"enemies":"3 Byrds","floor":18,"turns":4},{"damage":3,"enemies":"Chosen","floor":22,"turns":3},{"damage":42,"enemies":"Book of Stabbing","floor":23,"turns":6},{"damage":0,"enemies":"Centurion and Healer","floor":24,"turns":7},{"damage":21,"enemies":"Snake Plant","floor":27,"turns":4},{"damage":18,"enemies":"Cultist and Chosen","floor":28,"turns":5},{"damage":4,"enemies":"Centurion and Healer","floor":31,"turns":6},{"damage":35,"enemies":"Collector","floor":33,"turns":8},{"damage":12,"enemies":"Orb Walker","floor":35,"turns":3},{"damage":0,"enemies":"3 Darklings","floor":37,"turns":3},{"damage":31,"enemies":"Reptomancer","floor":41,"turns":5},{"damage":50,"enemies":"Nemesis","floor":44,"turns":7},{"damage":21,"enemies":"Time Eater","floor":50,"turns":8},{"damage":0,"enemies":"Shield and Spear","floor":54,"turns":3},{"damage":140,"enemies":"The Heart","floor":55,"turns":11}],"seed_played":"3621522252207239740","potions_obtained":[{"floor":1,"key":"Explosive Potion"},{"floor":4,"key":"Energy Potion"},{"floor":10,"key":"LiquidBronze"},{"floor":16,"key":"Fruit Juice"},{"floor":22,"key":"Swift Potion"},{"floor":28,"key":"SpeedPotion"},{"floor":37,"key":"Explosive Potion"},{"floor":41,"key":"SpeedPotion"}],"is_trial":false,"path_per_floor":["M","$","?","M","M","E","R","?","T","M","M","E","?","?","R","B",null,"M","$","?","T","M","E","M","R","T","M","M","$","R","M","R","B",null,"M","T","M","?","?","R","E","$","T","E","R","?","R","$","R","B",null,"R","$","E","B"],"character_chosen":"DEFECT","items_purchased":["Coolheaded","Capacitor","Self Repair","Storm","Glacier","Blood Vial","Heatsinks","Mercury Hourglass"],"campfire_rested":3,"item_purchase_floors":[19,19,29,42,42,42,48,48],"current_hp_per_floor":[69,69,69,62,62,40,40,40,40,36,36,24,24,6,28,27,75,67,67,67,67,64,27,27,51,51,30,12,12,36,39,39,11,80,75,75,80,80,80,80,56,56,66,25,37,37,49,49,61,49,90,90,90,90,0],"gold":63,"neow_bonus":"UPGRADE_CARD","is_prod":false,"is_daily":false,"chose_seed":false,"campfire_upgraded":6,"win_rate":0,"timestamp":1555549954,"path_taken":["M","$","?","M","M","E","R","?","T","M","M","E","?","?","R","BOSS","M","$","?","?","M","E","M","R","T","M","M","$","R","M","R","BOSS","M","?","M","?","?","R","E","$","T","E","R","?","R","$","R","BOSS","R","$","E","BOSS"],"build_version":"2019-01-23","purchased_purges":3,"victory":false,"max_hp_per_floor":[75,75,75,75,75,75,75,75,75,75,75,75,75,75,75,75,75,75,75,75,75,75,80,80,80,80,80,80,80,80,80,80,80,80,80,80,80,80,80,80,80,80,90,90,90,90,90,90,90,90,90,90,90,90,90],"card_choices":[{"not_picked":["Chaos","Redo","Rebound"],"picked":"SKIP","floor":1},{"not_picked":["Darkness","Beam Cell"],"picked":"FTL","floor":4},{"not_picked":["Sweeping Beam","Leap"],"picked":"Cold Snap","floor":5},{"not_picked":["Fission","Sweeping Beam","Core Surge"],"picked":"SKIP","floor":6},{"not_picked":["Gash","Streamline"],"picked":"Ball Lightning","floor":10},{"not_picked":["Recycle","Beam Cell"],"picked":"FTL","floor":11},{"not_picked":["Leap","Seek","Compile Driver"],"picked":"SKIP","floor":12},{"not_picked":["Core Surge","Reboot"],"picked":"Buffer","floor":16},{"not_picked":["Hologram","Go for the Eyes+1"],"picked":"Chill","floor":18},{"not_picked":["Chill","Undo+1"],"picked":"Skim","floor":22},{"not_picked":["Streamline","Cold Snap"],"picked":"White Noise","floor":23},{"not_picked":["Streamline","Hologram"],"picked":"Loop","floor":24},{"not_picked":["Barrage","Force Field","Sweeping Beam+1"],"picked":"SKIP","floor":27},{"not_picked":["Undo","Redo+1","Hyperbeam"],"picked":"SKIP","floor":28},{"not_picked":["White Noise+1","Conserve Battery"],"picked":"Heatsinks","floor":31},{"not_picked":["Meteor Strike","Amplify"],"picked":"Electrodynamics","floor":33},{"not_picked":["Darkness+1","Ball Lightning","Lockon"],"picked":"SKIP","floor":35},{"not_picked":["Rebound","Streamline"],"picked":"Heatsinks","floor":37},{"not_picked":["Doom and Gloom","Heatsinks"],"picked":"Defragment+1","floor":41},{"not_picked":["Blizzard","Barrage+1","Fusion+1"],"picked":"SKIP","floor":44},{"not_picked":["Auto Shields+1","Go for the Eyes","Doom and Gloom"],"picked":"SKIP","floor":54}],"player_experience":44227,"relics_obtained":[{"floor":6,"key":"Mummified Hand"},{"floor":9,"key":"Tiny Chest"},{"floor":12,"key":"Juzu Bracelet"},{"floor":23,"key":"Cables"},{"floor":26,"key":"Matryoshka"},{"floor":36,"key":"Kunai"},{"floor":36,"key":"Centennial Puzzle"},{"floor":41,"key":"Bottled Lightning"},{"floor":43,"key":"Pear"},{"floor":43,"key":"Toxic Egg 2"},{"floor":44,"key":"Art of War"},{"floor":54,"key":"Lantern"}],"event_choices":[{"cards_removed":["Defend_B"],"damage_healed":0,"gold_gain":0,"player_choice":"Forget","damage_taken":0,"max_hp_gain":0,"max_hp_loss":0,"event_name":"Living Wall","floor":3,"gold_loss":0},{"cards_removed":["Strike_B"],"damage_healed":0,"gold_gain":0,"player_choice":"Purged","damage_taken":0,"max_hp_gain":0,"max_hp_loss":0,"event_name":"Purifier","floor":8,"gold_loss":0},{"cards_removed":["Strike_B"],"damage_healed":0,"gold_gain":0,"player_choice":"Card Removal","damage_taken":0,"max_hp_gain":0,"max_hp_loss":0,"event_name":"Wheel of Change","floor":13,"gold_loss":0},{"damage_healed":0,"gold_gain":0,"player_choice":"Take Damage","damage_taken":18,"relics_obtained":["Golden Idol"],"max_hp_gain":0,"max_hp_loss":0,"event_name":"Golden Idol","floor":14,"gold_loss":0},{"damage_healed":0,"gold_gain":0,"player_choice":"Obtained Relic","damage_taken":0,"relics_obtained":["Bronze Scales"],"max_hp_gain":0,"max_hp_loss":0,"event_name":"Addict","floor":20,"gold_loss":85},{"damage_healed":0,"gold_gain":333,"player_choice":"Gave Idol","damage_taken":0,"max_hp_gain":0,"max_hp_loss":0,"event_name":"The Moai Head","floor":38,"relics_lost":["Golden Idol"],"gold_loss":0},{"damage_healed":0,"gold_gain":0,"player_choice":"Ignored","damage_taken":0,"max_hp_gain":0,"max_hp_loss":0,"event_name":"Tomb of Lord Red Mask","floor":39,"gold_loss":0},{"damage_healed":0,"gold_gain":0,"player_choice":"Forge","damage_taken":0,"max_hp_gain":0,"max_hp_loss":0,"event_name":"Accursed Blacksmith","floor":46,"gold_loss":0,"cards_upgraded":["White Noise"]}],"is_beta":false,"boss_relics":[{"not_picked":["Runic Dome","Black Star"],"picked":"Lizard Tail"},{"not_picked":["Calling Bell","Tiny House"],"picked":"Eternal Feather"}],"items_purged_floors":[2,19,42],"is_endless":false,"potions_floor_spawned":[1,4,10,12,16,22,28,31,37,41],"killed_by":"The Heart","ascension_level":1}