{"gold_per_floor":[115,390,11,22,22,22,39,73,73,73,93,148,161,180,180,278,328,344,344,361,361,112,137,151,151,177,207,207,7,39,39,39,143,143,158,0,0,0,20,20],"floor_reached":40,"playtime":3376,"items_purged":["Regret","Writhe"],"score":526,"play_id":"4d425a42-e6c9-476b-b317-ec94a9137d3a","local_time":"20190201001350","daily_mods":["SealedDeck"],"is_ascension_mode":true,"campfire_choices":[{"data":"True Grit","floor":6.0,"key":"SMITH"},{"data":"True Grit","floor":10.0,"key":"SMITH"},{"data":"Bloodletting","floor":15.0,"key":"SMITH"},{"data":"Rupture","floor":25.0,"key":"SMITH"},{"data":"Dual Wield","floor":28.0,"key":"SMITH"},{"data":"Pommel Strike","floor":32.0,"key":"SMITH"}],"neow_cost":"","seed_source_timestamp":0,"circlet_count":0,"master_deck":["Flex+1","Iron Wave","Pommel Strike+1","Sentinel","Pommel Strike","Rampage","True Grit+1","True Grit+1","Rupture+1","Bloodletting+1","Feel No Pain","Panacea","Dual Wield+1","Heavy Blade","Intimidate","Blood for Blood","Power Through","Double Tap","Feel No Pain","Pummel+1","Offering","Warcry","Madness","Madness","True Grit+1"],"special_seed":0,"relics":["Burning Blood","Bag of Preparation","Pear","Meat on the Bone","Tiny Chest","Tiny House","Red Skull","Self Forming Clay","Darkstone Periapt","Potion Belt","Art of War","Bottled Lightning","Centennial Puzzle","White Beast Statue","Red Mask"],"potions_floor_usage":[],"damage_taken":[{"damage":7.0,"enemies":"Jaw Worm","floor":1.0,"turns":2.0},{"damage":3.0,"enemies":"Cultist","floor":4.0,"turns":3.0},{"damage":9.0,"enemies":"Small Slimes","floor":7.0,"turns":5.0},{"damage":11.0,"enemies":"Gremlin Nob","floor":8.0,"turns":4.0},{"damage":3.0,"enemies":"Exordium Wildlife","floor":11.0,"turns":2.0},{"damage":16.0,"enemies":"3 Sentries","floor":12.0,"turns":7.0},{"damage":3.0,"enemies":"3 Louse","floor":13.0,"turns":3.0},{"damage":3.0,"enemies":"Blue Slaver","floor":14.0,"turns":2.0},{"damage":48.0,"enemies":"Hexaghost","floor":16.0,"turns":7.0},{"damage":9.0,"enemies":"Shell Parasite","floor":18.0,"turns":5.0},{"damage":6.0,"enemies":"2 Thieves","floor":20.0,"turns":3.0},{"damage":27.0,"enemies":"Book of Stabbing","floor":23.0,"turns":4.0},{"damage":17.0,"enemies":"Snecko","floor":24.0,"turns":9.0},{"damage":6.0,"enemies":"Gremlin Leader","floor":27.0,"turns":6.0},{"damage":38.0,"enemies":"Slavers","floor":30.0,"turns":9.0},{"damage":27.0,"enemies":"Champ","floor":33.0,"turns":12.0},{"damage":21.0,"enemies":"3 Shapes","floor":35.0,"turns":5.0},{"damage":14,"enemies":"3 Darklings","floor":39,"turns":4},{"damage":77,"enemies":"Reptomancer","floor":40,"turns":4}],"seed_played":"8365722791851370112","potions_obtained":[{"floor":1.0,"key":"Regen Potion"},{"floor":7.0,"key":"Explosive Potion"},{"floor":11.0,"key":"Fire Potion"},{"floor":13.0,"key":"EssenceOfSteel"},{"floor":18.0,"key":"Swift Potion"},{"floor":23.0,"key":"Regen Potion"},{"floor":27.0,"key":"SkillPotion"},{"floor":30.0,"key":"PowerPotion"},{"floor":35.0,"key":"Energy Potion"},{"floor":39,"key":"SneckoOil"}],"is_trial":true,"path_per_floor":["M","?","$","M","?","R","M","E","T","R","M","E","M","M","R","B",null,"M","$","M","?","$","E","M","R","T","E","R","$","E","T","R","B",null,"M","?","?","?","M","E"],"character_chosen":"IRONCLAD","items_purchased":["Feel No Pain","Bag of Preparation","Panacea","Self Forming Clay","Dexterity Potion","Dexterity Potion"],"campfire_rested":0,"item_purchase_floors":[3,3,3,22,29,29],"current_hp_per_floor":[79,79,79,80,80,80,77,82,82,82,85,75,78,81,81,51,95,92,92,92,92,92,71,60,60,60,75,75,75,55,55,55,46,95,80,80,68,68,60,0],"gold":20,"neow_bonus":"","is_prod":false,"is_daily":false,"chose_seed":false,"campfire_upgraded":6,"win_rate":0,"timestamp":1549001630,"path_taken":["M","?","?","?","?","R","?","E","T","R","M","E","M","M","R","BOSS","M","?","M","?","$","E","M","R","T","E","R","$","E","?","R","BOSS","M","?","?","?","M","E"],"build_version":"2019-01-23","purchased_purges":2,"victory":false,"max_hp_per_floor":[80,80,80,80,80,80,80,90,90,90,90,90,90,90,90,90,95,95,95,95,95,95,95,95,95,95,95,95,95,95,95,95,95,95,95,95,95,95,95,95],"card_choices":[{"not_picked":["Armaments","Uppercut","Warcry"],"picked":"SKIP","floor":1.0},{"not_picked":["Evolve","Flex"],"picked":"Dual Wield","floor":4.0},{"not_picked":["Shrug It Off","Fire Breathing"],"picked":"Heavy Blade","floor":7.0},{"not_picked":["Perfected Strike","Battle Trance","Evolve"],"picked":"SKIP","floor":8.0},{"not_picked":["Thunderclap","Reaper"],"picked":"Intimidate","floor":11.0},{"not_picked":["Flex","Feed"],"picked":"Blood for Blood","floor":12.0},{"not_picked":["Infernal Blade","Sword Boomerang"],"picked":"Power Through","floor":13.0},{"not_picked":["Headbutt","Thunderclap","Flex"],"picked":"SKIP","floor":14.0},{"not_picked":["Barricade","Exhume"],"picked":"Double Tap","floor":16.0},{"not_picked":["True Grit","Metallicize"],"picked":"Feel No Pain","floor":17.0},{"not_picked":["Armaments","Perfected Strike"],"picked":"Pummel+1","floor":18.0},{"not_picked":["Flex","Headbutt+1","Body Slam"],"picked":"SKIP","floor":20.0},{"not_picked":["Flex","Headbutt+1","Body Slam"],"picked":"SKIP","floor":20.0},{"not_picked":["Sentinel","Warcry","Clash"],"picked":"SKIP","floor":23.0},{"not_picked":["Havoc","Infernal Blade","Ghostly Armor"],"picked":"SKIP","floor":24.0},{"not_picked":["Carnage+1","Iron Wave","Clothesline"],"picked":"SKIP","floor":27.0},{"not_picked":["Warcry","Clothesline"],"picked":"Disarm","floor":30.0},{"not_picked":["Bludgeon","Limit Break"],"picked":"Offering","floor":33.0},{"not_picked":["Warcry","Heavy Blade","Inflame+1"],"picked":"SKIP","floor":35.0},{"not_picked":["Heavy Blade","Inflame+1"],"picked":"Warcry","floor":35.0},{"not_picked":["Disarm","Inflame"],"picked":"True Grit+1","floor":39}],"player_experience":529779,"relics_obtained":[{"floor":8.0,"key":"Pear"},{"floor":9.0,"key":"Meat on the Bone"},{"floor":12.0,"key":"Tiny Chest"},{"floor":23.0,"key":"Darkstone Periapt"},{"floor":26.0,"key":"Potion Belt"},{"floor":27.0,"key":"Art of War"},{"floor":30.0,"key":"Bottled Lightning"},{"floor":31.0,"key":"Centennial Puzzle"}],"event_choices":[{"damage_healed":0.0,"max_hp_gain":0.0,"max_hp_loss":0.0,"gold_gain":275.0,"event_name":"Golden Shrine","player_choice":"Desecrate","floor":2.0,"gold_loss":0.0,"damage_taken":0.0,"cards_obtained":["Regret"]},{"damage_healed":0.0,"max_hp_gain":0.0,"max_hp_loss":0.0,"gold_gain":0.0,"event_name":"NoteForYourself","player_choice":"Ignored","floor":5.0,"gold_loss":0.0,"damage_taken":0.0},{"damage_healed":0.0,"max_hp_gain":0.0,"max_hp_loss":0.0,"gold_gain":0.0,"event_name":"The Mausoleum","player_choice":"Opened","floor":21.0,"gold_loss":0.0,"damage_taken":0.0,"relics_obtained":["Red Skull"],"cards_obtained":["Writhe"]},{"damage_healed":0.0,"max_hp_gain":0.0,"max_hp_loss":0.0,"gold_gain":0.0,"event_name":"Tomb of Lord Red Mask","player_choice":"Paid","floor":36.0,"gold_loss":158.0,"damage_taken":0.0,"relics_obtained":["Red Mask"]},{"damage_healed":0.0,"max_hp_gain":0.0,"max_hp_loss":0.0,"gold_gain":0.0,"event_name":"Winding Halls","player_choice":"Embrace Madness","floor":37.0,"gold_loss":0.0,"damage_taken":12.0,"cards_obtained":["Madness","Madness"]},{"cards_removed":["Disarm"],"damage_healed":0.0,"max_hp_gain":0.0,"max_hp_loss":0.0,"gold_gain":0.0,"event_name":"Falling","player_choice":"Removed Skill","floor":38.0,"gold_loss":0.0,"damage_taken":0.0}],"is_beta":false,"boss_relics":[{"not_picked":["Velvet Choker","Eternal Feather"],"picked":"Tiny House"},{"not_picked":["Black Star","Black Blood"],"picked":"White Beast Statue"}],"items_purged_floors":[3,29],"is_endless":false,"potions_floor_spawned":[1,7,11,13,18,23,27,30,35,39],"killed_by":"Reptomancer","ascension_level":1}