{"gold_per_floor":[145,159,170,170,186,186,206,235,235,235,254,316,12,29,29,104,104,119,137,137,137,4,32,32,42,66,40,50,50,69,88,88,165,165,184,0,45,59,78,78,107,107,178,195,195,230,39,39,39,39],"floor_reached":51,"playtime":2653,"items_purged":["Writhe","Strike_B"],"score":1392,"play_id":"a02bd37a-9809-4e87-aad4-ed405101ee1b","local_time":"20180828000334","is_ascension_mode":true,"campfire_choices":[{"data":"Zap","floor":6.0,"key":"SMITH"},{"floor":10.0,"key":"REST"},{"data":"Defragment","floor":15.0,"key":"SMITH"},{"floor":24.0,"key":"REST"},{"floor":32.0,"key":"REST"},{"floor":40.0,"key":"REST"},{"data":"Creative AI","floor":42.0,"key":"SMITH"},{"floor":45.0,"key":"REST"},{"floor":49,"key":"REST"}],"neow_cost":"NONE","seed_source_timestamp":0,"circlet_count":0,"master_deck":["Strike_B","Strike_B","Strike_B","Defend_B","Defend_B","Defend_B","Defend_B","Zap","Dualcast","AscendersBane","Chill","Cold Snap","Conserve Battery","Zap+1","FTL","Ball Lightning","Fission","Cold Snap","Defragment+1","Cold Snap","Defragment+1","Ball Lightning","Capacitor","Seek","Auto Shields+1","Go for the Eyes","Glacier","Glacier","Ball Lightning","Glacier","Cold Snap+1","Conserve Battery","Biased Cognition","Cold Snap","Consume+1","BootSequence","Barrage+1","Creative AI+1","Go for the Eyes","Storm"],"special_seed":0,"relics":["Cracked Core","Tiny Chest","Pantograph","Question Card","Anchor","DataDisk","Sozu","Letter Opener","Ice Cream","Omamori","Bag of Marbles","Busted Crown","Red Mask","Peace Pipe","Strawberry","Shuriken","Kunai"],"potions_floor_usage":[],"damage_taken":[{"damage":4.0,"enemies":"Jaw Worm","floor":1.0,"turns":5.0},{"damage":5.0,"enemies":"Cultist","floor":2.0,"turns":5.0},{"damage":0.0,"enemies":"Small Slimes","floor":3.0,"turns":4.0},{"damage":16.0,"enemies":"Exordium Thugs","floor":5.0,"turns":3.0},{"damage":2.0,"enemies":"Blue Slaver","floor":7.0,"turns":4.0},{"damage":10.0,"enemies":"Lagavulin","floor":8.0,"turns":5.0},{"damage":5.0,"enemies":"Looter","floor":11.0,"turns":3.0},{"damage":21.0,"enemies":"Gremlin Nob","floor":12.0,"turns":5.0},{"damage":0.0,"enemies":"2 Fungi Beasts","floor":14.0,"turns":3.0},{"damage":1.0,"enemies":"Slime Boss","floor":16.0,"turns":9.0},{"damage":4.0,"enemies":"3 Byrds","floor":18.0,"turns":5.0},{"damage":8.0,"enemies":"Spheric Guardian","floor":19.0,"turns":4.0},{"damage":31.0,"enemies":"Slavers","floor":23.0,"turns":6.0},{"damage":18.0,"enemies":"Snake Plant","floor":25.0,"turns":5.0},{"damage":4.0,"enemies":"Centurion and Healer","floor":28.0,"turns":5.0},{"damage":0.0,"enemies":"Cultist and Chosen","floor":30.0,"turns":6.0},{"damage":10.0,"enemies":"Shelled Parasite and Fungi","floor":31.0,"turns":4.0},{"damage":17.0,"enemies":"Automaton","floor":33.0,"turns":11.0},{"damage":0.0,"enemies":"Orb Walker","floor":35.0,"turns":4.0},{"damage":0.0,"enemies":"Mysterious Sphere","floor":37.0,"turns":5.0},{"damage":0.0,"enemies":"Flame Bruiser 1 Orb","floor":38.0,"turns":7.0},{"damage":36.0,"enemies":"Transient","floor":39.0,"turns":5.0},{"damage":0.0,"enemies":"Nemesis","floor":41.0,"turns":11.0},{"damage":22.0,"enemies":"3 Darklings","floor":44.0,"turns":7.0},{"damage":17.0,"enemies":"Giant Head","floor":46.0,"turns":10.0},{"damage":34,"enemies":"Time Eater","floor":50,"turns":9}],"seed_played":"6126163253473810971","potions_obtained":[{"floor":3.0,"key":"Ancient Potion"},{"floor":8.0,"key":"Ancient Potion"},{"floor":12.0,"key":"GamblersBrew"},{"floor":12.0,"key":"FearPotion"}],"is_trial":false,"path_per_floor":["M","M","M","?","M","R","M","E","T","R","M","?","$","M","R","B",null,"M","M","T","?","$","E","R","M","T","$","M","?","M","M","R","B",null,"M","?","?","M","M","R","E","R","T","M","R","E","$","?","R","B"],"character_chosen":"DEFECT","items_purchased":["DataDisk","Defragment","Ball Lightning","Go for the Eyes","Ball Lightning","Storm"],"campfire_rested":6,"item_purchase_floors":[13,13,13,22,27,47],"current_hp_per_floor":[60,55,55,55,39,39,37,27,27,48,43,22,22,22,22,46,65,61,53,53,53,53,22,43,25,25,25,21,21,21,11,32,40,63,63,63,63,63,27,48,55,55,55,33,56,39,39,39,62,44],"gold":39,"neow_bonus":"RANDOM_COMMON_RELIC","is_prod":false,"is_daily":false,"chose_seed":false,"campfire_upgraded":3,"win_rate":0,"timestamp":1535439814,"path_taken":["M","M","M","?","M","R","M","E","T","R","?","?","?","M","R","BOSS","M","?","?","?","?","E","R","M","T","$","?","?","M","M","R","BOSS","M","?","?","?","?","R","E","R","T","M","R","E","$","?","R","BOSS"],"build_version":"2018-08-23v2","purchased_purges":2,"victory":true,"max_hp_per_floor":[71,71,71,71,71,71,71,71,71,71,71,71,71,71,71,71,71,71,71,71,71,71,71,71,71,71,71,71,71,71,71,71,71,71,71,71,71,71,71,71,78,78,78,78,78,78,78,78,78,78],"card_choices":[{"not_picked":["Steam","Sweeping Beam"],"picked":"Chill","floor":1.0},{"not_picked":["Heatsinks","Go for the Eyes"],"picked":"Cold Snap","floor":2.0},{"not_picked":["Streamline","Aggregate"],"picked":"Conserve Battery","floor":3.0},{"not_picked":["Coolheaded","Melter"],"picked":"Cold Snap","floor":5.0},{"not_picked":["Gash","Barrage","Melter"],"picked":"SKIP","floor":7.0},{"not_picked":["Gash","Steam","Multi-Cast"],"picked":"SKIP","floor":8.0},{"not_picked":["Loop","Barrage","Consume"],"picked":"Defragment","floor":11.0},{"not_picked":["Sweeping Beam","Ball Lightning","Barrage"],"picked":"Cold Snap","floor":12.0},{"not_picked":["Hologram","Turbo","White Noise"],"picked":"Capacitor","floor":14.0},{"not_picked":["Fission","Buffer","Rainbow"],"picked":"Seek","floor":16.0},{"not_picked":["Turbo","Conserve Battery+1","Storm+1"],"picked":"Auto Shields+1","floor":18.0},{"not_picked":["Steam","Rebound","Sweeping Beam","Barrage"],"picked":"SKIP","floor":19.0},{"not_picked":["Multi-Cast","Barrage","Self Repair"],"picked":"Glacier","floor":23.0},{"not_picked":["Hologram","FTL","Tempest+1"],"picked":"Glacier","floor":25.0},{"not_picked":["Capacitor","Rebound","Stack"],"picked":"Glacier","floor":28.0},{"not_picked":["Compile Driver","Rebound+1","Gash"],"picked":"Cold Snap+1","floor":30.0},{"not_picked":["Streamline","Blizzard","Fusion"],"picked":"Conserve Battery","floor":31.0},{"not_picked":["Thunder Strike","Buffer","Seek"],"picked":"Biased Cognition","floor":33.0},{"not_picked":["Coolheaded"],"picked":"Cold Snap","floor":35.0},{"not_picked":["Conserve Battery"],"picked":"Consume+1","floor":37.0},{"not_picked":["Rebound+1"],"picked":"BootSequence","floor":38.0},{"not_picked":["Compile Driver+1"],"picked":"Barrage+1","floor":39.0},{"not_picked":["White Noise"],"picked":"Creative AI","floor":41.0},{"not_picked":["Turbo","FTL"],"picked":"SKIP","floor":44.0},{"not_picked":["Coolheaded"],"picked":"Go for the Eyes","floor":46.0}],"player_experience":809287,"relics_obtained":[{"floor":8.0,"key":"Pantograph"},{"floor":9.0,"key":"Question Card"},{"floor":12.0,"key":"Anchor"},{"floor":20.0,"key":"Letter Opener"},{"floor":23.0,"key":"Omamori"},{"floor":26.0,"key":"Bag of Marbles"},{"floor":37.0,"key":"Peace Pipe"},{"floor":41.0,"key":"Strawberry"},{"floor":43.0,"key":"Shuriken"},{"floor":46.0,"key":"Kunai"}],"event_choices":[{"event_name":"Match and Keep!","player_choice":"4 cards matched","floor":4.0,"damage_taken":0.0},{"event_name":"Dead Adventurer","player_choice":"Searched \u00271\u0027 times","floor":12.0,"damage_taken":0.0},{"event_name":"The Mausoleum","player_choice":"Yes","floor":21.0,"damage_taken":0.0},{"event_name":"Upgrade Shrine","player_choice":"Upgraded","floor":29.0,"damage_taken":0.0},{"event_name":"Tomb of Lord Red Mask","player_choice":"Paid","floor":36.0,"damage_taken":0.0},{"event_name":"Mysterious Sphere","player_choice":"Fight","floor":37.0,"damage_taken":0.0},{"event_name":"SensoryStone","player_choice":"Memory 1","floor":48,"damage_taken":0}],"is_beta":false,"boss_relics":[{"not_picked":["Calling Bell","Ectoplasm"],"picked":"Sozu"},{"not_picked":["White Beast Statue","Inserter"],"picked":"Busted Crown"}],"items_purged_floors":[22,47],"is_endless":false,"potions_floor_spawned":[3,8,12,12,14,18,23,25,33,37,46],"ascension_level":16}