{"gold_per_floor":[117,117,133,144,158,158,177,194,217,245,245,309,309,320,320,320],"floor_reached":16,"playtime":1028,"items_purged":[],"score":222,"play_id":"11e5e747-2fc7-415e-886e-652cac9d5230","local_time":"20190316114809","is_ascension_mode":true,"campfire_choices":[{"data":"Zap","floor":6.0,"key":"SMITH"},{"data":"White Noise","floor":11.0,"key":"SMITH"},{"data":"Static Discharge","floor":13.0,"key":"SMITH"},{"data":"Hologram","floor":15.0,"key":"SMITH"}],"neow_cost":"NONE","seed_source_timestamp":305282414850446,"circlet_count":0,"master_deck":["AscendersBane","Strike_B","Strike_B","Strike_B","Strike_B","Defend_B","Defend_B","Defend_B","Defend_B","Zap+1","Dualcast","White Noise+1","Leap","Gash","Glacier","Hologram+1","White Noise","Electrodynamics","Static Discharge+1","Static Discharge"],"special_seed":0,"relics":["Cracked Core","Art of War","Bronze Scales","Tiny Chest"],"potions_floor_usage":[],"damage_taken":[{"damage":0.0,"enemies":"2 Louse","floor":1.0,"turns":2.0},{"damage":15.0,"enemies":"Small Slimes","floor":3.0,"turns":3.0},{"damage":0.0,"enemies":"Jaw Worm","floor":4.0,"turns":3.0},{"damage":3.0,"enemies":"Exordium Thugs","floor":5.0,"turns":7.0},{"damage":6.0,"enemies":"3 Louse","floor":7.0,"turns":5.0},{"damage":5.0,"enemies":"Blue Slaver","floor":8.0,"turns":4.0},{"damage":4.0,"enemies":"3 Sentries","floor":10.0,"turns":13.0},{"damage":8.0,"enemies":"Gremlin Nob","floor":12.0,"turns":3.0},{"damage":0.0,"enemies":"Gremlin Gang","floor":14.0,"turns":1.0},{"damage":31,"enemies":"The Guardian","floor":16,"turns":2}],"seed_played":"-6810968975665376561","potions_obtained":[{"floor":1.0,"key":"EssenceOfSteel"},{"floor":4.0,"key":"Block Potion"},{"floor":12.0,"key":"Dexterity Potion"}],"is_trial":false,"path_per_floor":["M","?","M","M","M","R","M","M","T","E","R","E","R","M","R","B"],"character_chosen":"DEFECT","items_purchased":[],"campfire_rested":0,"item_purchase_floors":[],"current_hp_per_floor":[71,71,56,56,53,53,47,42,42,38,38,30,30,30,30,0],"gold":320,"neow_bonus":"TEN_PERCENT_HP_BONUS","is_prod":false,"is_daily":false,"chose_seed":false,"campfire_upgraded":4,"win_rate":0,"timestamp":1552733289,"path_taken":["M","?","M","M","M","R","M","M","T","E","R","E","R","M","R","BOSS"],"build_version":"2019-01-23","purchased_purges":0,"victory":false,"max_hp_per_floor":[78,78,78,78,78,78,78,78,78,78,78,78,78,78,78,78],"card_choices":[{"not_picked":["Turbo","Steam Power"],"picked":"White Noise","floor":1.0},{"not_picked":["Fusion","Hologram"],"picked":"Leap","floor":3.0},{"not_picked":["Storm","Skim"],"picked":"Gash","floor":4.0},{"not_picked":["Reprogram","Barrage"],"picked":"Glacier","floor":5.0},{"not_picked":["Loop","Stack"],"picked":"Hologram","floor":7.0},{"not_picked":["Steam","Turbo"],"picked":"White Noise","floor":8.0},{"not_picked":["Recycle","Chill"],"picked":"Electrodynamics","floor":10.0},{"not_picked":["Double Energy","Hologram"],"picked":"Static Discharge","floor":12.0},{"not_picked":["Beam Cell","Steam"],"picked":"Static Discharge","floor":14.0}],"player_experience":511108,"relics_obtained":[{"floor":9.0,"key":"Art of War"},{"floor":10.0,"key":"Bronze Scales"},{"floor":12.0,"key":"Tiny Chest"}],"event_choices":[{"damage_healed":0.0,"max_hp_gain":0.0,"max_hp_loss":0.0,"gold_gain":0.0,"event_name":"Liars Game","player_choice":"Ignored","floor":2.0,"gold_loss":0.0,"damage_taken":0.0}],"is_beta":false,"boss_relics":[],"items_purged_floors":[],"is_endless":false,"potions_floor_spawned":[1,4,12],"killed_by":"The Guardian","ascension_level":19}