{"gold_per_floor":[119,136,136,136,21,21,21,47,101,161,161,193,155,181,193,310,322,348,222,233,79,91,118,118,118],"floor_reached":25,"playtime":1263,"items_purged":["Strike_B","Strike_B","Strike_B"],"score":250,"play_id":"f0ed74eb-a429-469e-8609-46cb06014ec9","local_time":"20190417220341","is_ascension_mode":true,"campfire_choices":[{"data":"Defragment","floor":6,"key":"SMITH"},{"floor":11,"key":"REST"},{"floor":15,"key":"REST"}],"neow_cost":"NONE","seed_source_timestamp":616376609652856,"circlet_count":0,"master_deck":["Defend_B+1","Defend_B+1","Zap","Dualcast","Streamline","Static Discharge","Defragment+1","Genetic Algorithm","Self Repair","Amplify","Storm","Heatsinks","Consume","Defragment+1"],"relics":["Cracked Core","Regal Pillow","The Courier","MawBank","Nuclear Battery","Meat on the Bone"],"potions_floor_usage":[10,16,16,23],"damage_taken":[{"damage":9,"enemies":"Jaw Worm","floor":1,"turns":3},{"damage":0,"enemies":"Small Slimes","floor":2,"turns":2},{"damage":20,"enemies":"3 Sentries","floor":8,"turns":5},{"damage":19,"enemies":"Gremlin Nob","floor":10,"turns":4},{"damage":20,"enemies":"Lagavulin","floor":12,"turns":5},{"damage":0,"enemies":"2 Louse","floor":14,"turns":2},{"damage":35,"enemies":"The Guardian","floor":16,"turns":8},{"damage":39,"enemies":"2 Thieves","floor":18,"turns":4},{"damage":9,"enemies":"Shell Parasite","floor":20,"turns":3},{"damage":11,"enemies":"Centurion and Healer","floor":22,"turns":6},{"damage":36,"enemies":"Gremlin Leader","floor":23,"turns":6},{"damage":9,"enemies":"3 Cultists","floor":25,"turns":3}],"seed_played":"1706535783142091112","potions_obtained":[{"floor":1,"key":"Weak Potion"},{"floor":2,"key":"Weak Potion"},{"floor":12,"key":"AttackPotion"},{"floor":14,"key":"EssenceOfSteel"},{"floor":16,"key":"GamblersBrew"},{"floor":20,"key":"SpeedPotion"}],"is_trial":false,"path_per_floor":["M","M","?","?","$","R","?","E","T","?","R","E","?","M","R","B",null,"M","$","M","$","M","E","?","M"],"character_chosen":"DEFECT","items_purchased":["Defragment","Heatsinks","Consume"],"campfire_rested":2,"item_purchase_floors":[5,19,21],"current_hp_per_floor":[66,66,59,44,44,44,44,24,24,5,42,22,22,22,59,31,75,43,43,41,41,37,8,8,0],"gold":118,"neow_bonus":"TRANSFORM_CARD","is_prod":false,"is_daily":false,"chose_seed":false,"campfire_upgraded":1,"win_rate":0,"timestamp":1555553021,"path_taken":["M","M","?","?","$","R","?","E","T","?","R","E","?","M","R","BOSS","M","$","M","$","M","E","?","?"],"build_version":"2019-01-23","purchased_purges":3,"victory":false,"max_hp_per_floor":[75,75,75,75,75,75,75,75,75,75,75,75,75,75,75,75,75,75,75,75,75,75,75,75,75],"card_choices":[{"not_picked":["BootSequence","Redo","Tempest"],"picked":"SKIP","floor":1},{"not_picked":["Turbo","Compile Driver"],"picked":"Static Discharge","floor":2},{"not_picked":["Sweeping Beam","Beam Cell","Streamline"],"picked":"SKIP","floor":8},{"not_picked":["Leap","Sweeping Beam"],"picked":"Genetic Algorithm","floor":12},{"not_picked":["Reprogram","Undo"],"picked":"Self Repair","floor":14},{"not_picked":["Reboot","Multi-Cast"],"picked":"Amplify","floor":16},{"not_picked":["Gash","Cold Snap"],"picked":"Storm","floor":18},{"not_picked":["Chaos","Tempest","Cold Snap"],"picked":"SKIP","floor":20},{"not_picked":["Sweeping Beam+1","Redo","Skim"],"picked":"SKIP","floor":22},{"not_picked":["Compile Driver","Tempest","Fusion"],"picked":"SKIP","floor":23}],"player_experience":50442,"relics_obtained":[{"floor":8,"key":"Regal Pillow"},{"floor":12,"key":"MawBank"},{"floor":23,"key":"Meat on the Bone"}],"event_choices":[{"cards_removed":["Defend_B"],"damage_healed":0,"gold_gain":0,"player_choice":"Card Removal","damage_taken":7,"max_hp_gain":0,"max_hp_loss":0,"event_name":"Golden Wing","floor":3,"gold_loss":0},{"damage_healed":0,"gold_gain":0,"player_choice":"Entered Light","damage_taken":15,"max_hp_gain":0,"max_hp_loss":0,"event_name":"Shining Light","floor":4,"gold_loss":0,"cards_upgraded":["Defend_B","Defend_B"]},{"damage_healed":0,"gold_gain":0,"player_choice":"Ignored","damage_taken":0,"max_hp_gain":0,"max_hp_loss":0,"event_name":"Liars Game","floor":7,"gold_loss":0},{"damage_healed":0,"gold_gain":0,"player_choice":"Searched \u00272\u0027 times","damage_taken":0,"relics_obtained":["The Courier"],"max_hp_gain":0,"max_hp_loss":0,"event_name":"Dead Adventurer","floor":10,"gold_loss":0},{"cards_removed":["Defend_B"],"damage_healed":0,"gold_gain":0,"player_choice":"Card Removal","damage_taken":0,"max_hp_gain":0,"max_hp_loss":0,"event_name":"The Cleric","floor":13,"gold_loss":50},{"damage_healed":0,"gold_gain":0,"player_choice":"Copied","damage_taken":0,"max_hp_gain":0,"max_hp_loss":0,"event_name":"Duplicator","floor":24,"gold_loss":0,"cards_obtained":["Defragment"]}],"is_beta":false,"boss_relics":[{"not_picked":["Busted Crown","Cursed Key"],"picked":"Nuclear Battery"}],"items_purged_floors":[5,19,21],"is_endless":false,"potions_floor_spawned":[1,2,12,14,16,20],"killed_by":"3 Cultists","ascension_level":2}