{"gold_per_floor":[113,131,18,18,32,32,48,48,48,48,67,85,99,99,99,204,204,217,228,327,17,35,35],"floor_reached":23,"playtime":1630,"items_purged":["Strike_G","Defend_G"],"score":185,"play_id":"2c88f0fc-d3b1-4a8d-873c-acf70c9e72d4","local_time":"20180829144210","is_ascension_mode":false,"campfire_choices":[{"data":"Footwork","floor":6,"key":"SMITH"},{"data":"Prepared","floor":8,"key":"SMITH"},{"data":"Blade Dance","floor":10,"key":"SMITH"},{"data":"Concentrate","floor":15,"key":"SMITH"}],"neow_cost":"NONE","seed_source_timestamp":9444711114880,"circlet_count":0,"master_deck":["Defend_G","Defend_G","Defend_G","Defend_G+1","Strike_G","Strike_G","Strike_G","Survivor+1","Neutralize","Blade Dance+1","Outmaneuver","Footwork+1","Prepared+1","Flying Knee","Dagger Throw","Concentrate+1","Predator","Envenom","Flechettes","Dodge and Roll+1","Panache","Glass Knife"],"relics":["Runic Pyramid"],"potions_floor_usage":[11,16,16],"damage_taken":[{"damage":1,"enemies":"2 Louse","floor":1,"turns":3},{"damage":0,"enemies":"Jaw Worm","floor":2,"turns":3},{"damage":0,"enemies":"Cultist","floor":5,"turns":4},{"damage":5,"enemies":"Large Slime","floor":7,"turns":8},{"damage":3,"enemies":"Looter","floor":11,"turns":3},{"damage":4,"enemies":"Exordium Wildlife","floor":12,"turns":5},{"damage":3,"enemies":"Large Slime","floor":13,"turns":7},{"damage":3,"enemies":"Slime Boss","floor":16,"turns":7},{"damage":1,"enemies":"3 Byrds","floor":18,"turns":6},{"damage":27,"enemies":"2 Thieves","floor":19,"turns":5},{"damage":28,"enemies":"Snake Plant","floor":22,"turns":6},{"damage":15,"enemies":"Colosseum Slavers","floor":23,"turns":2}],"seed_played":"-2903611819726464855","potions_obtained":[{"floor":2,"key":"PowerPotion"},{"floor":7,"key":"SkillPotion"},{"floor":12,"key":"SneckoOil"},{"floor":13,"key":"Strength Potion"}],"is_trial":false,"path_per_floor":["M","M","$","?","M","R","M","R","T","R","M","M","M","?","R","B",null,"M","M","?","$","M"],"character_chosen":"THE_SILENT","items_purchased":["Footwork","Panache"],"campfire_rested":0,"item_purchase_floors":[3,21],"current_hp_per_floor":[69,69,69,55,55,55,50,50,50,50,47,43,40,40,40,37,70,69,42,42,42,14,0],"gold":35,"neow_bonus":"BOSS_RELIC","is_prod":false,"is_daily":false,"chose_seed":false,"campfire_upgraded":4,"win_rate":0,"timestamp":1535571730,"path_taken":["M","M","$","?","M","R","M","R","T","R","?","M","M","?","R","BOSS","M","M","?","$","M","?"],"build_version":"2018-08-23v2","purchased_purges":2,"victory":false,"max_hp_per_floor":[70,70,70,70,70,70,70,70,70,70,70,70,70,70,70,70,70,70,70,70,70,70,70],"card_choices":[{"not_picked":["Heel Hook","Dodge and Roll"],"picked":"Blade Dance","floor":1},{"not_picked":["Caltrops","Dodge and Roll"],"picked":"Outmaneuver","floor":2},{"not_picked":["Blade Dance","Dash"],"picked":"Prepared","floor":5},{"not_picked":["Dagger Spray","Poisoned Stab"],"picked":"Flying Knee","floor":7},{"not_picked":["Deflect","Dodge and Roll"],"picked":"Dagger Throw","floor":11},{"not_picked":["Slice","Cloak And Dagger"],"picked":"Concentrate","floor":12},{"not_picked":["Choke","Poisoned Stab"],"picked":"Predator","floor":13},{"not_picked":["Unload","Tools of the Trade"],"picked":"Envenom","floor":16},{"not_picked":["Quick Slash+1","Acrobatics+1"],"picked":"Flechettes","floor":18},{"not_picked":["Acrobatics+1","Poisoned Stab"],"picked":"Dodge and Roll+1","floor":19},{"not_picked":["Well Laid Plans","Flying Knee"],"picked":"Glass Knife","floor":22}],"player_experience":381943,"relics_obtained":[],"event_choices":[{"event_name":"Shining Light","player_choice":"Entered Light","floor":4,"damage_taken":0},{"event_name":"Living Wall","player_choice":"Forget","floor":14,"damage_taken":0},{"event_name":"Nest","player_choice":"Stole From Cult","floor":20,"damage_taken":0},{"event_name":"Colosseum","player_choice":"Fight","floor":23,"damage_taken":0}],"is_beta":false,"boss_relics":[{"not_picked":["Cursed Key","Black Star","Tiny House"]}],"items_purged_floors":[3,21],"is_endless":false,"potions_floor_spawned":[2,7,12,13],"killed_by":"Colosseum Slavers","ascension_level":0}