{"path_per_floor":["M","M","M","?","M","R","E","R","T","M","M","R","E","?","R","B",null,"M","$","M","?","M","E","R","E","T","M","M","M","M","$","R","B",null,"M","M","$","?","M","E","R","E","T","E","R","$","?","M","R","B"],"character_chosen":"THE_SILENT","items_purchased":["Shuriken","Accuracy","Kunai","Quick Slash"],"gold_per_floor":[115,125,144,144,164,164,194,194,273,290,303,303,333,333,333,428,428,441,366,379,379,389,419,419,448,496,506,526,541,555,218,218,318,318,334,348,248,248,259,318,318,343,343,372,372,62,0,13,13,13],"floor_reached":51,"campfire_rested":2,"playtime":4703,"current_hp_per_floor":[70,70,70,63,63,63,42,42,42,42,38,38,38,38,38,26,70,70,70,70,49,42,5,19,26,26,37,50,50,48,48,48,46,53,51,50,50,53,52,49,49,38,38,36,54,54,54,51,51,52],"items_purged":["Strike_G","Accuracy"],"gold":13,"score":866,"play_id":"62c55beb-001e-4819-be48-abbcc225d18b","local_time":"20180407233815","is_prod":false,"is_daily":false,"is_ascension_mode":true,"campfire_upgraded":7,"timestamp":1523169495,"path_taken":["M","M","M","?","M","R","E","R","T","M","?","R","E","?","R","BOSS","M","$","M","?","M","E","R","E","T","M","?","M","M","$","R","BOSS","M","M","$","?","M","E","R","E","T","E","R","$","?","?","R","BOSS"],"build_version":"2018-04-05v2","purchased_purges":3,"victory":true,"master_deck":["Defend_G","Defend_G","Survivor+1","Neutralize+1","Dagger Throw","Backstab","Venomology+1","Dagger Spray+1","Heel Hook","Slice","Footwork+1","Dagger Throw","Adrenaline+1","Terror+1","Infinite Blades","Bite","Bite","Bite","Bite","Bite","Backflip+1","Parasite","Footwork+1","Backflip","Sucker Punch+1","Envenom","Flechettes+1","A Thousand Cuts+1","Choke+1","Slice","Sucker Punch+1","Writhe","Decay","Quick Slash"],"max_hp_per_floor":[70,70,70,70,70,70,70,70,70,70,70,70,70,70,70,70,70,70,70,70,49,49,49,49,51,51,53,53,53,53,53,53,53,53,53,53,53,53,55,57,57,59,59,61,61,61,61,63,63,63],"relics":["Ring of the Snake","Du-Vu Doll","Mercury Hourglass","Mummified Hand","Bird Faced Urn","Cursed Key","Singing Bowl","Bag of Preparation","Pen Nib","Shuriken","Astrolabe","Tiny Chest","Sundial","Ginger","War Paint","Kunai","Red Mask"],"card_choices":[{"not_picked":["PiercingWail","Prepared"],"picked":"Dagger Throw","floor":1},{"not_picked":["Eviscerate","Leg Sweep"],"picked":"Backstab","floor":2},{"not_picked":["Cloak And Dagger","Quick Slash"],"picked":"Venomology","floor":3},{"not_picked":["Prepared","Flying Knee"],"picked":"Dagger Spray","floor":5},{"not_picked":["Poisoned Stab","Bane"],"picked":"Heel Hook","floor":7},{"not_picked":["Riddle With Holes","Terror"],"picked":"Slice","floor":10},{"not_picked":["Deflect","Poisoned Stab"],"picked":"Footwork","floor":11},{"not_picked":["Riddle With Holes","Outmaneuver"],"picked":"Dagger Throw","floor":13},{"not_picked":["Bullet Time","Unload"],"picked":"Adrenaline","floor":16},{"not_picked":["Underhanded Strike","Dagger Throw"],"picked":"Terror","floor":18},{"not_picked":["Reflex","Eviscerate"],"picked":"Infinite Blades","floor":20},{"not_picked":["Terror","Sucker Punch"],"picked":"Backflip","floor":23},{"not_picked":["Quick Slash","Backflip"],"picked":"Footwork","floor":28},{"not_picked":["Bane","Malaise"],"picked":"Backflip","floor":29},{"not_picked":["Leg Sweep","PiercingWail"],"picked":"Sucker Punch","floor":30},{"not_picked":["Die Die Die","Unload"],"picked":"Envenom","floor":33},{"not_picked":["Underhanded Strike","Concentrate"],"picked":"Slice","floor":35},{"not_picked":["Cloak And Dagger","Caltrops"],"picked":"Sucker Punch","floor":36}],"player_experience":241204,"potions_floor_usage":[7,7,10,11,11,13,16,16,18,20,22,22,23,23,25,27,28,30,30,33,33,40,40,40,42,44,50,50,50,50],"damage_taken":[{"damage":0,"enemies":"2 Louse","floor":1,"turns":3},{"damage":0,"enemies":"Jaw Worm","floor":2,"turns":5},{"damage":0,"enemies":"Cultist","floor":3,"turns":3},{"damage":0,"enemies":"Exordium Wildlife","floor":5,"turns":4},{"damage":21,"enemies":"Gremlin Nob","floor":7,"turns":5},{"damage":0,"enemies":"Exordium Thugs","floor":10,"turns":3},{"damage":4,"enemies":"Large Slime","floor":11,"turns":4},{"damage":0,"enemies":"3 Sentries","floor":13,"turns":3},{"damage":14,"enemies":"The Guardian","floor":16,"turns":16},{"damage":0,"enemies":"Chosen","floor":18,"turns":4},{"damage":0,"enemies":"3 Byrds","floor":20,"turns":2},{"damage":9,"enemies":"Snake Plant","floor":22,"turns":3},{"damage":58,"enemies":"Gremlin Leader","floor":23,"turns":7},{"damage":11,"enemies":"Slavers","floor":25,"turns":5},{"damage":1,"enemies":"Slaver and Parasite","floor":27,"turns":2},{"damage":1,"enemies":"Sentry and Sphere","floor":28,"turns":3},{"damage":5,"enemies":"Centurion and Healer","floor":29,"turns":4},{"damage":11,"enemies":"Cultist and Chosen","floor":30,"turns":4},{"damage":25,"enemies":"Collector","floor":33,"turns":6},{"damage":4,"enemies":"3 Shapes","floor":35,"turns":3},{"damage":5,"enemies":"3 Darklings","floor":36,"turns":2},{"damage":10,"enemies":"4 Shapes","floor":39,"turns":3},{"damage":10,"enemies":"Nemesis","floor":40,"turns":3},{"damage":19,"enemies":"2 Orb Walkers","floor":42,"turns":3},{"damage":24,"enemies":"Nemesis","floor":44,"turns":5},{"damage":13,"enemies":"Sphere and 2 Shapes","floor":48,"turns":3},{"damage":23,"enemies":"Awakened One","floor":50,"turns":9}],"event_choices":[{"event_name":"Scrap Ooze","player_choice":"success","floor":4,"damage_taken":7},{"event_name":"Living Wall","player_choice":"Forget","floor":14,"damage_taken":0},{"event_name":"Vampires","player_choice":"Became a vampire","floor":21,"damage_taken":0},{"event_name":"Winding Halls","player_choice":"Writhe","floor":38,"damage_taken":0},{"event_name":"Tomb of Lord Red Mask","player_choice":"Paid","floor":47,"damage_taken":0}],"boss_relics":[{"not_picked":["Runic Dome","Velvet Choker"],"picked":"Cursed Key"},{"not_picked":["Pandora\u0027s Box","Orrery"],"picked":"Astrolabe"}],"potions_floor_spawned":[2,3,7,11,16,18,20,22,35,40,44],"seed_played":"5680199018892364295","ascension_level":2,"is_trial":false}