{"gold_per_floor":[114,114,114,33,48,48,78,78,78,108,123,138,168,183,183,183],"floor_reached":16,"playtime":1047,"items_purged":[],"score":145,"play_id":"4298b25e-fcbb-4308-bf83-cb02dee1c920","local_time":"20181006200837","daily_mods":["Draft","Blue Cards","Elite Swarm"],"is_ascension_mode":false,"campfire_choices":[{"floor":6,"key":"REST"},{"floor":8,"key":"REST"},{"floor":15,"key":"REST"}],"neow_cost":"","seed_source_timestamp":0,"circlet_count":0,"master_deck":["Acrobatics","Tempest","Deadly Poison","Bane","Flying Knee","Blade Dance","Footwork","Terror","Double Energy","Dagger Spray","Catalyst+1","Underhanded Strike","Gash","Acrobatics","Flying Knee","Stack","Darkness","Cold Snap","Envenom","Rainbow","Cold Snap","Backflip","Electrodynamics","Bane"],"special_seed":17810,"relics":["Ring of the Snake","PreservedInsect","Omamori","Nunchaku","Peace Pipe"],"potions_floor_usage":[16,16,16],"damage_taken":[{"damage":11,"enemies":"Jaw Worm","floor":1,"turns":2},{"damage":11,"enemies":"2 Louse","floor":5,"turns":2},{"damage":33,"enemies":"Lagavulin","floor":7,"turns":5},{"damage":0,"enemies":"Gremlin Nob","floor":10,"turns":3},{"damage":0,"enemies":"Small Slimes","floor":11,"turns":2},{"damage":7,"enemies":"Looter","floor":12,"turns":2},{"damage":18,"enemies":"3 Sentries","floor":13,"turns":4},{"damage":13,"enemies":"Red Slaver","floor":14,"turns":3},{"damage":44,"enemies":"The Guardian","floor":16,"turns":5}],"seed_played":"-894642481113240428","potions_obtained":[{"floor":1,"key":"LiquidBronze"},{"floor":11,"key":"SteroidPotion"},{"floor":12,"key":"LiquidBronze"}],"is_trial":false,"path_per_floor":["M","?","?","$","M","R","E","R","T","E","M","M","E","M","R"],"character_chosen":"THE_SILENT","items_purchased":["Darkness"],"campfire_rested":3,"item_purchase_floors":[4],"current_hp_per_floor":[59,59,59,59,48,69,36,57,57,57,57,50,32,19,40,0],"gold":183,"neow_bonus":"","is_prod":false,"is_daily":true,"chose_seed":false,"campfire_upgraded":0,"win_rate":0,"timestamp":1538849317,"path_taken":["M","?","?","$","M","R","E","R","T","E","M","M","E","M","R","BOSS"],"build_version":"2018-10-04v2","purchased_purges":0,"victory":false,"max_hp_per_floor":[70,70,70,70,70,70,70,70,70,70,70,70,70,70,70,70],"card_choices":[{"not_picked":["Finisher","BootSequence"],"picked":"Acrobatics","floor":0},{"not_picked":["Terror","Turbo"],"picked":"Tempest","floor":0},{"not_picked":["Streamline","Cloak And Dagger"],"picked":"Deadly Poison","floor":0},{"not_picked":["Turbo","Redo"],"picked":"Bane","floor":0},{"not_picked":["Streamline","Sweeping Beam"],"picked":"Flying Knee","floor":0},{"not_picked":["Dagger Throw","Go for the Eyes"],"picked":"Blade Dance","floor":0},{"not_picked":["Rip and Tear","Compile Driver"],"picked":"Footwork","floor":0},{"not_picked":["Reflex","PiercingWail"],"picked":"Terror","floor":0},{"not_picked":["Turbo","Coolheaded"],"picked":"Double Energy","floor":0},{"not_picked":["Compile Driver","Slice"],"picked":"Dagger Spray","floor":0},{"not_picked":["Recycle","Rebound"],"picked":"Catalyst","floor":0},{"not_picked":["Endless Agony","Deflect"],"picked":"Underhanded Strike","floor":0},{"not_picked":["FTL","Quick Slash"],"picked":"Gash","floor":0},{"not_picked":["Streamline","Masterful Stab"],"picked":"Acrobatics","floor":0},{"not_picked":["Underhanded Strike","Distraction"],"picked":"Flying Knee","floor":0},{"not_picked":["Tactician","Outmaneuver"],"picked":"Stack","floor":1},{"not_picked":["Outmaneuver","Riddle With Holes"],"picked":"Cold Snap","floor":5},{"not_picked":["Meteor Strike","After Image"],"picked":"Envenom","floor":7},{"not_picked":["Tools of the Trade","Adrenaline"],"picked":"Rainbow","floor":10},{"not_picked":["Ball Lightning","Outmaneuver"],"picked":"Cold Snap","floor":11},{"not_picked":["Deadly Poison","Underhanded Strike"],"picked":"Backflip","floor":12},{"not_picked":["Amplify","Doppelganger"],"picked":"Electrodynamics","floor":13},{"not_picked":["Ball Lightning","Rip and Tear"],"picked":"Bane","floor":14}],"player_experience":114936,"relics_obtained":[{"floor":7,"key":"PreservedInsect"},{"floor":9,"key":"Omamori"},{"floor":10,"key":"Nunchaku"},{"floor":13,"key":"Peace Pipe"}],"event_choices":[{"event_name":"Liars Game","player_choice":"disagreed","floor":2,"damage_taken":0},{"event_name":"Living Wall","player_choice":"Grow","floor":3,"damage_taken":0}],"is_beta":false,"boss_relics":[],"items_purged_floors":[],"is_endless":false,"potions_floor_spawned":[1,11,12,13],"killed_by":"The Guardian","ascension_level":0}