{"gold_per_floor":[111,111,186,205,11,39,39,72,72,28,39,52,52,52,52,129,129,148,27,27,44,56,56,84,97,97,97,125,136,162,162,162,233,233,244,255,255,255,272,272,297,297,297,9,9,26,56,56,56,56,56],"floor_reached":52,"playtime":7697,"items_purged":["Strike_R"],"score":1902,"play_id":"8b610df9-3ff2-4147-98d1-3eccb20d0dfc","local_time":"20190320084308","is_ascension_mode":true,"campfire_choices":[{"data":"Wild Strike","floor":7.0,"key":"SMITH"},{"data":"True Grit","floor":13.0,"key":"SMITH"},{"data":"Spot Weakness","floor":15.0,"key":"SMITH"},{"data":"True Grit","floor":23.0,"key":"SMITH"},{"data":"Immolate","floor":27.0,"key":"SMITH"},{"floor":32.0,"key":"REST"},{"data":"Evolve","floor":40.0,"key":"SMITH"},{"data":"Heavy Blade","floor":42.0,"key":"SMITH"},{"floor":49.0,"key":"REST"}],"neow_cost":"NONE","seed_source_timestamp":8021813642454,"circlet_count":0,"master_deck":["AscendersBane","Strike_R","Strike_R","Strike_R","Defend_R","Defend_R","Defend_R","Defend_R+1","Bash+1","Iron Wave+1","Clothesline+1","Metallicize","Disarm","Wild Strike+1","Metallicize","True Grit+1","Spot Weakness+1","True Grit+1","Immolate+1","Metallicize+1","Evolve+1","Clothesline","Flame Barrier+1","Dark Embrace","Immolate","Power Through","Twin Strike+1","Heavy Blade+1","Inflame","Evolve","Spot Weakness+1"],"special_seed":0,"relics":["Burning Blood","Blood Vial","Red Skull","The Courier","Snecko Eye","Shovel","Shuriken","Pantograph","Happy Flower","Cursed Key","Mummified Hand","DollysMirror","Thread and Needle"],"potions_floor_usage":[],"damage_taken":[{"damage":1.0,"enemies":"2 Louse","floor":1.0,"turns":5.0},{"damage":0.0,"enemies":"Jaw Worm","floor":4.0,"turns":5.0},{"damage":33.0,"enemies":"Gremlin Nob","floor":6.0,"turns":5.0},{"damage":14.0,"enemies":"3 Sentries","floor":8.0,"turns":9.0},{"damage":0.0,"enemies":"Small Slimes","floor":11.0,"turns":4.0},{"damage":0.0,"enemies":"Blue Slaver","floor":12.0,"turns":5.0},{"damage":25.0,"enemies":"Slime Boss","floor":16.0,"turns":10.0},{"damage":9.0,"enemies":"3 Byrds","floor":18.0,"turns":5.0},{"damage":5.0,"enemies":"2 Thieves","floor":21.0,"turns":4.0},{"damage":11.0,"enemies":"3 Cultists","floor":22.0,"turns":5.0},{"damage":42.0,"enemies":"Slavers","floor":24.0,"turns":5.0},{"damage":0.0,"enemies":"Centurion and Healer","floor":25.0,"turns":3.0},{"damage":19.0,"enemies":"Book of Stabbing","floor":28.0,"turns":4.0},{"damage":18.0,"enemies":"Shelled Parasite and Fungi","floor":29.0,"turns":6.0},{"damage":7.0,"enemies":"Gremlin Leader","floor":30.0,"turns":4.0},{"damage":44.0,"enemies":"Automaton","floor":33.0,"turns":11.0},{"damage":1.0,"enemies":"3 Darklings","floor":35.0,"turns":3.0},{"damage":14.0,"enemies":"3 Shapes","floor":36.0,"turns":8.0},{"damage":12.0,"enemies":"Jaw Worm Horde","floor":39.0,"turns":3.0},{"damage":39.0,"enemies":"Nemesis","floor":41.0,"turns":5.0},{"damage":0.0,"enemies":"Sphere and 2 Shapes","floor":46.0,"turns":5.0},{"damage":30.0,"enemies":"Giant Head","floor":47.0,"turns":6.0},{"damage":62.0,"enemies":"Awakened One","floor":50.0,"turns":8.0},{"damage":44,"enemies":"Time Eater","floor":51,"turns":8}],"seed_played":"-789551996068753661","potions_obtained":[{"floor":6.0,"key":"LiquidBronze"},{"floor":8.0,"key":"SpeedPotion"},{"floor":11.0,"key":"Dexterity Potion"},{"floor":16.0,"key":"FearPotion"},{"floor":24.0,"key":"Ancient Potion"},{"floor":33.0,"key":"AttackPotion"},{"floor":35.0,"key":"Block Potion"},{"floor":46.0,"key":"AttackPotion"},{"floor":47.0,"key":"Regen Potion"}],"is_trial":false,"path_per_floor":["M","?","?","M","$","E","R","E","T","?","M","M","R","?","R","B",null,"M","$","?","M","M","R","E","M","T","R","E","M","E","?","R","B",null,"M","M","?","?","M","R","E","R","T","$","$","M","E","T","R","B","B",null],"character_chosen":"IRONCLAD","items_purchased":["Metallicize","Disarm","Wild Strike","Evolve","Inflame","Evolve","DollysMirror"],"campfire_rested":2,"item_purchase_floors":[5,5,5,19,44,44,44],"current_hp_per_floor":[73,50,50,56,56,29,29,23,23,23,31,39,39,39,39,22,62,61,61,61,64,61,61,27,35,35,35,24,14,15,15,37,26,63,70,64,64,64,60,60,29,29,29,29,29,37,15,15,36,22,11],"gold":56,"neow_bonus":"UPGRADE_CARD","is_prod":false,"is_daily":false,"chose_seed":true,"campfire_upgraded":7,"win_rate":0,"timestamp":1553067788,"path_taken":["M","?","?","M","$","E","R","E","T","?","M","M","R","?","R","BOSS","M","$","?","M","?","R","E","M","T","R","E","M","E","?","R","BOSS","M","M","?","?","M","R","E","R","T","?","$","M","E","?","R","BOSS","BOSS"],"build_version":"2019-01-23","purchased_purges":1,"victory":true,"max_hp_per_floor":[75,75,75,75,75,75,75,75,75,75,75,75,75,75,75,75,75,75,75,75,75,75,75,75,75,75,75,75,75,75,75,75,75,75,75,75,71,71,71,71,71,71,71,71,71,71,71,71,71,71,71],"card_choices":[{"not_picked":["Dropkick","Body Slam"],"picked":"Iron Wave","floor":1.0},{"not_picked":["Dual Wield","Perfected Strike"],"picked":"Clothesline","floor":4.0},{"not_picked":["Berserk","Flex"],"picked":"Metallicize","floor":6.0},{"not_picked":["Entrench","Iron Wave"],"picked":"True Grit","floor":8.0},{"not_picked":["Pommel Strike","Armaments"],"picked":"Spot Weakness","floor":11.0},{"not_picked":["Metallicize","Barricade"],"picked":"True Grit","floor":12.0},{"not_picked":["Fiend Fire","Dark Embrace"],"picked":"Immolate","floor":16.0},{"not_picked":["Cleave","Iron Wave"],"picked":"Metallicize+1","floor":18.0},{"not_picked":["Thunderclap","Clash","Headbutt"],"picked":"SKIP","floor":21.0},{"not_picked":["Thunderclap","Iron Wave"],"picked":"Clothesline","floor":22.0},{"not_picked":["Clothesline","Barricade","Wild Strike"],"picked":"SKIP","floor":24.0},{"not_picked":["Pummel","True Grit","Sword Boomerang+1"],"picked":"SKIP","floor":25.0},{"not_picked":["Headbutt","Body Slam","Armaments"],"picked":"SKIP","floor":28.0},{"not_picked":["Whirlwind","Reckless Charge"],"picked":"Flame Barrier+1","floor":29.0},{"not_picked":["Inflame","Second Wind"],"picked":"Dark Embrace","floor":30.0},{"not_picked":["Juggernaut","Barricade"],"picked":"Immolate","floor":33.0},{"not_picked":["Havoc+1","Perfected Strike+1","True Grit"],"picked":"SKIP","floor":35.0},{"not_picked":["Havoc","Burning Pact"],"picked":"Power Through","floor":36.0},{"not_picked":["Thunderclap+1","Whirlwind"],"picked":"Twin Strike+1","floor":39.0},{"not_picked":["Sever Soul","Havoc"],"picked":"Heavy Blade","floor":41.0},{"not_picked":["Iron Wave","Pommel Strike+1","Flex"],"picked":"SKIP","floor":46.0},{"not_picked":["Dropkick","Rupture","Whirlwind"],"picked":"SKIP","floor":47.0}],"player_experience":521567,"relics_obtained":[{"floor":6.0,"key":"Blood Vial"},{"floor":8.0,"key":"Red Skull"},{"floor":9.0,"key":"The Courier"},{"floor":24.0,"key":"Shovel"},{"floor":26.0,"key":"Shuriken"},{"floor":28.0,"key":"Pantograph"},{"floor":30.0,"key":"Happy Flower"},{"floor":41.0,"key":"Mummified Hand"},{"floor":47.0,"key":"Thread and Needle"}],"event_choices":[{"damage_healed":0.0,"max_hp_gain":0.0,"max_hp_loss":0.0,"gold_gain":0.0,"event_name":"Shining Light","player_choice":"Entered Light","floor":2.0,"gold_loss":0.0,"damage_taken":23.0,"cards_upgraded":["Iron Wave","Defend_R"]},{"damage_healed":0.0,"max_hp_gain":0.0,"max_hp_loss":0.0,"gold_gain":75.0,"event_name":"Golden Wing","player_choice":"Gained Gold","floor":3.0,"gold_loss":0.0,"damage_taken":0.0},{"damage_healed":0.0,"max_hp_gain":0.0,"max_hp_loss":0.0,"gold_gain":0.0,"event_name":"World of Goop","player_choice":"Left Gold","floor":10.0,"gold_loss":44.0,"damage_taken":0.0},{"damage_healed":0.0,"max_hp_gain":0.0,"max_hp_loss":0.0,"gold_gain":0.0,"event_name":"Living Wall","player_choice":"Grow","floor":14.0,"gold_loss":0.0,"damage_taken":0.0,"cards_upgraded":["Clothesline"]},{"damage_healed":0.0,"max_hp_gain":0.0,"max_hp_loss":0.0,"gold_gain":0.0,"event_name":"WeMeetAgain","player_choice":"Ignored","floor":20.0,"gold_loss":0.0,"damage_taken":0.0},{"damage_healed":0.0,"max_hp_gain":0.0,"max_hp_loss":0.0,"gold_gain":0.0,"event_name":"Cursed Tome","player_choice":"Ignored","floor":31.0,"gold_loss":0.0,"damage_taken":0.0},{"damage_healed":0.0,"max_hp_gain":0.0,"max_hp_loss":4.0,"gold_gain":0.0,"event_name":"Winding Halls","player_choice":"Max HP","floor":37.0,"gold_loss":0.0,"damage_taken":0.0},{"cards_removed":["Strike_R"],"damage_healed":0.0,"max_hp_gain":0.0,"max_hp_loss":0.0,"gold_gain":0.0,"event_name":"Falling","player_choice":"Removed Attack","floor":38.0,"gold_loss":0.0,"damage_taken":0.0}],"is_beta":false,"boss_relics":[{"not_picked":["Black Star","Busted Crown"],"picked":"Snecko Eye"},{"not_picked":["Coffee Dripper","Black Blood"],"picked":"Cursed Key"}],"items_purged_floors":[19],"is_endless":false,"potions_floor_spawned":[6,8,11,16,21,22,24,33,35,46,47],"ascension_level":20}