{"gold_per_floor":[112,128,143,154,104,137,156,156,232,258,277,277,277,296,296,401,401,421,344,355,355],"floor_reached":21,"playtime":1256,"items_purged":[],"score":299,"play_id":"ae2140c8-898a-4de7-877f-b9d55ed7bbea","local_time":"20180803104858","is_ascension_mode":true,"campfire_choices":[{"floor":8,"key":"REST"},{"floor":12,"key":"REST"},{"floor":15,"key":"DIG"}],"neow_cost":"NONE","seed_source_timestamp":0,"circlet_count":0,"master_deck":["Strike_B","Strike_B","Strike_B","Defend_B","Defend_B","Defend_B","Defend_B","Zap","Dualcast","AscendersBane","Amplify","Streamline","Streamline","FTL","Coolheaded","Go for the Eyes","Coolheaded","Core Surge","Streamline","Coolheaded","Buffer","Defragment+1","J.A.X."],"special_seed":0,"relics":["Cracked Core","Vajra","Bottled Flame","Shovel","Boot","Orichalcum","Cursed Key"],"potions_floor_usage":[6,7,16],"damage_taken":[{"damage":7,"enemies":"Jaw Worm","floor":1,"turns":3},{"damage":1,"enemies":"2 Louse","floor":2,"turns":3},{"damage":0,"enemies":"Small Slimes","floor":3,"turns":2},{"damage":12,"enemies":"Looter","floor":4,"turns":3},{"damage":12,"enemies":"3 Sentries","floor":6,"turns":5},{"damage":3,"enemies":"Lots of Slimes","floor":7,"turns":4},{"damage":29,"enemies":"Lagavulin","floor":10,"turns":6},{"damage":6,"enemies":"Blue Slaver","floor":11,"turns":3},{"damage":6,"enemies":"Looter","floor":14,"turns":2},{"damage":26,"enemies":"Hexaghost","floor":16,"turns":13},{"damage":6,"enemies":"Spheric Guardian","floor":18,"turns":3},{"damage":24,"enemies":"3 Byrds","floor":20,"turns":6},{"damage":31,"enemies":"Snake Plant","floor":21,"turns":2}],"seed_played":"8538205112942662725","potions_obtained":[{"floor":1,"key":"SkillPotion"},{"floor":4,"key":"Explosive Potion"},{"floor":10,"key":"FearPotion"},{"floor":11,"key":"Fire Potion"},{"floor":16,"key":"SneckoOil"},{"floor":20,"key":"EssenceOfSteel"}],"is_trial":false,"path_per_floor":["M","M","M","M","?","E","M","R","T","E","M","R","?","M","R","B",null,"M","?","M"],"character_chosen":"DEFECT","items_purchased":[],"campfire_rested":2,"item_purchase_floors":[],"current_hp_per_floor":[61,60,60,48,48,36,33,55,55,26,20,42,35,29,29,3,57,51,51,27,0],"gold":355,"neow_bonus":"ONE_RANDOM_RARE_CARD","is_prod":false,"is_daily":false,"chose_seed":false,"campfire_upgraded":0,"win_rate":0,"timestamp":1533318538,"path_taken":["M","M","M","M","?","E","M","R","T","E","M","R","?","?","R","BOSS","M","?","M","M"],"build_version":"2018-08-02","purchased_purges":0,"victory":false,"max_hp_per_floor":[75,75,75,75,75,75,75,75,75,75,75,75,75,75,75,75,75,75,75,75,75],"card_choices":[{"not_picked":["Sunder","Rebound"],"picked":"Streamline","floor":1},{"not_picked":["Defragment","Turbo"],"picked":"Streamline","floor":2},{"not_picked":["Redo","Doom and Gloom"],"picked":"FTL","floor":3},{"not_picked":["Beam Cell","Go for the Eyes"],"picked":"Coolheaded","floor":4},{"not_picked":["Leap","Gash"],"picked":"Go for the Eyes","floor":6},{"not_picked":["Chill","Gash"],"picked":"Coolheaded","floor":7},{"not_picked":["Storm","BootSequence"],"picked":"Core Surge","floor":10},{"not_picked":["Hologram","Stack"],"picked":"Streamline","floor":11},{"not_picked":["Rip and Tear","Cold Snap"],"picked":"Coolheaded","floor":14},{"not_picked":["Thunder Strike","Meteor Strike"],"picked":"Buffer","floor":16},{"not_picked":["Melter","Stack+1"],"picked":"Defragment+1","floor":18},{"not_picked":["Gash+1","Hologram","Melter+1"],"picked":"SKIP","floor":20}],"player_experience":705705,"relics_obtained":[{"floor":6,"key":"Vajra"},{"floor":9,"key":"Bottled Flame"},{"floor":10,"key":"Shovel"},{"floor":15,"key":"Orichalcum"}],"event_choices":[{"event_name":"The Cleric","player_choice":"Card Removal","floor":5,"damage_taken":0},{"event_name":"Scrap Ooze","player_choice":"success","floor":13,"damage_taken":7},{"event_name":"Drug Dealer","player_choice":"Got JAXXED","floor":19,"damage_taken":0}],"is_beta":false,"boss_relics":[{"not_picked":["Velvet Choker","Busted Crown"],"picked":"Cursed Key"}],"items_purged_floors":[],"is_endless":false,"potions_floor_spawned":[1,4,10,11,14,16,20],"killed_by":"Snake Plant","ascension_level":11}