{"gold_per_floor":[109,109,129,152,55,55,68,99,181,195,195,71,95,119,119,238,238,251,152,170,193,236,274,197,238,265,265,278,311,311,34,34,163,163,187,205,305,305,325,325,65,65,89,132,354,385,401,435,435,435],"floor_reached":51,"playtime":3456,"items_purged":["Injury","Rampage","Hemokinesis"],"score":895,"play_id":"f60610ca-f6cb-4e30-a8c9-cbd599833fe7","local_time":"20180630191511","daily_mods":["Draft"],"is_ascension_mode":false,"campfire_choices":[{"data":"Pommel Strike","floor":6,"key":"SMITH"},{"data":"Heavy Blade","floor":11,"key":"SMITH"},{"data":"Flex","floor":15,"key":"SMITH"},{"data":"Dark Embrace","floor":27,"key":"SMITH"},{"data":"Havoc","floor":32,"key":"SMITH"},{"data":"Double Tap","floor":40,"key":"SMITH"},{"data":"Flex","floor":42,"key":"SMITH"},{"data":"Flex","floor":49,"key":"SMITH"}],"neow_cost":"","seed_source_timestamp":0,"circlet_count":0,"master_deck":["Pommel Strike+1","Iron Wave","Pummel","Flex+1","Thunderclap","Disarm","Carnage","Clash","Intimidate","Seeing Red","Cleave","Clothesline","Flame Barrier","Headbutt","Inflame","Heavy Blade+1","Shrug It Off+1","Reaper","True Grit","Flex","Dark Embrace+1","Whirlwind","Flash of Steel","Ghostly Armor+1","Fiend Fire","J.A.X.","Sword Boomerang+1","Flex+1","Sever Soul","Havoc+1","Double Tap+1","Shrug It Off+1","Master of Strategy+1","Finesse","Dark Shackles","Pummel","Flex+1","True Grit","Evolve","Second Wind+1","Rage","Seeing Red"],"special_seed":17712,"relics":["Burning Blood","Golden Idol","Dead Branch","Toolbox","Sozu","Red Mask","Lantern","Blood Vial","Bag of Preparation","Ice Cream","Dodecahedron","Eternal Feather","War Paint","Mummified Hand","The Courier","Prayer Wheel"],"potions_floor_usage":[25,25,33],"damage_taken":[{"damage":0,"enemies":"Cultist","floor":1,"turns":2},{"damage":0,"enemies":"2 Louse","floor":3,"turns":1},{"damage":0,"enemies":"Jaw Worm","floor":4,"turns":1},{"damage":0,"enemies":"Lots of Slimes","floor":7,"turns":4},{"damage":9,"enemies":"3 Sentries","floor":8,"turns":4},{"damage":0,"enemies":"Red Slaver","floor":10,"turns":2},{"damage":9,"enemies":"Gremlin Gang","floor":13,"turns":3},{"damage":0,"enemies":"3 Louse","floor":14,"turns":1},{"damage":20,"enemies":"The Guardian","floor":16,"turns":6},{"damage":7,"enemies":"3 Byrds","floor":18,"turns":5},{"damage":12,"enemies":"Shell Parasite","floor":20,"turns":4},{"damage":3,"enemies":"Centurion and Healer","floor":21,"turns":4},{"damage":6,"floor":22,"turns":3},{"damage":4,"enemies":"Book of Stabbing","floor":23,"turns":4},{"damage":18,"enemies":"Gremlin Leader","floor":25,"turns":4},{"damage":3,"enemies":"Slaver and Parasite","floor":28,"turns":2},{"damage":9,"enemies":"Book of Stabbing","floor":29,"turns":4},{"damage":14,"enemies":"Collector","floor":33,"turns":6},{"damage":7,"enemies":"3 Shapes","floor":35,"turns":3},{"damage":3,"enemies":"Orb Walker","floor":36,"turns":1},{"damage":22,"enemies":"4 Shapes","floor":39,"turns":3},{"damage":0,"enemies":"2 Orb Walkers","floor":44,"turns":1},{"damage":18,"enemies":"Nemesis","floor":46,"turns":3},{"damage":5,"enemies":"Maw","floor":47,"turns":5},{"damage":8,"enemies":"2 Orb Walkers","floor":48,"turns":3},{"damage":59,"enemies":"Awakened One","floor":50,"turns":12}],"seed_played":"-1755974802296634168","potions_obtained":[{"floor":3,"key":"GamblersBrew"},{"floor":4,"key":"Weak Potion"},{"floor":8,"key":"BloodPotion"},{"floor":10,"key":"SkillPotion"},{"floor":14,"key":"Fire Potion"}],"is_trial":true,"path_per_floor":["M","?","M","M","$","R","M","E","T","M","R","$","M","M","R","B",null,"M","$","M","M","?","E","?","E","T","R","M","E","?","$","R","B",null,"M","M","?","?","M","R","$","R","T","E","?","E","M","E","R","B"],"character_chosen":"IRONCLAD","items_purchased":["Shrug It Off","True Grit","Flash of Steel","Dodecahedron","Havoc","Flex","True Grit","Evolve"],"campfire_rested":0,"item_purchase_floors":[5,12,19,31,31,41,41,41],"current_hp_per_floor":[80,80,80,80,80,80,80,77,77,80,80,80,77,80,80,66,80,79,79,73,80,80,80,80,68,68,68,77,80,80,80,80,75,80,79,80,80,70,80,80,80,80,80,80,80,68,71,71,80,45],"gold":435,"neow_bonus":"","is_prod":false,"is_daily":false,"chose_seed":false,"campfire_upgraded":8,"win_rate":0,"timestamp":1530404111,"path_taken":["M","?","M","?","$","R","M","E","T","M","R","?","M","M","R","BOSS","M","$","?","M","?","E","?","E","T","R","M","E","?","$","R","BOSS","M","M","?","?","?","R","$","R","T","E","?","E","M","E","R","BOSS"],"build_version":"2018-06-28","purchased_purges":3,"victory":true,"max_hp_per_floor":[80,80,80,80,80,80,80,80,80,80,80,80,80,80,80,80,80,80,80,80,80,80,80,80,80,80,80,80,80,80,80,80,80,80,80,80,80,80,80,80,80,80,80,80,80,80,80,80,80,80],"card_choices":[{"not_picked":["Iron Wave","Intimidate"],"picked":"Pommel Strike","floor":0},{"not_picked":["Fire Breathing","Wild Strike"],"picked":"Iron Wave","floor":0},{"not_picked":["Twin Strike","Iron Wave"],"picked":"Pummel","floor":0},{"not_picked":["Heavy Blade","Clash"],"picked":"Flex","floor":0},{"not_picked":["Cleave","Twin Strike"],"picked":"Thunderclap","floor":0},{"not_picked":["Infernal Blade","Combust"],"picked":"Disarm","floor":0},{"not_picked":["Warcry","True Grit"],"picked":"Carnage","floor":0},{"not_picked":["Evolve","Dual Wield"],"picked":"Clash","floor":0},{"not_picked":["Dropkick","Disarm"],"picked":"Intimidate","floor":0},{"not_picked":["Entrench","Perfected Strike"],"picked":"Seeing Red","floor":0},{"not_picked":["Havoc","Heavy Blade"],"picked":"Rampage","floor":0},{"not_picked":["Sever Soul","Dual Wield"],"picked":"Cleave","floor":0},{"not_picked":["Seeing Red","Perfected Strike"],"picked":"Clothesline","floor":0},{"not_picked":["Evolve","Infernal Blade"],"picked":"Flame Barrier","floor":0},{"not_picked":["Flex","Uppercut"],"picked":"Headbutt","floor":0},{"not_picked":["Cleave","Flex","Anger"],"picked":"SKIP","floor":1},{"not_picked":["Uppercut","Reckless Charge"],"picked":"Inflame","floor":3},{"not_picked":["Wild Strike","Carnage"],"picked":"Heavy Blade","floor":4},{"not_picked":["Clothesline","Uppercut"],"picked":"Hemokinesis","floor":7},{"not_picked":["Second Wind","Twin Strike"],"picked":"Reaper","floor":8},{"not_picked":["Twin Strike","Entrench","Clothesline"],"picked":"SKIP","floor":10},{"not_picked":["Clothesline","Perfected Strike"],"picked":"Flex","floor":13},{"not_picked":["Sentinel","Spot Weakness","Cleave"],"picked":"SKIP","floor":14},{"not_picked":["Berserk","Juggernaut"],"picked":"Dark Embrace","floor":16},{"not_picked":["Anger","Dual Wield"],"picked":"Whirlwind","floor":18},{"not_picked":["Dropkick+1","Twin Strike","Rampage"],"picked":"SKIP","floor":20},{"not_picked":["Perfected Strike","Warcry","Body Slam"],"picked":"SKIP","floor":21},{"not_picked":["Heavy Blade","Twin Strike"],"picked":"Ghostly Armor+1","floor":22},{"not_picked":["Havoc","Iron Wave+1"],"picked":"Fiend Fire","floor":23},{"not_picked":["Perfected Strike","Feel No Pain"],"picked":"Sword Boomerang+1","floor":25},{"not_picked":["Hemokinesis","Warcry"],"picked":"Flex","floor":28},{"not_picked":["Cleave","Battle Trance"],"picked":"Sever Soul","floor":29},{"not_picked":["Immolate","Limit Break"],"picked":"Double Tap","floor":33},{"not_picked":["Rupture","Iron Wave"],"picked":"Shrug It Off+1","floor":35},{"not_picked":["Heavy Blade","Shockwave","Perfected Strike+1"],"picked":"SKIP","floor":36},{"not_picked":["Sadistic Nature","Panache"],"picked":"Master of Strategy","floor":38},{"not_picked":["Good Instincts","Thinking Ahead"],"picked":"Finesse","floor":38},{"not_picked":["Thinking Ahead","Magnetism"],"picked":"Dark Shackles","floor":38},{"not_picked":["Hemokinesis+1","Headbutt+1"],"picked":"Pummel","floor":39},{"not_picked":["Entrench+1","Fire Breathing+1"],"picked":"Second Wind+1","floor":44},{"not_picked":["Headbutt+1","Cleave"],"picked":"Rage","floor":46},{"not_picked":["Seeing Red","Anger","True Grit+1"],"picked":"SKIP","floor":47},{"not_picked":["Anger","True Grit+1"],"picked":"Seeing Red","floor":47},{"not_picked":["Clothesline+1","Havoc","Evolve"],"picked":"SKIP","floor":48}],"player_experience":262291,"relics_obtained":[{"floor":8,"key":"Dead Branch"},{"floor":9,"key":"Toolbox"},{"floor":22,"key":"Red Mask"},{"floor":23,"key":"Lantern"},{"floor":25,"key":"Blood Vial"},{"floor":26,"key":"Bag of Preparation"},{"floor":29,"key":"Ice Cream"},{"floor":43,"key":"War Paint"},{"floor":44,"key":"Mummified Hand"},{"floor":46,"key":"The Courier"},{"floor":48,"key":"Prayer Wheel"}],"event_choices":[{"event_name":"Golden Idol","player_choice":"Take Wound","floor":2,"damage_taken":0},{"event_name":"Masked Bandits","player_choice":"Fought over 193 gold","floor":22,"damage_taken":0},{"event_name":"Drug Dealer","player_choice":"Got JAXXED","floor":24,"damage_taken":0},{"event_name":"Accursed Blacksmith","player_choice":"Ignore","floor":30,"damage_taken":0},{"event_name":"Golden Shrine","player_choice":"Pray","floor":37,"damage_taken":0},{"event_name":"SensoryStone","player_choice":"Memory 3","floor":38,"damage_taken":0},{"event_name":"Tomb of Lord Red Mask","player_choice":"Wore Mask","floor":45,"damage_taken":0}],"boss_relics":[{"not_picked":["Philosopher\u0027s Stone","Calling Bell"],"picked":"Sozu"},{"not_picked":["Velvet Choker","Runic Pyramid"],"picked":"Eternal Feather"}],"items_purged_floors":[5,12,41],"is_endless":false,"potions_floor_spawned":[3,4,8,10,14,18,20,22,28,35,46],"ascension_level":0}