{"gold_per_floor":[116,134,1,1,13,13,30,30,30,41,73,73,73,104,104,202,202,213,213,232,35,35,63,63,89,114,129,149,168,267,279,279,279],"floor_reached":33,"playtime":2597,"items_purged":[],"score":471,"play_id":"8190f8dc-0c8d-4f17-be70-33c36f44872c","local_time":"20190305212626","is_ascension_mode":true,"campfire_choices":[{"data":"Blade Dance","floor":6.0,"key":"SMITH"},{"data":"Glass Knife","floor":8.0,"key":"SMITH"},{"floor":12.0,"key":"REST"},{"floor":15.0,"key":"REST"},{"floor":24.0,"key":"REST"},{"data":"Cloak And Dagger","floor":32,"key":"SMITH"}],"neow_cost":"NONE","seed_source_timestamp":0,"circlet_count":0,"master_deck":["AscendersBane","Defend_G","Defend_G","Defend_G","Defend_G+1","Defend_G+1","Survivor","Neutralize","Infinite Blades","Blade Dance+1","Infinite Blades","Poisoned Stab+1","Glass Knife+1","Well Laid Plans","All Out Attack","Dash","Adrenaline","Skewer","Bite","Bite","Bite+1","Bite","Bite","Blur","Accuracy","Calculated Gamble","Adrenaline","Crippling Poison+1","Cloak And Dagger+1","Backflip","Cloak And Dagger"],"special_seed":0,"relics":["Ring of the Snake","Question Card","Tingsha","Bag of Marbles","Busted Crown","Boot","Orichalcum","Whetstone"],"potions_floor_usage":[33],"damage_taken":[{"damage":1.0,"enemies":"Small Slimes","floor":1.0,"turns":5.0},{"damage":1.0,"enemies":"2 Louse","floor":2.0,"turns":3.0},{"damage":0.0,"enemies":"Cultist","floor":5.0,"turns":4.0},{"damage":32.0,"enemies":"Gremlin Gang","floor":7.0,"turns":6.0},{"damage":7.0,"enemies":"Large Slime","floor":10.0,"turns":5.0},{"damage":22.0,"enemies":"Gremlin Nob","floor":11.0,"turns":5.0},{"damage":11.0,"enemies":"Lagavulin","floor":14.0,"turns":6.0},{"damage":16.0,"enemies":"Hexaghost","floor":16.0,"turns":9.0},{"damage":2.0,"enemies":"Chosen","floor":18.0,"turns":3.0},{"damage":6.0,"enemies":"3 Byrds","floor":20.0,"turns":4.0},{"damage":47.0,"enemies":"Book of Stabbing","floor":23.0,"turns":5.0},{"damage":24.0,"enemies":"Slavers","floor":25.0,"turns":5.0},{"damage":19.0,"enemies":"Snake Plant","floor":27.0,"turns":4.0},{"damage":0.0,"enemies":"Centurion and Healer","floor":28.0,"turns":9.0},{"damage":0,"enemies":"3 Cultists","floor":29,"turns":4},{"damage":0,"enemies":"Snecko","floor":31,"turns":4},{"damage":62,"enemies":"Collector","floor":33,"turns":5}],"seed_played":"418640710432189701","potions_obtained":[{"floor":1.0,"key":"Ancient Potion"},{"floor":7.0,"key":"Energy Potion"},{"floor":11.0,"key":"Strength Potion"},{"floor":16.0,"key":"Regen Potion"},{"floor":20.0,"key":"FearPotion"},{"floor":25.0,"key":"GhostInAJar"},{"floor":29,"key":"Energy Potion"}],"is_trial":false,"path_per_floor":["M","M","$","?","M","R","M","R","T","M","E","R","?","E","R","B",null,"M","?","M","$","?","E","R","E","T","M","M","M","?","M","R","B"],"character_chosen":"THE_SILENT","items_purchased":["EntropicBrew","Infinite Blades","Accuracy","Calculated Gamble","Dexterity Potion"],"campfire_rested":3,"item_purchase_floors":[3,3,21,21,21],"current_hp_per_floor":[69,68,68,68,68,68,36,36,36,29,7,30,15,4,27,11,61,59,53,53,53,53,10,25,29,29,21,42,53,53,53,53,0],"gold":279,"neow_bonus":"TEN_PERCENT_HP_BONUS","is_prod":false,"is_daily":false,"chose_seed":false,"campfire_upgraded":3,"win_rate":0,"timestamp":1551842786,"path_taken":["M","M","$","?","M","R","M","R","T","M","E","R","?","E","R","BOSS","M","?","M","$","?","E","R","E","T","?","M","?","?","M","R","BOSS"],"build_version":"2019-01-23","purchased_purges":0,"victory":false,"max_hp_per_floor":[77,77,77,77,77,77,77,77,77,77,77,77,77,77,77,77,77,77,53,53,53,53,53,53,53,53,53,53,53,53,53,53,53],"card_choices":[{"not_picked":["Blade Dance","Finisher"],"picked":"Infinite Blades","floor":1.0},{"not_picked":["Flying Knee","Slice"],"picked":"Blade Dance","floor":2.0},{"not_picked":["Slice","Sucker Punch"],"picked":"Poisoned Stab","floor":5.0},{"not_picked":["Deflect","Choke"],"picked":"Glass Knife","floor":7.0},{"not_picked":["Underhanded Strike","Sucker Punch","Infinite Blades"],"picked":"Well Laid Plans","floor":10.0},{"not_picked":["Phantasmal Killer","Expertise","Flechettes"],"picked":"All Out Attack","floor":11.0},{"not_picked":["Prepared","Sucker Punch","Crippling Poison"],"picked":"Dash","floor":14.0},{"not_picked":["Unload","Phantasmal Killer","Bullet Time"],"picked":"Adrenaline","floor":16.0},{"not_picked":["Backflip"],"picked":"Skewer","floor":18.0},{"not_picked":["Bane"],"picked":"Blur","floor":20.0},{"not_picked":["Burst"],"picked":"Crippling Poison+1","floor":23.0},{"not_picked":["Dash"],"picked":"Cloak And Dagger","floor":25.0},{"not_picked":["Flying Knee","Caltrops"],"picked":"SKIP","floor":27.0},{"not_picked":["Dash"],"picked":"Backflip","floor":28},{"not_picked":["Poisoned Stab+1"],"picked":"Cloak And Dagger","floor":29},{"not_picked":["Underhanded Strike","Blur"],"picked":"SKIP","floor":31}],"player_experience":613456,"relics_obtained":[{"floor":9.0,"key":"Question Card"},{"floor":11.0,"key":"Tingsha"},{"floor":14.0,"key":"Bag of Marbles"},{"floor":23.0,"key":"Boot"},{"floor":25.0,"key":"Orichalcum"},{"floor":26.0,"key":"Whetstone"}],"event_choices":[{"damage_healed":0.0,"max_hp_gain":0.0,"max_hp_loss":0.0,"gold_gain":0.0,"event_name":"The Cleric","player_choice":"Leave","floor":4.0,"gold_loss":0.0,"damage_taken":0.0},{"damage_healed":0.0,"max_hp_gain":0.0,"max_hp_loss":0.0,"gold_gain":0.0,"event_name":"Shining Light","player_choice":"Entered Light","floor":13.0,"gold_loss":0.0,"damage_taken":15.0,"cards_upgraded":["Defend_G","Defend_G"]},{"damage_healed":0.0,"max_hp_gain":0.0,"max_hp_loss":24.0,"gold_gain":0.0,"event_name":"Vampires","player_choice":"Became a vampire","floor":19.0,"gold_loss":0.0,"damage_taken":0.0,"cards_obtained":["Bite","Bite","Bite","Bite","Bite"]},{"damage_healed":0.0,"max_hp_gain":0.0,"max_hp_loss":0.0,"gold_gain":0.0,"event_name":"Duplicator","player_choice":"Copied","floor":22.0,"gold_loss":0.0,"damage_taken":0.0,"cards_obtained":["Adrenaline"]},{"damage_healed":0,"gold_gain":99,"player_choice":"Stole From Cult","damage_taken":0,"max_hp_gain":0,"max_hp_loss":0,"event_name":"Nest","floor":30,"gold_loss":0}],"is_beta":false,"boss_relics":[{"not_picked":["White Beast Statue","Ring of the Serpent"],"picked":"Busted Crown"}],"items_purged_floors":[],"is_endless":false,"potions_floor_spawned":[1,7,11,16,20,25,29],"killed_by":"Collector","ascension_level":10}