{"gold_per_floor":[116,134,152,152,168,168,202,214,237,237,256,1,17,28,28,130,130,140,65,82,100,100,133,133,133,183,98,114,114,137,137],"floor_reached":31,"playtime":2139,"items_purged":["Strike_B"],"score":272,"play_id":"7682e798-a1e5-45ca-972d-2e40ace57974","local_time":"20180711192515","is_ascension_mode":true,"campfire_choices":[{"data":"Genetic Algorithm","floor":6,"key":"SMITH"},{"data":"Static Discharge","floor":10,"key":"SMITH"},{"floor":15,"key":"REST"},{"floor":24,"key":"REST"}],"neow_cost":"NONE","seed_source_timestamp":409602119143,"circlet_count":0,"master_deck":["Strike_B","Strike_B","Strike_B","Defend_B","Defend_B","Defend_B","Defend_B","Zap","Dualcast","Beam Cell","Cold Snap+1","Streamline","Redo","Genetic Algorithm+1","Sweeping Beam+1","Static Discharge+1","Chaos","Doom and Gloom","Go for the Eyes","Creative AI","Redo"],"relics":["Cracked Core","CultistMask","Anchor","Matryoshka","Busted Crown","Happy Flower","Nloth\u0027s Gift","The Courier","Art of War","Ice Cream","Potion Belt","Whetstone"],"potions_floor_usage":[8,11,20,23,31],"damage_taken":[{"damage":1,"enemies":"Jaw Worm","floor":1,"turns":3},{"damage":1,"enemies":"Cultist","floor":2,"turns":3},{"damage":0,"enemies":"Small Slimes","floor":3,"turns":3},{"damage":15,"enemies":"3 Louse","floor":5,"turns":4},{"damage":31,"enemies":"Gremlin Nob","floor":7,"turns":4},{"damage":0,"enemies":"2 Fungi Beasts","floor":8,"turns":2},{"damage":4,"enemies":"Gremlin Gang","floor":11,"turns":3},{"damage":9,"enemies":"Lots of Slimes","floor":13,"turns":3},{"damage":0,"enemies":"Looter","floor":14,"turns":2},{"damage":21,"enemies":"Hexaghost","floor":16,"turns":6},{"damage":11,"enemies":"Chosen","floor":18,"turns":5},{"damage":18,"enemies":"2 Thieves","floor":20,"turns":3},{"damage":23,"enemies":"Slaver and Parasite","floor":21,"turns":5},{"damage":22,"enemies":"Slavers","floor":23,"turns":4},{"damage":36,"enemies":"3 Cultists","floor":28,"turns":5},{"damage":9,"enemies":"Chosen and Byrds","floor":31,"turns":4}],"seed_played":"-7500280778237512207","potions_obtained":[{"floor":1,"key":"LiquidBronze"},{"floor":3,"key":"Explosive Potion"},{"floor":7,"key":"Explosive Potion"},{"floor":11,"key":"AttackPotion"},{"floor":18,"key":"Regen Potion"},{"floor":20,"key":"Regen Potion"},{"floor":28,"key":"SteroidPotion"}],"is_trial":false,"path_per_floor":["M","M","M","?","M","R","E","M","T","R","M","$","M","M","R","B",null,"M","$","M","M","?","E","R","?","T","?","M","?","T"],"character_chosen":"DEFECT","items_purchased":["Matryoshka"],"campfire_rested":2,"item_purchase_floors":[12],"current_hp_per_floor":[74,73,73,73,58,58,27,27,27,27,23,23,14,14,36,15,75,64,64,55,32,32,22,44,44,44,44,8,8,8,0],"gold":137,"neow_bonus":"THREE_CARDS","is_prod":false,"is_daily":false,"chose_seed":false,"campfire_upgraded":2,"win_rate":0.0,"timestamp":1531362315,"path_taken":["M","M","M","?","M","R","E","M","T","R","M","$","M","?","R","BOSS","M","$","M","M","?","E","R","?","T","?","?","?","?","M"],"build_version":"2018-07-05","purchased_purges":1,"victory":false,"max_hp_per_floor":[75,75,75,75,75,75,75,75,75,75,75,75,75,75,75,75,75,75,75,75,75,75,75,75,75,75,75,75,75,75,75],"card_choices":[{"not_picked":["Barrage","Skim"],"picked":"Beam Cell","floor":0},{"not_picked":["FTL","Skim"],"picked":"Cold Snap","floor":1},{"not_picked":["Self Repair","Go for the Eyes"],"picked":"Streamline","floor":2},{"not_picked":["Tempest","Consume"],"picked":"Redo","floor":3},{"not_picked":["Streamline","Hologram"],"picked":"Genetic Algorithm","floor":5},{"not_picked":["Steam Power","Consume"],"picked":"Sweeping Beam","floor":7},{"not_picked":["Steam Power","Amplify"],"picked":"Static Discharge","floor":8},{"not_picked":["Reprogram","Sweeping Beam"],"picked":"Chaos","floor":11},{"not_picked":["Rip and Tear","Barrage"],"picked":"Doom and Gloom","floor":13},{"not_picked":["Steam Power","Doom and Gloom"],"picked":"Go for the Eyes","floor":14},{"not_picked":["Seek","All For One"],"picked":"Creative AI","floor":16},{"not_picked":["Barrage"],"picked":"SKIP","floor":18},{"not_picked":["Blizzard"],"picked":"SKIP","floor":20},{"not_picked":["Steam"],"picked":"SKIP","floor":21},{"not_picked":["Compile Driver"],"picked":"SKIP","floor":23},{"not_picked":[],"picked":"Redo","floor":24},{"not_picked":["Streamline"],"picked":"SKIP","floor":28}],"player_experience":563600,"relics_obtained":[{"floor":7,"key":"Dream Catcher"},{"floor":9,"key":"Anchor"},{"floor":23,"key":"Happy Flower"},{"floor":26,"key":"The Courier"},{"floor":26,"key":"Art of War"},{"floor":30,"key":"Potion Belt"},{"floor":30,"key":"Whetstone"}],"event_choices":[{"event_name":"FaceTrader","player_choice":"Trade","floor":4,"damage_taken":0},{"event_name":"Drug Dealer","player_choice":"Ignored","floor":22,"damage_taken":0},{"event_name":"N\u0027loth","player_choice":"Traded a Dream Catcher","floor":25,"damage_taken":0},{"event_name":"Addict","player_choice":"Obtained Relic","floor":27,"damage_taken":0},{"event_name":"Vampires","player_choice":"Ignored","floor":29,"damage_taken":0}],"boss_relics":[{"not_picked":["Calling Bell","Pandora\u0027s Box"],"picked":"Busted Crown"}],"items_purged_floors":[19],"is_endless":false,"potions_floor_spawned":[1,3,7,11,18,20,28],"killed_by":"Chosen and Byrds","ascension_level":1}