{"path_per_floor":["M","M","?","M","?","E","R","M","T","?","$","?","M","M","R","B",null,"M","?","?","M","M","R","M","$","T","M","R","?","?","E","R","B",null,"M","?","T","M","?","R","M","R","T","R","?","$","?","?","R","B"],"character_chosen":"THE_SILENT","items_purchased":["Prepared","Footwork","Quick Slash","Mummified Hand","Ginger"],"gold_per_floor":[119,135,197,214,214,248,248,264,564,564,141,141,157,170,170,275,275,288,288,288,298,318,318,330,23,23,33,33,33,33,65,65,170,170,180,180,180,193,0,0,14,14,39,39,39,39,39,39,39,39],"floor_reached":51,"campfire_rested":0,"playtime":3913,"current_hp_per_floor":[70,68,68,68,68,68,68,63,63,68,68,68,67,67,67,67,70,70,70,70,70,69,69,68,68,82,79,79,79,79,73,73,74,91,85,85,85,35,35,35,21,21,21,21,21,21,21,80,80,21],"items_purged":[],"gold":39,"score":588,"play_id":"7a04a78c-dce1-4f9d-89b7-745bb3bad53f","is_prod":false,"is_daily":false,"is_ascension_mode":false,"campfire_upgraded":6,"path_taken":["M","M","?","M","?","E","R","M","T","?","$","?","?","M","R","BOSS","M","?","?","?","M","R","M","$","T","M","R","?","?","E","R","BOSS","M","?","?","?","?","R","M","R","T","R","?","$","?","?","R","BOSS"],"build_version":"2018-02-22-PROD2","purchased_purges":0,"victory":true,"master_deck":["Survivor","Neutralize","Leg Sweep","Backflip","Dash","Cloak And Dagger","Underhanded Strike","Dagger Throw","Acrobatics","Outmaneuver+1","PiercingWail","Eviscerate+1","Dagger Spray","Outmaneuver+1","Wraith Form+1","Glass Knife","Acrobatics","Prepared+1","Footwork","Quick Slash","Deflect","Escape Plan","Adrenaline","Crippling Poison+1","Madness","Writhe","Escape Plan+1","Prepared","Eviscerate+1","Well Laid Plans","Prepared+1","Blur+1","Unload","Dagger Throw+1","Dagger Throw","Dodge and Roll+1","Die Die Die","Caltrops","Flying Knee+1","After Image+1","Doubt"],"max_hp_per_floor":[70,70,70,70,70,70,70,70,70,70,70,70,70,70,70,70,70,70,70,70,70,70,70,70,70,84,84,84,84,84,91,91,91,91,91,91,91,91,91,91,91,91,91,91,91,91,91,80,80,80],"relics":["Pandora\u0027s Box","Mercury Hourglass","Old Coin","Mummified Hand","Cursed Key","Omamori","Ginger","Mango","Strawberry","Orrery","Girya","Red Mask","Juzu Bracelet","Ancient Tea Set"],"card_choices":[{"not_picked":["Bane","Predator"],"picked":"Eviscerate"},{"not_picked":["Flying Knee","Deadly Poison"],"picked":"Dagger Spray"},{"not_picked":["Acrobatics","Leg Sweep"],"picked":"Glass Knife"},{"not_picked":["Endless Agony","Backflip"],"picked":"Acrobatics"},{"not_picked":["Dodge and Roll","PiercingWail"],"picked":"Deflect"},{"not_picked":["Slice","Quick Slash"],"picked":"Escape Plan"},{"not_picked":["Storm of Steel","Glass Knife"],"picked":"Adrenaline"},{"not_picked":["Quick Slash","Riddle With Holes"],"picked":"Crippling Poison"},{"not_picked":["Predator","Bouncing Flask"],"picked":"Escape Plan"},{"not_picked":["Infinite Blades","Cloak And Dagger"],"picked":"Prepared"},{"not_picked":["Calculated Gamble","Dagger Spray"],"picked":"Eviscerate"},{"not_picked":["Distraction","Cloak And Dagger"],"picked":"Well Laid Plans"},{"not_picked":["Dodge and Roll","Glass Knife"],"picked":"Blur"},{"not_picked":["Storm of Steel","Night Terror"],"picked":"Unload"},{"not_picked":["Deadly Poison","Endless Agony"],"picked":"Dagger Throw"},{"not_picked":["Dodge and Roll","Blur"],"picked":"Dagger Throw"},{"not_picked":["Well Laid Plans","Dagger Throw"],"picked":"Dodge and Roll"},{"not_picked":["Bane","Underhanded Strike"],"picked":"Die Die Die"},{"not_picked":["Poisoned Stab","Deadly Poison"],"picked":"Caltrops"},{"not_picked":["Dash","Quick Slash"],"picked":"Flying Knee"},{"not_picked":["PiercingWail","Prepared"],"picked":"After Image"}],"player_experience":100997,"potions_floor_usage":[16,24,27,31,33,33],"damage_taken":[{"damage":0,"enemies":"Cultist","floor":1,"turns":3},{"damage":2,"enemies":"Jaw Worm","floor":2,"turns":3},{"damage":0,"enemies":"Small Slimes","floor":4,"turns":2},{"damage":0,"enemies":"Lagavulin","floor":6,"turns":7},{"damage":5,"enemies":"Red Slaver","floor":8,"turns":2},{"damage":1,"enemies":"2 Fungi Beasts","floor":13,"turns":2},{"damage":0,"enemies":"Looter","floor":14,"turns":2},{"damage":0,"enemies":"Slime Boss","floor":16,"turns":6},{"damage":0,"enemies":"3 Byrds","floor":18,"turns":3},{"damage":0,"enemies":"Chosen","floor":21,"turns":4},{"damage":1,"enemies":"Snecko","floor":22,"turns":4},{"damage":1,"enemies":"3 Cultists","floor":24,"turns":4},{"damage":3,"enemies":"Sentry and Sphere","floor":27,"turns":4},{"damage":22,"enemies":"Slavers","floor":31,"turns":4},{"damage":17,"enemies":"Collector","floor":33,"turns":8},{"damage":6,"enemies":"3 Darklings","floor":35,"turns":5},{"damage":50,"enemies":"3 Shapes","floor":38,"turns":3},{"damage":14,"enemies":"Sphere and 2 Shapes","floor":41,"turns":4},{"damage":59,"enemies":"Time Eater","floor":50,"turns":11}],"event_choices":[{"event_name":"Golden Wing","player_choice":"Gained Gold","floor":3,"damage_taken":0},{"event_name":"Match and Keep!","player_choice":"2 cards matched","floor":5,"damage_taken":0},{"event_name":"Match and Keep!","player_choice":"2 cards matched","floor":5,"damage_taken":0},{"event_name":"Match and Keep!","player_choice":"2 cards matched","floor":5,"damage_taken":0},{"event_name":"Bonfire Elementals","player_choice":"COMMON","floor":10,"damage_taken":0},{"event_name":"Living Wall","player_choice":"Grow","floor":12,"damage_taken":0},{"event_name":"Match and Keep!","player_choice":"2 cards matched","floor":19,"damage_taken":0},{"event_name":"Match and Keep!","player_choice":"2 cards matched","floor":19,"damage_taken":0},{"event_name":"The Mausoleum","player_choice":"Yes","floor":20,"damage_taken":0},{"event_name":"Drug Dealer","player_choice":"Ignored","floor":29,"damage_taken":0},{"event_name":"Duplicator","player_choice":"One dupe","floor":30,"damage_taken":0},{"event_name":"Tomb of Lord Red Mask","player_choice":"Paid","floor":39,"damage_taken":0},{"event_name":"Wheel of Change","player_choice":"Relic","floor":45,"damage_taken":0},{"event_name":"Mysterious Sphere","player_choice":"Ignore","floor":47,"damage_taken":0},{"event_name":"The Moai Head","player_choice":"Heal","floor":48,"damage_taken":0}],"boss_relics":[{"not_picked":["Runic Dome","Velvet Choker"],"picked":"Cursed Key"},{"not_picked":["Runic Pyramid","Snecko Eye"],"picked":"Orrery"}],"potions_floor_spawned":[8,13,16,18,24,31,41],"seed_played":"-3639197993639319952","ascension_level":0,"is_trial":false}