{"gold_per_floor":[111,111,41,41,52,77,77,109,109,164,164,164,177,189,189,288,288,298,312,237,251,29,29,62,62,86,117,117,133,143,143],"floor_reached":31,"playtime":1624,"items_purged":[],"score":606,"play_id":"8cec3722-469d-4281-b2fc-c33bd8f13318","local_time":"20190204173956","is_ascension_mode":true,"campfire_choices":[{"data":"Streamline","floor":7.0,"key":"SMITH"},{"data":"Darkness","floor":11.0,"key":"SMITH"},{"data":"Loop","floor":15.0,"key":"SMITH"},{"data":"Loop","floor":23.0,"key":"SMITH"},{"data":"Multi-Cast","floor":25,"key":"SMITH"}],"neow_cost":"NONE","seed_source_timestamp":284983721392541,"circlet_count":0,"master_deck":["Strike_B","Strike_B","Strike_B","Defend_B+1","Defend_B","Defend_B","Defend_B","Zap+1","Dualcast+1","Cold Snap","FTL","Streamline+1","Chill","Darkness+1","Multi-Cast+1","Coolheaded","Loop+1","Machine Learning","Redo","Conserve Battery+1","Doom and Gloom","Loop+1","Electrodynamics","Hologram+1","Hologram"],"special_seed":0,"relics":["Cracked Core","NeowsBlessing","FossilizedHelix","War Paint","Gremlin Horn","Singing Bowl","Tiny Chest","Sozu","Orichalcum","Ancient Tea Set","Centennial Puzzle","Anchor"],"potions_floor_usage":[],"damage_taken":[{"damage":0.0,"enemies":"2 Louse","floor":1.0,"turns":1.0},{"damage":0.0,"enemies":"Cultist","floor":5.0,"turns":1.0},{"damage":0.0,"enemies":"Lagavulin","floor":6.0,"turns":1.0},{"damage":0.0,"enemies":"3 Sentries","floor":8.0,"turns":5.0},{"damage":7.0,"enemies":"Lagavulin","floor":10.0,"turns":5.0},{"damage":0.0,"enemies":"Jaw Worm","floor":13.0,"turns":1.0},{"damage":0.0,"enemies":"Blue Slaver","floor":14.0,"turns":2.0},{"damage":0.0,"enemies":"The Guardian","floor":16.0,"turns":10.0},{"damage":0.0,"enemies":"Spheric Guardian","floor":18.0,"turns":3.0},{"damage":19.0,"enemies":"2 Thieves","floor":19.0,"turns":4.0},{"damage":9.0,"enemies":"Centurion and Healer","floor":21.0,"turns":5.0},{"damage":21,"enemies":"Slavers","floor":24,"turns":5},{"damage":0,"enemies":"Gremlin Leader","floor":27,"turns":4},{"damage":6,"enemies":"Snecko","floor":29,"turns":5},{"damage":6,"enemies":"Chosen and Byrds","floor":30,"turns":3}],"seed_played":"-7797123014231282182","potions_obtained":[{"floor":5.0,"key":"SkillPotion"},{"floor":6.0,"key":"Explosive Potion"}],"is_trial":false,"path_per_floor":["M","?","$","?","M","E","R","E","T","E","R","?","M","M","R","B",null,"M","M","?","M","$","R","E","R","T","E","?","M","M","?"],"character_chosen":"DEFECT","items_purchased":["FTL","Loop","Orichalcum"],"campfire_rested":0,"item_purchase_floors":[3,22,22],"current_hp_per_floor":[68,68,68,43,43,43,43,43,43,36,36,36,36,36,36,36,65,65,46,46,37,37,37,16,16,16,16,16,12,6,0],"gold":143,"neow_bonus":"THREE_ENEMY_KILL","is_prod":false,"is_daily":false,"chose_seed":false,"campfire_upgraded":5,"win_rate":0,"timestamp":1549298396,"path_taken":["M","?","?","?","?","E","R","E","T","E","R","?","M","M","R","BOSS","M","M","?","M","$","R","E","R","T","E","?","M","?","?"],"build_version":"2019-01-23","purchased_purges":0,"victory":false,"max_hp_per_floor":[75,75,75,75,75,75,75,75,75,75,75,75,75,75,75,75,75,75,75,75,75,75,75,75,75,75,75,75,77,77,77],"card_choices":[{"not_picked":["Barrage","Redo"],"picked":"Cold Snap","floor":1.0},{"not_picked":["Rebound","Turbo"],"picked":"Streamline","floor":5.0},{"not_picked":["Steam Power","Steam"],"picked":"Chill","floor":6.0},{"not_picked":["Scrape","Sweeping Beam"],"picked":"Darkness","floor":8.0},{"not_picked":["Compile Driver","Leap"],"picked":"Multi-Cast","floor":10.0},{"not_picked":["Streamline","Beam Cell"],"picked":"Coolheaded","floor":13.0},{"not_picked":["Rebound","Compile Driver"],"picked":"Loop","floor":14.0},{"not_picked":["Hyperbeam","Reboot"],"picked":"Machine Learning","floor":16.0},{"not_picked":["Coolheaded","Streamline+1"],"picked":"Redo","floor":18.0},{"not_picked":["Leap","Rebound+1"],"picked":"Conserve Battery+1","floor":19.0},{"not_picked":["Steam Power","Gash+1"],"picked":"Doom and Gloom","floor":21.0},{"not_picked":["Ball Lightning","Go for the Eyes"],"picked":"Electrodynamics","floor":24},{"not_picked":["Ball Lightning","Electrodynamics"],"picked":"Hologram+1","floor":27},{"not_picked":["Compile Driver+1","Conserve Battery","Gash"],"picked":"Singing Bowl","floor":29},{"not_picked":["Coolheaded+1","Scrape+1"],"picked":"Hologram","floor":30}],"player_experience":293974,"relics_obtained":[{"floor":6.0,"key":"War Paint"},{"floor":8.0,"key":"Gremlin Horn"},{"floor":9.0,"key":"Singing Bowl"},{"floor":10.0,"key":"Tiny Chest"},{"floor":24,"key":"Ancient Tea Set"},{"floor":26,"key":"Centennial Puzzle"},{"floor":27,"key":"Anchor"}],"event_choices":[{"damage_healed":0.0,"max_hp_gain":0.0,"max_hp_loss":0.0,"gold_gain":0.0,"event_name":"Upgrade Shrine","player_choice":"Upgraded","floor":2.0,"gold_loss":0.0,"damage_taken":0.0,"cards_upgraded":["Zap"]},{"damage_healed":0.0,"max_hp_gain":0.0,"max_hp_loss":0.0,"gold_gain":0.0,"event_name":"Scrap Ooze","player_choice":"Success","floor":4.0,"gold_loss":0.0,"damage_taken":25.0,"relics_obtained":["FossilizedHelix"]},{"damage_healed":0.0,"max_hp_gain":0.0,"max_hp_loss":0.0,"gold_gain":0.0,"event_name":"Liars Game","player_choice":"Ignored","floor":12.0,"gold_loss":0.0,"damage_taken":0.0},{"cards_removed":["Strike_B"],"damage_healed":0.0,"max_hp_gain":0.0,"max_hp_loss":0.0,"gold_gain":0.0,"event_name":"Beggar","player_choice":"Gave Gold","floor":20.0,"gold_loss":75.0,"damage_taken":0.0},{"damage_healed":0,"gold_gain":0,"player_choice":"Ignored","damage_taken":0,"max_hp_gain":0,"max_hp_loss":0,"event_name":"N\u0027loth","floor":28,"gold_loss":0}],"is_beta":false,"boss_relics":[{"not_picked":["Pandora\u0027s Box","Black Star"],"picked":"Sozu"}],"items_purged_floors":[],"is_endless":false,"potions_floor_spawned":[5,6,19,21,27,30],"ascension_level":9}