{"gold_per_floor":[114,131,131,306,7,7,7,43,69,110,110,123,123,136,136,266,266,286,286,336,357,382,382,418,79,105,139,139,174,174,197,197,197],"floor_reached":33,"playtime":1490,"items_purged":["Doubt","Strike_R"],"score":549,"play_id":"911281fa-322c-40ca-873a-9b2c7b7c424c","local_time":"20190130105532","is_ascension_mode":true,"campfire_choices":[{"data":"Armaments","floor":6.0,"key":"SMITH"},{"data":"Inflame","floor":11.0,"key":"SMITH"},{"data":"Whirlwind","floor":13.0,"key":"SMITH"},{"floor":15.0,"key":"REST"},{"data":"Shrug It Off","floor":23.0,"key":"SMITH"},{"data":"Uppercut","floor":28.0,"key":"SMITH"},{"data":"Flame Barrier","floor":30.0,"key":"SMITH"},{"data":"Flex","floor":32,"key":"SMITH"}],"neow_cost":"NONE","seed_source_timestamp":435713589904861,"circlet_count":0,"master_deck":["AscendersBane","Strike_R","Strike_R+1","Strike_R+1","Strike_R","Defend_R","Defend_R","Defend_R+1","Defend_R","Bash","Limit Break+1","Whirlwind+1","Armaments+1","Inflame+1","Clothesline","Shrug It Off+1","Twin Strike","Inflame","Sword Boomerang","Battle Trance","True Grit+1","Flex+1","Flame Barrier+1","Inflame","Uppercut+1","Disarm"],"special_seed":0,"relics":["Burning Blood","Golden Idol","Boot","War Paint","Whetstone","Bag of Marbles","Runic Dome","Ornamental Fan","Bag of Preparation","Red Mask","Ice Cream"],"potions_floor_usage":[31],"damage_taken":[{"damage":7.0,"enemies":"Small Slimes","floor":1.0,"turns":5.0},{"damage":8.0,"enemies":"Jaw Worm","floor":2.0,"turns":4.0},{"damage":28.0,"enemies":"Gremlin Nob","floor":8.0,"turns":5.0},{"damage":25.0,"enemies":"Lagavulin","floor":10.0,"turns":8.0},{"damage":0.0,"enemies":"Cultist","floor":12.0,"turns":3.0},{"damage":6.0,"enemies":"Exordium Thugs","floor":14.0,"turns":4.0},{"damage":0.0,"enemies":"Slime Boss","floor":16.0,"turns":7.0},{"damage":15.0,"enemies":"2 Thieves","floor":18.0,"turns":3.0},{"damage":18.0,"enemies":"Shell Parasite","floor":21.0,"turns":4.0},{"damage":1.0,"enemies":"Centurion and Healer","floor":22.0,"turns":5.0},{"damage":23.0,"enemies":"Gremlin Leader","floor":24.0,"turns":6.0},{"damage":15.0,"enemies":"Masked Bandits","floor":27.0,"turns":4.0},{"damage":0.0,"enemies":"Slavers","floor":29.0,"turns":1.0},{"damage":0,"enemies":"Snake Plant","floor":31,"turns":2},{"damage":44,"enemies":"Collector","floor":33,"turns":5}],"seed_played":"8837257064675843156","potions_obtained":[{"floor":1.0,"key":"AttackPotion"},{"floor":2.0,"key":"Energy Potion"},{"floor":14.0,"key":"Fire Potion"},{"floor":16.0,"key":"SkillPotion"},{"floor":21.0,"key":"SteroidPotion"},{"floor":24.0,"key":"SteroidPotion"},{"floor":27.0,"key":"GamblersBrew"}],"is_trial":false,"path_per_floor":["M","M","?","?","$","R","?","E","T","E","R","M","R","M","R","B",null,"M","?","?","M","M","R","E","$","T","?","R","E","R","M","R","B"],"character_chosen":"IRONCLAD","items_purchased":["Inflame","Boot","Flame Barrier","Inflame","Explosive Potion","Uppercut"],"campfire_rested":1,"item_purchase_floors":[5,5,25,25,25,25],"current_hp_per_floor":[71,69,69,69,69,69,69,47,47,28,28,34,34,34,56,62,71,62,62,62,50,55,55,38,38,38,29,29,35,35,41,41,0],"gold":197,"neow_bonus":"ONE_RANDOM_RARE_CARD","is_prod":false,"is_daily":false,"chose_seed":false,"campfire_upgraded":7,"win_rate":0,"timestamp":1548842132,"path_taken":["M","M","?","?","$","R","?","E","T","E","R","?","R","M","R","BOSS","M","?","?","?","M","R","E","$","T","?","R","E","R","M","R","BOSS"],"build_version":"2019-01-23","purchased_purges":2,"victory":false,"max_hp_per_floor":[80,80,74,74,74,74,74,74,74,74,74,74,74,74,74,74,74,74,74,74,74,74,74,74,74,74,74,74,74,74,74,74,74],"card_choices":[{"not_picked":["Feel No Pain","Dual Wield"],"picked":"Whirlwind","floor":1.0},{"not_picked":["Rampage","Hemokinesis"],"picked":"Armaments","floor":2.0},{"not_picked":["Body Slam","Headbutt"],"picked":"Shrug It Off","floor":8.0},{"not_picked":["Sword Boomerang","Body Slam"],"picked":"Twin Strike","floor":10.0},{"not_picked":["Headbutt","Havoc","Perfected Strike"],"picked":"SKIP","floor":12.0},{"not_picked":["Shockwave","Pommel Strike"],"picked":"Inflame","floor":14.0},{"not_picked":["Wild Strike","Iron Wave"],"picked":"Sword Boomerang","floor":18.0},{"not_picked":["Body Slam+1","Wild Strike+1"],"picked":"True Grit+1","floor":21.0},{"not_picked":["Body Slam","Iron Wave","Second Wind+1"],"picked":"SKIP","floor":22.0},{"not_picked":["Blood for Blood+1","Headbutt+1"],"picked":"Flex","floor":24.0},{"not_picked":["Armaments","Rage","Thunderclap"],"picked":"SKIP","floor":29.0},{"not_picked":["Iron Wave","Pommel Strike+1"],"picked":"Disarm","floor":31}],"player_experience":187287,"relics_obtained":[{"floor":8.0,"key":"War Paint"},{"floor":9.0,"key":"Whetstone"},{"floor":10.0,"key":"Bag of Marbles"},{"floor":24.0,"key":"Ornamental Fan"},{"floor":26.0,"key":"Bag of Preparation"},{"floor":27.0,"key":"Red Mask"},{"floor":29.0,"key":"Ice Cream"}],"event_choices":[{"damage_healed":0.0,"max_hp_gain":0.0,"max_hp_loss":6.0,"gold_gain":0.0,"event_name":"Golden Idol","player_choice":"Lose Max HP","floor":3.0,"gold_loss":0.0,"damage_taken":0.0,"relics_obtained":["Golden Idol"]},{"damage_healed":0.0,"max_hp_gain":0.0,"max_hp_loss":0.0,"gold_gain":175.0,"event_name":"Liars Game","player_choice":"AGREE","floor":4.0,"gold_loss":0.0,"damage_taken":0.0,"cards_obtained":["Doubt"]},{"damage_healed":0.0,"max_hp_gain":0.0,"max_hp_loss":0.0,"gold_gain":0.0,"event_name":"Match and Keep!","player_choice":"1 cards matched","floor":7.0,"gold_loss":0.0,"damage_taken":0.0,"cards_obtained":["Clothesline"]},{"damage_healed":0.0,"max_hp_gain":0.0,"max_hp_loss":0.0,"gold_gain":0.0,"event_name":"The Library","player_choice":"Read","floor":19.0,"gold_loss":0.0,"damage_taken":0.0,"cards_obtained":["Battle Trance"]},{"damage_healed":0.0,"max_hp_gain":0.0,"max_hp_loss":0.0,"gold_gain":100.0,"event_name":"The Joust","player_choice":"Bet on Murderer","floor":20.0,"gold_loss":50.0,"damage_taken":0.0},{"damage_healed":0.0,"max_hp_gain":0.0,"max_hp_loss":0.0,"gold_gain":0.0,"event_name":"Masked Bandits","player_choice":"Fought Bandits","floor":27.0,"gold_loss":0.0,"damage_taken":0.0}],"is_beta":false,"boss_relics":[{"not_picked":["Black Blood","Calling Bell"],"picked":"Runic Dome"}],"items_purged_floors":[5,25],"is_endless":false,"potions_floor_spawned":[1,2,14,16,21,24,27],"killed_by":"Collector","ascension_level":10}