{"gold_per_floor":[111,128,148,108,125,125,13,26,53,53,53,64,64],"floor_reached":13,"playtime":587,"items_purged":[],"score":146,"play_id":"a6ecd588-8fbc-4c1a-bdc8-064eac34f7f7","local_time":"20190209182742","is_ascension_mode":true,"campfire_choices":[{"data":"Terror","floor":6,"key":"SMITH"}],"neow_cost":"PERCENT_DAMAGE","seed_source_timestamp":9809898066882,"circlet_count":0,"master_deck":["AscendersBane","Defend_G","Defend_G","Defend_G","Defend_G","Defend_G","Strike_G","Strike_G","Strike_G","Survivor","Neutralize","Leg Sweep","Footwork","Terror+1","Deadly Poison","Caltrops","Dagger Throw","Well Laid Plans","Heel Hook"],"relics":["Ring of the Snake","Boot"],"potions_floor_usage":[],"damage_taken":[{"damage":2,"enemies":"Cultist","floor":1,"turns":5},{"damage":1,"enemies":"Small Slimes","floor":2,"turns":8},{"damage":0,"enemies":"2 Louse","floor":3,"turns":5},{"damage":1,"enemies":"Looter","floor":4,"turns":4},{"damage":14,"enemies":"Large Slime","floor":5,"turns":12},{"damage":17,"enemies":"3 Louse","floor":8,"turns":5},{"damage":4,"enemies":"2 Fungi Beasts","floor":12,"turns":4},{"damage":9,"enemies":"Exordium Thugs","floor":13,"turns":2}],"seed_played":"820029308996292030","potions_obtained":[{"floor":3,"key":"GamblersBrew"},{"floor":8,"key":"Weak Potion"}],"is_trial":false,"path_per_floor":["M","M","M","M","M","R","$","M","T","?","?","M","M"],"character_chosen":"THE_SILENT","items_purchased":["Caltrops","Dagger Throw"],"campfire_rested":0,"item_purchase_floors":[7,7],"current_hp_per_floor":[42,41,41,40,26,26,26,9,9,9,9,5,0],"gold":64,"neow_bonus":"REMOVE_TWO","is_prod":false,"is_daily":false,"chose_seed":false,"campfire_upgraded":1,"win_rate":0,"timestamp":1549765662,"path_taken":["M","M","M","M","M","R","$","M","T","?","?","M","M"],"build_version":"2019-01-23","purchased_purges":0,"victory":false,"max_hp_per_floor":[66,66,66,66,66,66,66,66,66,66,66,66,66],"card_choices":[{"not_picked":["Poisoned Stab","Blur"],"picked":"Leg Sweep","floor":1},{"not_picked":["Dodge and Roll","Deadly Poison"],"picked":"Footwork","floor":2},{"not_picked":["Dagger Throw","Deadly Poison","Acrobatics"],"picked":"SKIP","floor":3},{"not_picked":["Acrobatics","Setup"],"picked":"Terror","floor":4},{"not_picked":["Reflex","Expertise"],"picked":"Deadly Poison","floor":5},{"not_picked":["Dagger Throw","Bane"],"picked":"Well Laid Plans","floor":8},{"not_picked":["Blade Dance","Finisher"],"picked":"Heel Hook","floor":12}],"player_experience":1208715,"relics_obtained":[{"floor":9,"key":"Boot"}],"event_choices":[{"damage_healed":0,"gold_gain":0,"player_choice":"Ignored","damage_taken":0,"max_hp_gain":0,"max_hp_loss":0,"event_name":"Shining Light","floor":10,"gold_loss":0},{"damage_healed":0,"gold_gain":0,"player_choice":"Ignored","damage_taken":0,"max_hp_gain":0,"max_hp_loss":0,"event_name":"Golden Wing","floor":11,"gold_loss":0}],"is_beta":false,"boss_relics":[],"items_purged_floors":[],"is_endless":false,"potions_floor_spawned":[3,8],"killed_by":"Exordium Thugs","ascension_level":18}