{"gold_per_floor":[115,129,140,152,152,152,185,185,236,251,279,279,308,328,328,328],"floor_reached":16,"playtime":1040,"items_purged":[],"score":226,"play_id":"645fec75-5e5a-4b5f-932f-95396e7cec6c","local_time":"20190115201546","is_ascension_mode":true,"campfire_choices":[{"data":"Zap","floor":6.0,"key":"SMITH"},{"data":"Dualcast","floor":8,"key":"SMITH"},{"data":"White Noise","floor":12,"key":"SMITH"},{"data":"Capacitor","floor":15,"key":"SMITH"}],"neow_cost":"NONE","seed_source_timestamp":0,"circlet_count":0,"master_deck":["AscendersBane","Strike_B","Strike_B","Strike_B+1","Strike_B","Defend_B","Defend_B","Defend_B","Defend_B","Zap+1","Dualcast+1","Ball Lightning+1","BootSequence","Genetic Algorithm","White Noise+1","Reinforced Body","Core Surge","Capacitor+1"],"special_seed":0,"relics":["Cracked Core","Question Card","Orichalcum","Blood Vial","Whetstone"],"potions_floor_usage":[7,7,13],"damage_taken":[{"damage":9.0,"enemies":"Jaw Worm","floor":1.0,"turns":3.0},{"damage":1.0,"enemies":"Cultist","floor":2.0,"turns":3.0},{"damage":0.0,"enemies":"2 Louse","floor":3.0,"turns":3.0},{"damage":7.0,"enemies":"Exordium Wildlife","floor":4.0,"turns":4.0},{"damage":9,"enemies":"Gremlin Nob","floor":7,"turns":3},{"damage":1,"enemies":"Red Slaver","floor":10,"turns":3},{"damage":20,"enemies":"Lagavulin","floor":11,"turns":7},{"damage":16,"enemies":"3 Sentries","floor":13,"turns":7},{"damage":0,"enemies":"Large Slime","floor":14,"turns":4},{"damage":22,"enemies":"Hexaghost","floor":16,"turns":7}],"seed_played":"-6336543173525526986","potions_obtained":[{"floor":2.0,"key":"FearPotion"},{"floor":3.0,"key":"Poison Potion"},{"floor":11,"key":"Regen Potion"},{"floor":13,"key":"SmokeBomb"},{"floor":14,"key":"FearPotion"}],"is_trial":false,"path_per_floor":["M","M","M","M","?","R","E","R","T","M","E","R","E","M","R","B"],"character_chosen":"DEFECT","items_purchased":[],"campfire_rested":0,"item_purchase_floors":[],"current_hp_per_floor":[62,61,61,54,43,43,34,34,34,33,13,13,14,16,16,0],"gold":328,"neow_bonus":"TEN_PERCENT_HP_BONUS","is_prod":false,"is_daily":false,"chose_seed":false,"campfire_upgraded":4,"win_rate":0,"timestamp":1547612146,"path_taken":["M","M","M","M","?","R","E","R","T","?","E","R","E","?","R","BOSS"],"build_version":"2019-01-10","purchased_purges":0,"victory":false,"max_hp_per_floor":[78,78,78,78,78,78,78,78,78,78,78,78,78,78,78,78],"card_choices":[{"not_picked":["Lockon","Self Repair"],"picked":"Ball Lightning","floor":1.0},{"not_picked":["Leap","Beam Cell"],"picked":"BootSequence","floor":2.0},{"not_picked":["Gash","Turbo","Static Discharge"],"picked":"SKIP","floor":3.0},{"not_picked":["Rip and Tear","Reinforced Body"],"picked":"Genetic Algorithm","floor":4.0},{"not_picked":["BootSequence","Fusion"],"picked":"White Noise","floor":7},{"not_picked":["Stack","Barrage","Melter"],"picked":"Reinforced Body","floor":10},{"not_picked":["Barrage","White Noise","Rip and Tear"],"picked":"Core Surge","floor":11},{"not_picked":["Hello World","Rebound","Gash"],"picked":"Capacitor","floor":13},{"not_picked":["Aggregate","Redo","Steam","Rebound"],"picked":"SKIP","floor":14}],"player_experience":1127181,"relics_obtained":[{"floor":7,"key":"Question Card"},{"floor":9,"key":"Orichalcum"},{"floor":11,"key":"Blood Vial"},{"floor":13,"key":"Whetstone"}],"event_choices":[{"damage_healed":0.0,"max_hp_gain":0.0,"max_hp_loss":0.0,"gold_gain":0.0,"event_name":"Wheel of Change","player_choice":"Damaged","floor":5.0,"gold_loss":0.0,"damage_taken":11.0}],"is_beta":false,"boss_relics":[],"items_purged_floors":[],"is_endless":false,"potions_floor_spawned":[2,3,11,13,14],"killed_by":"Hexaghost","ascension_level":17}