{"path_per_floor":["M","M","M","M","M","E","R","E","T","E","?","E","M","M","R"],"character_chosen":"IRONCLAD","items_purchased":[],"gold_per_floor":[113,133,149,161,181,213,213,248,271,300,475,501,519,533,533,533],"floor_reached":16,"campfire_rested":2,"playtime":1266,"current_hp_per_floor":[63,63,62,66,62,43,67,63,63,50,50,31,21,27,52,0],"items_purged":[],"gold":533,"score":181,"play_id":"8415ed56-7702-40d2-80c7-55ec58f341e0","local_time":"20180420220306","is_prod":false,"is_daily":false,"chose_seed":false,"is_ascension_mode":true,"campfire_upgraded":0,"timestamp":1524286986,"path_taken":["M","M","M","M","M","E","R","E","T","E","?","E","M","?","R","BOSS"],"build_version":"2018-04-19","seed_source_timestamp":40384103326488,"purchased_purges":0,"victory":false,"master_deck":["Strike_R","Strike_R","Strike_R","Strike_R","Strike_R","Defend_R","Defend_R","Defend_R","Defend_R","Bash","Iron Wave","Clash","Seeing Red","Immolate","Blood for Blood","Doubt","Iron Wave","Carnage","Thunderclap"],"max_hp_per_floor":[80,80,80,80,80,80,80,80,80,82,82,84,84,84,84,84],"relics":["Burning Blood","Ginger","Thread and Needle","Singing Bowl","Lantern","Dream Catcher"],"card_choices":[{"not_picked":["Battle Trance","True Grit"],"picked":"Iron Wave","floor":1},{"not_picked":["Anger","Body Slam"],"picked":"Clash","floor":2},{"not_picked":["Armaments","Anger"],"picked":"Seeing Red","floor":4},{"not_picked":["Bloodletting","Corruption"],"picked":"Immolate","floor":6},{"not_picked":["Havoc","Pummel"],"picked":"Blood for Blood","floor":8},{"not_picked":["Anger","Wild Strike"],"picked":"Iron Wave","floor":13},{"not_picked":["Whirlwind","Warcry"],"picked":"Carnage","floor":14},{"not_picked":["Flex","Perfected Strike"],"picked":"Thunderclap","floor":15}],"player_experience":335760,"potions_floor_usage":[12,14,16],"damage_taken":[{"damage":15,"enemies":"Small Slimes","floor":1,"turns":6},{"damage":6,"enemies":"2 Louse","floor":2,"turns":4},{"damage":7,"enemies":"Jaw Worm","floor":3,"turns":2},{"damage":2,"enemies":"Gremlin Gang","floor":4,"turns":5},{"damage":10,"enemies":"2 Fungi Beasts","floor":5,"turns":4},{"damage":25,"enemies":"3 Sentries","floor":6,"turns":11},{"damage":10,"enemies":"Gremlin Nob","floor":8,"turns":3},{"damage":21,"enemies":"Lagavulin","floor":10,"turns":5},{"damage":27,"enemies":"Gremlin Nob","floor":12,"turns":5},{"damage":16,"enemies":"Red Slaver","floor":13,"turns":5},{"damage":0,"enemies":"Large Slime","floor":14,"turns":4},{"damage":67,"enemies":"The Guardian","floor":16,"turns":11}],"event_choices":[{"event_name":"Liars Game","player_choice":"agreed","floor":11,"damage_taken":0}],"boss_relics":[],"potions_floor_spawned":[1,8,12],"seed_played":"6585908953281770131","killed_by":"The Guardian","ascension_level":7,"is_trial":false}