{"path_per_floor":["M","$","?","M","T","E","M","M","T","M","?","$","E","M","R","B",null,"M","$","?","M","T","E","M","R","T","E","M","$","?","E","R","B",null,"M","$","?","$","?","E","R","E","T","E","M","?","R","M","R","B"],"character_chosen":"IRONCLAD","items_purchased":["Intimidate","Ghostly Armor","Dramatic Entrance+1","Block Potion","FearPotion"],"gold_per_floor":[111,36,36,51,100,133,152,164,164,175,175,1,34,45,45,143,143,159,109,32,49,126,160,172,172,172,203,220,31,31,56,56,157,157,173,173,173,23,23,52,52,85,136,162,182,182,182,200,200,200],"floor_reached":51,"campfire_rested":2,"playtime":6523,"item_purchase_floors":[],"current_hp_per_floor":[77,77,77,80,80,70,72,58,58,54,54,54,21,36,36,29,78,72,72,72,64,64,33,18,46,46,37,36,36,36,37,65,16,75,84,84,84,84,74,54,54,49,49,31,42,82,82,82,82,41],"items_purged":["Strike_R","Strike_R","Strike_R","Strike_R+1","Defend_R"],"gold":200,"score":1009,"play_id":"6bb977ca-1c87-4729-83b3-5183b884474d","local_time":"20180612204719","is_prod":false,"is_daily":false,"chose_seed":false,"is_ascension_mode":true,"campfire_upgraded":4,"win_rate":0,"timestamp":1528854439,"campfire_choices":[{"data":"Flame Barrier","floor":15.0,"key":"SMITH"},{"floor":25.0,"key":"REST"},{"floor":32.0,"key":"REST"},{"data":"Whirlwind","floor":41,"key":"SMITH"},{"data":"Metallicize","floor":47,"key":"SMITH"},{"data":"Offering","floor":49,"key":"SMITH"}],"path_taken":["M","?","?","M","?","E","?","M","T","M","?","$","E","M","R","BOSS","M","$","?","?","?","E","M","R","T","E","M","$","?","E","R","BOSS","M","$","?","$","?","E","R","E","T","E","?","?","R","M","R","BOSS"],"build_version":"2018-06-07v3","seed_source_timestamp":0,"purchased_purges":5,"victory":true,"master_deck":["Defend_R","Bash+1","Battle Trance","Iron Wave","Twin Strike","Whirlwind+1","Flame Barrier+1","Reaper","Intimidate","Rage","Metallicize+1","Offering+1","Warcry+1","Dropkick+1","J.A.X.","Bloodletting","Pummel+1","Blood for Blood+1","Exhume","Shrug It Off","Ghostly Armor","Dramatic Entrance+1","Heavy Blade+1","Exhume","Headbutt+1","Dark Shackles","Entrench+1","Flame Barrier","Shrug It Off"],"max_hp_per_floor":[80,80,80,80,80,94,94,94,94,94,94,94,94,94,94,94,94,94,94,94,94,94,94,94,94,94,94,94,94,94,94,94,94,94,94,94,94,94,94,94,94,94,94,94,94,82,82,82,82,82],"relics":["Burning Blood","Whetstone","Mango","Prayer Wheel","Smiling Mask","Runic Dome","Molten Egg 2","Bird Faced Urn","Bottled Flame","Champion Belt","Magic Flower","Busted Crown","Dream Catcher","Question Card","Blood Vial","Dead Branch"],"card_choices":[{"not_picked":["Pommel Strike","Second Wind"],"picked":"Battle Trance","floor":0.0},{"not_picked":["Warcry","Heavy Blade"],"picked":"Iron Wave","floor":1.0},{"not_picked":["Rupture","Feel No Pain"],"picked":"Twin Strike","floor":4.0},{"not_picked":["Reckless Charge","Wild Strike"],"picked":"Whirlwind","floor":6.0},{"not_picked":["True Grit","Body Slam"],"picked":"Flame Barrier","floor":7.0},{"not_picked":["Headbutt","Sentinel","Havoc"],"picked":"SKIP","floor":8.0},{"not_picked":["Clothesline","Body Slam"],"picked":"Reaper","floor":10.0},{"not_picked":["Fire Breathing","Evolve","True Grit"],"picked":"SKIP","floor":10.0},{"not_picked":["Perfected Strike","Anger"],"picked":"Rage","floor":13.0},{"not_picked":["Heavy Blade","Combust"],"picked":"Metallicize","floor":14.0},{"not_picked":["Shrug It Off","Twin Strike","Intimidate"],"picked":"SKIP","floor":14.0},{"not_picked":["Brutality","Juggernaut"],"picked":"Offering","floor":16.0},{"not_picked":["Flex+1","Bloodletting"],"picked":"Warcry+1","floor":18.0},{"not_picked":["Searing Blow","Iron Wave"],"picked":"Dropkick+1","floor":18.0},{"not_picked":["Warcry+1","Armaments","Sentinel+1"],"picked":"SKIP","floor":21.0},{"not_picked":["Headbutt","Body Slam","Dropkick"],"picked":"SKIP","floor":21.0},{"not_picked":["Warcry+1","Armaments","Sentinel+1"],"picked":"SKIP","floor":21.0},{"not_picked":["Headbutt","Body Slam","Dropkick"],"picked":"SKIP","floor":21.0},{"not_picked":["Body Slam+1","Heavy Blade+1"],"picked":"Bloodletting","floor":23.0},{"not_picked":["Anger+1","Perfected Strike+1"],"picked":"Pummel+1","floor":24.0},{"not_picked":["Iron Wave+1","Havoc"],"picked":"Blood for Blood+1","floor":24.0},{"not_picked":["Dropkick+1","Berserk"],"picked":"Exhume","floor":27.0},{"not_picked":["Dual Wield","Anger+1"],"picked":"Shrug It Off","floor":28.0},{"not_picked":["Entrench+1","Havoc+1","Clash+1"],"picked":"SKIP","floor":28.0},{"not_picked":["Burning Pact","Power Through+1"],"picked":"Heavy Blade+1","floor":31.0},{"not_picked":["Feed+1","Fiend Fire+1"],"picked":"Exhume","floor":33.0},{"not_picked":[],"picked":"Headbutt+1","floor":35},{"not_picked":["Armaments+1"],"picked":"SKIP","floor":35},{"not_picked":[],"picked":"Dark Shackles","floor":39},{"not_picked":["Dual Wield+1"],"picked":"SKIP","floor":40},{"not_picked":[],"picked":"Entrench+1","floor":42},{"not_picked":["True Grit+1"],"picked":"Flame Barrier","floor":44},{"not_picked":["Twin Strike+1"],"picked":"Shrug It Off","floor":45},{"not_picked":["Fire Breathing+1","Reckless Charge+1"],"picked":"SKIP","floor":45},{"not_picked":["Clash+1","Intimidate"],"picked":"SKIP","floor":48},{"not_picked":["Flame Barrier","Sword Boomerang+1"],"picked":"SKIP","floor":48}],"player_experience":213605,"potions_floor_usage":[40,44,50,50],"damage_taken":[{"damage":1.0,"enemies":"Cultist","floor":1.0,"turns":3.0},{"damage":2.0,"enemies":"Small Slimes","floor":4.0,"turns":4.0},{"damage":30.0,"enemies":"Lagavulin","floor":6.0,"turns":4.0},{"damage":4.0,"enemies":"Jaw Worm","floor":7.0,"turns":3.0},{"damage":20.0,"enemies":"Exordium Wildlife","floor":8.0,"turns":5.0},{"damage":10.0,"enemies":"Large Slime","floor":10.0,"turns":6.0},{"damage":43.0,"enemies":"Gremlin Nob","floor":13.0,"turns":6.0},{"damage":11.0,"enemies":"Lots of Slimes","floor":14.0,"turns":3.0},{"damage":19.0,"enemies":"Hexaghost","floor":16.0,"turns":11.0},{"damage":12.0,"enemies":"Spheric Guardian","floor":18.0,"turns":6.0},{"damage":14.0,"enemies":"Shell Parasite","floor":21.0,"turns":5.0},{"damage":49.0,"enemies":"Gremlin Leader","floor":23.0,"turns":7.0},{"damage":25.0,"enemies":"Snake Plant","floor":24.0,"turns":5.0},{"damage":35.0,"enemies":"Slavers","floor":27.0,"turns":4.0},{"damage":17.0,"enemies":"Centurion and Healer","floor":28.0,"turns":5.0},{"damage":11.0,"enemies":"Book of Stabbing","floor":31.0,"turns":3.0},{"damage":67.0,"enemies":"Collector","floor":33.0,"turns":12.0},{"damage":24,"enemies":"3 Darklings","floor":35,"turns":3},{"damage":44,"enemies":"2 Orb Walkers","floor":40,"turns":5},{"damage":25,"enemies":"Giant Head","floor":42,"turns":4},{"damage":56,"enemies":"2 Orb Walkers","floor":44,"turns":5},{"damage":7,"enemies":"Orb Walker","floor":45,"turns":3},{"damage":13,"enemies":"Sphere and 2 Shapes","floor":48,"turns":2},{"damage":62,"enemies":"Awakened One","floor":50,"turns":13}],"relics_obtained":[{"floor":5.0,"key":"Whetstone"},{"floor":6.0,"key":"Mango"},{"floor":9.0,"key":"Prayer Wheel"},{"floor":13.0,"key":"Smiling Mask"},{"floor":22.0,"key":"Molten Egg 2"},{"floor":23.0,"key":"Bird Faced Urn"},{"floor":26.0,"key":"Bottled Flame"},{"floor":27.0,"key":"Champion Belt"},{"floor":31.0,"key":"Magic Flower"},{"floor":40,"key":"Dream Catcher"},{"floor":42,"key":"Question Card"},{"floor":43,"key":"Blood Vial"},{"floor":44,"key":"Dead Branch"}],"event_choices":[{"event_name":"Liars Game","player_choice":"disagreed","floor":3.0,"damage_taken":0.0},{"event_name":"Purifier","player_choice":"One Purge","floor":11.0,"damage_taken":0.0},{"event_name":"Drug Dealer","player_choice":"Got JAXXED","floor":20.0,"damage_taken":0.0},{"event_name":"Purifier","player_choice":"One Purge","floor":30.0,"damage_taken":0.0},{"event_name":"Purifier","player_choice":"One Purge","floor":37,"damage_taken":0},{"event_name":"SensoryStone","player_choice":"Memory 3","floor":39,"damage_taken":0},{"event_name":"The Moai Head","player_choice":"Heal","floor":46,"damage_taken":0}],"boss_relics":[{"not_picked":["Pandora\u0027s Box","Ectoplasm"],"picked":"Runic Dome"},{"not_picked":["Eternal Feather","Astrolabe"],"picked":"Busted Crown"}],"items_purged_floors":[],"potions_floor_spawned":[4,7,13,16,24,27,31,42,44],"seed_played":"-6672348208023838808","ascension_level":6,"potions_obtained":[{"floor":4.0,"key":"Energy Potion"},{"floor":7.0,"key":"GamblersBrew"},{"floor":13.0,"key":"LiquidBronze"},{"floor":16.0,"key":"Energy Potion"},{"floor":24.0,"key":"SkillPotion"},{"floor":27.0,"key":"Weak Potion"},{"floor":31.0,"key":"Energy Potion"},{"floor":42,"key":"SkillPotion"},{"floor":44,"key":"Weak Potion"}],"is_trial":false}