{"path_per_floor":["M","M","?","M","$","R","M","E","T","?","M","?","?","E","R"],"character_chosen":"IRONCLAD","items_purchased":["Dropkick"],"gold_per_floor":[114,125,125,141,67,67,82,114,114,214,226,226,326,361,361,361],"floor_reached":16,"campfire_rested":1,"playtime":1256,"item_purchase_floors":[5],"current_hp_per_floor":[80,80,80,80,80,80,66,30,30,30,27,27,27,9,33,0],"items_purged":[],"gold":361,"score":138,"play_id":"9c1bc25c-3e0b-456d-9bed-add2133ab881","local_time":"20180612164430","is_prod":false,"is_daily":false,"chose_seed":false,"is_ascension_mode":true,"campfire_upgraded":1,"win_rate":0,"timestamp":1528839870,"campfire_choices":[{"data":"Armaments","floor":6,"key":"SMITH"},{"floor":15,"key":"REST"}],"path_taken":["M","M","?","M","$","R","M","E","T","?","M","?","?","E","R","BOSS"],"build_version":"2018-06-07v3","seed_source_timestamp":24690788766683,"purchased_purges":0,"victory":false,"master_deck":["Strike_R","Strike_R","Strike_R","Strike_R","Defend_R","Defend_R","Defend_R","Defend_R","Bash","Shockwave","Trip","Armaments+1","Dropkick"],"max_hp_per_floor":[80,80,80,80,80,80,80,80,80,80,80,80,80,80,80,80],"relics":["Burning Blood","Gambling Chip","Matryoshka","Meat on the Bone"],"card_choices":[{"not_picked":["Entrench","Pummel"],"picked":"Shockwave","floor":1},{"not_picked":["Infernal Blade","Perfected Strike","Dual Wield"],"picked":"SKIP","floor":2},{"not_picked":["True Grit","Clash"],"picked":"Armaments","floor":4},{"not_picked":["Twin Strike","Perfected Strike","Intimidate"],"picked":"SKIP","floor":7},{"not_picked":["Exhume","Burning Pact","Heavy Blade"],"picked":"SKIP","floor":8},{"not_picked":["Evolve","Power Through","Clothesline"],"picked":"SKIP","floor":11},{"not_picked":["Thunderclap","Hemokinesis","Wild Strike"],"picked":"SKIP","floor":14}],"player_experience":207308,"potions_floor_usage":[16,16],"damage_taken":[{"damage":6,"enemies":"Jaw Worm","floor":1,"turns":5},{"damage":6,"enemies":"Cultist","floor":2,"turns":4},{"damage":5,"enemies":"2 Louse","floor":4,"turns":3},{"damage":20,"enemies":"Gremlin Gang","floor":7,"turns":5},{"damage":42,"enemies":"Lagavulin","floor":8,"turns":9},{"damage":9,"enemies":"Exordium Wildlife","floor":11,"turns":6},{"damage":24,"enemies":"Gremlin Nob","floor":14,"turns":5},{"damage":42,"enemies":"Hexaghost","floor":16,"turns":12}],"relics_obtained":[{"floor":8,"key":"Gambling Chip"},{"floor":9,"key":"Matryoshka"},{"floor":14,"key":"Meat on the Bone"}],"event_choices":[{"event_name":"Match and Keep!","player_choice":"1 cards matched","floor":3,"damage_taken":0},{"event_name":"Match and Keep!","player_choice":"1 cards matched","floor":3,"damage_taken":0},{"event_name":"Match and Keep!","player_choice":"1 cards matched","floor":3,"damage_taken":0},{"event_name":"Wheel of Change","player_choice":"Gold","floor":10,"damage_taken":0},{"event_name":"Purifier","player_choice":"One Purge","floor":12,"damage_taken":0},{"event_name":"Golden Shrine","player_choice":"Pray","floor":13,"damage_taken":0}],"boss_relics":[],"items_purged_floors":[],"potions_floor_spawned":[1,4,8,11],"seed_played":"-4645192173883060132","killed_by":"Hexaghost","ascension_level":5,"potions_obtained":[{"floor":1,"key":"SteroidPotion"},{"floor":4,"key":"BloodPotion"},{"floor":8,"key":"Weak Potion"},{"floor":11,"key":"EssenceOfSteel"}],"is_trial":false}