{"gold_per_floor":[210,210,229,6,6,6,16,35,35,57,57,73,73,48,48,145,145,160,24,41,54,54,54,54,65,65,65,85,85,10,22,22,122,122,136,136,136,36,136,153,172,26,26,26,43,55,55,55,55,55],"floor_reached":51,"playtime":1041,"items_purged":["Strike_R","Writhe"],"score":687,"play_id":"ca2e9f4d-afb6-46b2-bb70-293dcdaf16a7","local_time":"20190418153236","is_ascension_mode":false,"campfire_choices":[{"data":"Bash","floor":6,"key":"SMITH"},{"data":"Inflame","floor":11,"key":"SMITH"},{"data":"Heavy Blade","floor":15,"key":"SMITH"},{"floor":23,"key":"REST"},{"floor":29,"key":"REST"},{"floor":32,"key":"REST"},{"floor":44,"key":"REST"},{"floor":49,"key":"REST"}],"neow_cost":"NONE","seed_source_timestamp":13918319898596,"circlet_count":0,"master_deck":["Strike_R+1","Strike_R+1","Strike_R+1","Strike_R+1","Defend_R+1","Defend_R+1","Defend_R+1","Defend_R+1","Bash+1","Sword Boomerang","Twin Strike","Dropkick","Inflame+1","Heavy Blade+1","Blood for Blood","Pommel Strike","Flex","Limit Break","Finesse","Shrug It Off","Bloodletting","Brutality","Rage","Shrug It Off","Wild Strike+1","Battle Trance+1","Fiend Fire","Corruption+1","Heavy Blade+1","Decay"],"relics":["Burning Blood","Prayer Wheel","Pen Nib","StoneCalendar","Odd Mushroom","Gambling Chip","Fusion Hammer","Question Card","Runic Dome","Centennial Puzzle","Frozen Egg 2"],"potions_floor_usage":[16,16,18,31,33,50,50],"damage_taken":[{"damage":0,"enemies":"Small Slimes","floor":1,"turns":3},{"damage":11,"enemies":"Jaw Worm","floor":3,"turns":2},{"damage":6,"enemies":"2 Louse","floor":7,"turns":2},{"damage":10,"enemies":"Looter","floor":8,"turns":2},{"damage":25,"enemies":"The Mushroom Lair","floor":10,"turns":4},{"damage":16,"enemies":"Large Slime","floor":12,"turns":2},{"damage":30,"enemies":"Hexaghost","floor":16,"turns":5},{"damage":18,"enemies":"2 Thieves","floor":18,"turns":3},{"damage":10,"enemies":"Chosen","floor":20,"turns":2},{"damage":9,"enemies":"Centurion and Healer","floor":21,"turns":3},{"damage":24,"enemies":"Snake Plant","floor":25,"turns":2},{"damage":22,"enemies":"Cultist and Chosen","floor":28,"turns":5},{"damage":19,"enemies":"3 Cultists","floor":31,"turns":4},{"damage":66,"enemies":"Automaton","floor":33,"turns":7},{"damage":30,"enemies":"3 Shapes","floor":35,"turns":4},{"damage":47,"enemies":"3 Darklings","floor":40,"turns":6},{"damage":15,"enemies":"Transient","floor":41,"turns":5},{"damage":13,"enemies":"Jaw Worm Horde","floor":45,"turns":3},{"damage":33,"enemies":"Maw","floor":46,"turns":5},{"damage":60,"enemies":"Time Eater","floor":50,"turns":4}],"seed_played":"-4861914627585285236","potions_obtained":[{"floor":3,"key":"Ancient Potion"},{"floor":8,"key":"LiquidBronze"},{"floor":10,"key":"BloodPotion"},{"floor":12,"key":"Block Potion"},{"floor":21,"key":"Explosive Potion"},{"floor":28,"key":"SpeedPotion"},{"floor":33,"key":"PowerPotion"},{"floor":35,"key":"Strength Potion"}],"is_trial":false,"path_per_floor":["M","?","M","$","?","R","M","M","T","?","R","M","T","$","R","B",null,"M","$","M","M","?","R","?","M","T","?","M","R","?","M","R","B",null,"M","?","?","$","?","M","M","$","T","R","M","M","?","?","R","B",null],"character_chosen":"IRONCLAD","items_purchased":["Pen Nib","Flex","Finesse","Dexterity Potion","Centennial Puzzle"],"campfire_rested":5,"item_purchase_floors":[4,14,19,19,42],"current_hp_per_floor":[80,62,57,57,62,62,62,58,58,39,39,29,29,29,29,13,85,73,73,69,66,66,85,85,67,67,51,35,62,62,49,76,16,90,66,89,89,89,89,48,39,39,39,66,59,32,79,79,79,25],"gold":55,"neow_bonus":"HUNDRED_GOLD","is_prod":false,"is_daily":false,"chose_seed":false,"campfire_upgraded":3,"win_rate":0,"timestamp":1555619556,"path_taken":["M","?","M","?","?","R","M","M","T","?","R","M","?","$","R","BOSS","M","$","M","M","?","R","?","M","T","?","M","R","?","?","R","BOSS","M","?","?","$","?","?","?","?","T","R","M","M","?","?","R","BOSS"],"build_version":"2019-01-23","purchased_purges":2,"victory":true,"max_hp_per_floor":[80,80,80,80,85,85,85,85,85,85,85,85,85,85,85,85,85,85,85,85,85,85,85,85,85,85,90,90,90,90,90,90,90,90,90,90,90,90,90,90,90,90,90,90,90,90,79,79,79,79],"card_choices":[{"not_picked":["Wild Strike","Havoc"],"picked":"Sword Boomerang","floor":1},{"not_picked":["True Grit","Burning Pact"],"picked":"Twin Strike","floor":3},{"not_picked":["True Grit","Seeing Red","Armaments"],"picked":"SKIP","floor":3},{"not_picked":["Anger","Seeing Red"],"picked":"Metallicize","floor":7},{"not_picked":["Thunderclap","Second Wind"],"picked":"Dropkick","floor":7},{"not_picked":["Clash","Uppercut"],"picked":"Inflame","floor":8},{"not_picked":["Body Slam","Dual Wield"],"picked":"Heavy Blade","floor":8},{"not_picked":["Fiend Fire","Shrug It Off"],"picked":"Blood for Blood","floor":10},{"not_picked":["True Grit","Sever Soul"],"picked":"Pommel Strike","floor":12},{"not_picked":["Pommel Strike","Reaper","Clothesline"],"picked":"SKIP","floor":12},{"not_picked":["Brutality","Fiend Fire"],"picked":"Limit Break","floor":16},{"not_picked":["Clash","Sentinel","Havoc+1"],"picked":"SKIP","floor":18},{"not_picked":["Havoc+1","Body Slam+1","Carnage"],"picked":"SKIP","floor":18},{"not_picked":["Bloodletting","Clothesline"],"picked":"Shrug It Off","floor":20},{"not_picked":["Anger","Flex"],"picked":"Bloodletting","floor":20},{"not_picked":["Fire Breathing","Iron Wave+1","Clothesline"],"picked":"SKIP","floor":21},{"not_picked":["Burning Pact","Fire Breathing","Twin Strike"],"picked":"SKIP","floor":21},{"not_picked":["Sword Boomerang+1","Thunderclap"],"picked":"Brutality","floor":25},{"not_picked":["Anger+1","Combust","Perfected Strike"],"picked":"SKIP","floor":25},{"not_picked":["Burning Pact","Evolve","Twin Strike"],"picked":"Rage","floor":28},{"not_picked":["Whirlwind","Pommel Strike","Uppercut"],"picked":"Shrug It Off","floor":28},{"not_picked":["Hemokinesis","Shockwave","Combust+1"],"picked":"Wild Strike+1","floor":31},{"not_picked":["Power Through","Havoc","Heavy Blade"],"picked":"Battle Trance+1","floor":31},{"not_picked":["Brutality","Reaper","Berserk"],"picked":"Fiend Fire","floor":33},{"not_picked":["Thunderclap","Headbutt+1","Infernal Blade","Dropkick"],"picked":"SKIP","floor":35},{"not_picked":["Clash","Iron Wave+1","Seeing Red+1","True Grit"],"picked":"SKIP","floor":35},{"not_picked":["Twin Strike","Brutality","Sword Boomerang"],"picked":"Corruption+1","floor":40},{"not_picked":["Body Slam+1","Perfected Strike+1","Wild Strike","Feed"],"picked":"SKIP","floor":40},{"not_picked":["Clash+1","Reckless Charge","Blood for Blood"],"picked":"Heavy Blade+1","floor":41},{"not_picked":["Heavy Blade","Reckless Charge+1","Corruption+1","Burning Pact"],"picked":"SKIP","floor":41},{"not_picked":["Power Through","Seeing Red","Sentinel+1","Uppercut+1"],"picked":"SKIP","floor":45},{"not_picked":["Body Slam+1","Pommel Strike","Flex","Entrench"],"picked":"SKIP","floor":45},{"not_picked":["Berserk+1","Thunderclap+1","Sword Boomerang","Shrug It Off"],"picked":"SKIP","floor":46},{"not_picked":["Feel No Pain+1","Sever Soul","Burning Pact","Flame Barrier"],"picked":"SKIP","floor":46}],"player_experience":770840,"relics_obtained":[{"floor":9,"key":"StoneCalendar"},{"floor":10,"key":"Odd Mushroom"},{"floor":13,"key":"Gambling Chip"},{"floor":26,"key":"Question Card"},{"floor":43,"key":"Frozen Egg 2"}],"event_choices":[{"damage_healed":0,"gold_gain":0,"player_choice":"Success","damage_taken":18,"relics_obtained":["Prayer Wheel"],"max_hp_gain":0,"max_hp_loss":0,"event_name":"Scrap Ooze","floor":2,"gold_loss":0},{"damage_healed":0,"gold_gain":0,"player_choice":"Donut","damage_taken":0,"max_hp_gain":5,"max_hp_loss":0,"event_name":"Big Fish","floor":5,"gold_loss":0},{"damage_healed":0,"gold_gain":0,"player_choice":"Fought Mushrooms","damage_taken":0,"max_hp_gain":0,"max_hp_loss":0,"event_name":"Mushrooms","floor":10,"gold_loss":0},{"damage_healed":0,"gold_gain":0,"player_choice":"Ignored","damage_taken":0,"max_hp_gain":0,"max_hp_loss":0,"event_name":"Vampires","floor":22,"gold_loss":0},{"damage_healed":0,"gold_gain":0,"player_choice":"Simplicity","damage_taken":0,"max_hp_gain":0,"max_hp_loss":0,"event_name":"Back to Basics","floor":24,"gold_loss":0,"cards_upgraded":["Strike_R","Strike_R","Strike_R","Strike_R","Defend_R","Defend_R","Defend_R","Defend_R"]},{"damage_healed":0,"gold_gain":0,"player_choice":"Shed Blood","damage_taken":21,"max_hp_gain":5,"max_hp_loss":0,"event_name":"Forgotten Altar","floor":27,"gold_loss":0},{"cards_removed":["Metallicize"],"damage_healed":0,"gold_gain":0,"player_choice":"Gave Gold","damage_taken":0,"max_hp_gain":0,"max_hp_loss":0,"event_name":"Beggar","floor":30,"gold_loss":75},{"damage_healed":23,"gold_gain":0,"player_choice":"Writhe","damage_taken":0,"max_hp_gain":0,"max_hp_loss":0,"event_name":"Winding Halls","floor":36,"gold_loss":0,"cards_obtained":["Writhe"]},{"damage_healed":0,"gold_gain":0,"player_choice":"Ignored","damage_taken":0,"max_hp_gain":0,"max_hp_loss":0,"event_name":"Tomb of Lord Red Mask","floor":37,"gold_loss":0},{"damage_healed":0,"gold_gain":100,"player_choice":"Pray","damage_taken":0,"max_hp_gain":0,"max_hp_loss":0,"event_name":"Golden Shrine","floor":39,"gold_loss":0},{"damage_healed":79,"gold_gain":0,"player_choice":"Heal","damage_taken":0,"max_hp_gain":0,"max_hp_loss":11,"event_name":"The Moai Head","floor":47,"gold_loss":0},{"damage_healed":0,"gold_gain":0,"player_choice":"Cursed","damage_taken":0,"max_hp_gain":0,"max_hp_loss":0,"event_name":"Wheel of Change","floor":48,"gold_loss":0,"cards_obtained":["Decay"]}],"is_beta":false,"boss_relics":[{"not_picked":["Ectoplasm","Black Blood"],"picked":"Fusion Hammer"},{"not_picked":["Busted Crown","Eternal Feather"],"picked":"Runic Dome"}],"items_purged_floors":[4,38],"is_endless":false,"potions_floor_spawned":[3,8,10,12,21,28,33,35],"ascension_level":0}