{"gold_per_floor":[112,112,112,122,122,122,132,132,132,132,165,178,191,203,203,298,298,313,313,324,175,188,513,273,323,370,370,113,128,23,37,37,136,136,153,123,138,156,176,176,0,0,23,52,72,72,72,91,91,91],"floor_reached":51,"playtime":5854,"items_purged":["Strike_B","Strike_B"],"score":749,"play_id":"28b8866f-1ba4-4b81-a5e4-a087ae0e2e3a","local_time":"20190118160903","is_ascension_mode":false,"campfire_choices":[{"data":"Loop","floor":6.0,"key":"SMITH"},{"data":"Dualcast","floor":8.0,"key":"SMITH"},{"data":"Lockon","floor":10.0,"key":"SMITH"},{"data":"Hologram","floor":15.0,"key":"SMITH"},{"data":"Leap","floor":27.0,"key":"SMITH"},{"floor":32.0,"key":"REST"},{"data":"Auto Shields","floor":40.0,"key":"SMITH"},{"data":"Fission","floor":42.0,"key":"SMITH"},{"floor":46.0,"key":"REST"},{"floor":49,"key":"REST"}],"neow_cost":"NONE","seed_source_timestamp":1111564535207920,"circlet_count":0,"master_deck":["Strike_B+1","Strike_B+1","Defend_B+1","Defend_B+1","Defend_B+1","Defend_B+1","Zap+1","Dualcast+1","Ball Lightning+1","Loop+1","Lockon+1","Leap+1","Loop+1","Hologram+1","Heatsinks+1","Buffer+1","Loop+1","Capacitor+1","Hello World+1","Coolheaded+1","Doom and Gloom+1","Multi-Cast+1","Steam+1","Scrape+1","BootSequence+1","Static Discharge+1","Glacier+1","Fission+1","Stack+1","Consume+1","Auto Shields+1","Consume+1","Stack+1","Loop+1"],"special_seed":0,"relics":["Cracked Core","Pear","Frozen Egg 2","Mummified Hand","Lizard Tail","Old Coin","Oddly Smooth Stone","TheAbacus","Eternal Feather","Red Mask","Regal Pillow","Ancient Tea Set","Mark of the Bloom"],"potions_floor_usage":[50],"damage_taken":[{"damage":1.0,"enemies":"2 Louse","floor":1.0,"turns":3.0},{"damage":5.0,"enemies":"Small Slimes","floor":4.0,"turns":2.0},{"damage":1.0,"enemies":"Cultist","floor":7.0,"turns":3.0},{"damage":28.0,"enemies":"Gremlin Nob","floor":11.0,"turns":4.0},{"damage":2.0,"enemies":"Blue Slaver","floor":12.0,"turns":2.0},{"damage":0.0,"enemies":"Large Slime","floor":13.0,"turns":4.0},{"damage":17.0,"enemies":"Lots of Slimes","floor":14.0,"turns":4.0},{"damage":0.0,"enemies":"Slime Boss","floor":16.0,"turns":5.0},{"damage":10.0,"enemies":"Spheric Guardian","floor":18.0,"turns":4.0},{"damage":1.0,"enemies":"Chosen","floor":20.0,"turns":3.0},{"damage":12.0,"enemies":"Snake Plant","floor":22.0,"turns":4.0},{"damage":32.0,"enemies":"Slavers","floor":23.0,"turns":6.0},{"damage":7.0,"enemies":"Snecko","floor":29.0,"turns":5.0},{"damage":8.0,"enemies":"Centurion and Healer","floor":31.0,"turns":7.0},{"damage":20.0,"enemies":"Automaton","floor":33.0,"turns":13.0},{"damage":14.0,"enemies":"3 Darklings","floor":35.0,"turns":5.0},{"damage":1.0,"enemies":"3 Shapes","floor":37.0,"turns":6.0},{"damage":16.0,"enemies":"Jaw Worm Horde","floor":38.0,"turns":6.0},{"damage":33.0,"enemies":"3 Darklings","floor":39.0,"turns":8.0},{"damage":37.0,"enemies":"Giant Head","floor":44.0,"turns":10.0},{"damage":10.0,"enemies":"Sphere and 2 Shapes","floor":45.0,"turns":5.0},{"damage":5,"enemies":"Maw","floor":48,"turns":8},{"damage":55,"enemies":"Time Eater","floor":50,"turns":21}],"seed_played":"5277769359047513396","potions_obtained":[{"floor":4.0,"key":"Explosive Potion"},{"floor":13.0,"key":"SteroidPotion"},{"floor":16.0,"key":"PowerPotion"},{"floor":18.0,"key":"Poison Potion"},{"floor":23.0,"key":"Block Potion"},{"floor":36.0,"key":"Weak Potion"},{"floor":36.0,"key":"SpeedPotion"},{"floor":38.0,"key":"Block Potion"},{"floor":44.0,"key":"Swift Potion"}],"is_trial":false,"path_per_floor":["M","?","?","M","?","R","M","R","T","R","E","M","M","M","M","R","B",null,"M","M","?","M","$","M","E","$","?","T","R","$","M","$","M","R","B",null,"M","?","M","M","M","R","?","R","T","E","M","R","?","M","R","B",null],"character_chosen":"DEFECT","items_purchased":["Hello World+1","Multi-Cast","TheAbacus","Steam","BootSequence","Static Discharge+1"],"campfire_rested":3,"item_purchase_floors":[21,24,28,28,30,30],"current_hp_per_floor":[81,81,88,83,83,83,82,82,82,82,54,52,52,35,35,35,92,82,82,81,81,69,37,37,37,37,37,37,30,30,22,49,29,92,78,78,77,61,28,46,46,64,64,27,17,77,77,72,72,17],"gold":91,"neow_bonus":"TEN_PERCENT_HP_BONUS","is_prod":false,"is_daily":false,"chose_seed":false,"campfire_upgraded":7,"win_rate":0.0,"timestamp":1547824143,"path_taken":["M","?","?","M","?","R","M","R","T","R","E","M","?","M","R","BOSS","M","?","M","$","M","E","$","?","T","R","$","?","?","M","R","BOSS","M","?","M","?","M","R","?","R","T","E","M","R","?","M","R","BOSS"],"build_version":"2018-12-20","purchased_purges":2,"victory":true,"max_hp_per_floor":[82,82,92,92,92,92,92,92,92,92,92,92,92,92,92,92,92,92,92,92,92,92,92,92,92,92,92,92,92,92,92,92,92,92,92,92,92,92,92,92,92,92,92,92,92,92,92,92,92,92],"card_choices":[{"not_picked":["Stack","Consume"],"picked":"Ball Lightning","floor":1.0},{"not_picked":["Go for the Eyes","Cold Snap"],"picked":"Loop","floor":4.0},{"not_picked":["Gash","Stack"],"picked":"Lockon","floor":7.0},{"not_picked":["FTL","Steam"],"picked":"Leap","floor":11.0},{"not_picked":["Streamline","Coolheaded"],"picked":"Loop+1","floor":12.0},{"not_picked":["Rip and Tear","Doom and Gloom"],"picked":"Hologram","floor":13.0},{"not_picked":["Auto Shields","Chaos"],"picked":"Heatsinks+1","floor":14.0},{"not_picked":["Seek","Biased Cognition+1"],"picked":"Buffer+1","floor":16.0},{"not_picked":["Conserve Battery+1","Storm+1"],"picked":"Loop+1","floor":18.0},{"not_picked":["Self Repair+1","Go for the Eyes"],"picked":"Capacitor+1","floor":20.0},{"not_picked":["Redo","Go for the Eyes"],"picked":"Coolheaded+1","floor":22.0},{"not_picked":["Barrage","Scrape"],"picked":"Doom and Gloom","floor":23.0},{"not_picked":["BootSequence","Capacitor+1"],"picked":"Scrape","floor":29.0},{"not_picked":["Go for the Eyes","Reprogram"],"picked":"Glacier","floor":31.0},{"not_picked":["Rainbow","Reboot"],"picked":"Fission","floor":33.0},{"not_picked":["Ball Lightning","Fusion"],"picked":"Stack+1","floor":35.0},{"not_picked":["Darkness","Coolheaded+1"],"picked":"Consume+1","floor":37.0},{"not_picked":["Fusion","Compile Driver","Streamline"],"picked":"SKIP","floor":38.0},{"not_picked":["Doom and Gloom","Ball Lightning"],"picked":"Auto Shields","floor":39.0},{"not_picked":["Compile Driver+1","Genetic Algorithm+1"],"picked":"Consume+1","floor":44.0},{"not_picked":["Coolheaded+1","Scrape+1"],"picked":"Stack","floor":45.0},{"not_picked":["Steam Power+1","Hologram"],"picked":"Loop+1","floor":48}],"player_experience":52547,"relics_obtained":[{"floor":9.0,"key":"Frozen Egg 2"},{"floor":11.0,"key":"Mummified Hand"},{"floor":23.0,"key":"Old Coin"},{"floor":26.0,"key":"Oddly Smooth Stone"},{"floor":43.0,"key":"Regal Pillow"},{"floor":44.0,"key":"Ancient Tea Set"}],"event_choices":[{"damage_healed":0.0,"max_hp_gain":0.0,"max_hp_loss":0.0,"gold_gain":0.0,"event_name":"Shining Light","player_choice":"Ignored","floor":2.0,"gold_loss":0.0,"damage_taken":0.0},{"damage_healed":0.0,"max_hp_gain":0.0,"max_hp_loss":0.0,"gold_gain":0.0,"event_name":"Scrap Ooze","player_choice":"Success","floor":3.0,"gold_loss":0.0,"damage_taken":3.0,"relics_obtained":["Pear"]},{"damage_healed":0.0,"max_hp_gain":0.0,"max_hp_loss":0.0,"gold_gain":0.0,"event_name":"Upgrade Shrine","player_choice":"Upgraded","floor":5.0,"gold_loss":0.0,"damage_taken":0.0,"cards_upgraded":["Zap"]},{"damage_healed":0.0,"max_hp_gain":0.0,"max_hp_loss":0.0,"gold_gain":0.0,"event_name":"Vampires","player_choice":"Ignored","floor":19.0,"gold_loss":0.0,"damage_taken":0.0},{"damage_healed":0.0,"max_hp_gain":0.0,"max_hp_loss":0.0,"gold_gain":100.0,"event_name":"The Joust","player_choice":"Bet on Murderer","floor":25.0,"gold_loss":50.0,"damage_taken":0.0},{"damage_healed":0.0,"max_hp_gain":0.0,"max_hp_loss":0.0,"gold_gain":0.0,"event_name":"The Woman in Blue","player_choice":"Bought 2 Potions","floor":36.0,"gold_loss":0.0,"damage_taken":0.0},{"damage_healed":0.0,"max_hp_gain":0.0,"max_hp_loss":0.0,"gold_gain":0.0,"event_name":"Tomb of Lord Red Mask","player_choice":"Paid","floor":41.0,"gold_loss":176.0,"damage_taken":0.0,"relics_obtained":["Red Mask"]},{"damage_healed":0.0,"max_hp_gain":0.0,"max_hp_loss":0.0,"gold_gain":0.0,"event_name":"MindBloom","player_choice":"Upgrade","floor":47.0,"gold_loss":0.0,"damage_taken":0.0,"cards_upgraded":["Strike_B","Strike_B","Defend_B","Defend_B","Defend_B","Defend_B","Ball Lightning","Doom and Gloom","Multi-Cast","Steam","Scrape","BootSequence","Glacier","Stack"],"relics_obtained":["Mark of the Bloom"]}],"is_beta":false,"boss_relics":[{"not_picked":["Calling Bell","Coffee Dripper"],"picked":"Lizard Tail"},{"not_picked":["FrozenCore","Fusion Hammer"],"picked":"Eternal Feather"}],"items_purged_floors":[21,24],"is_endless":false,"potions_floor_spawned":[4,13,16,18,23,29,38,44,45,48],"ascension_level":0}