{"path_per_floor":["M","?","?","?","M","R","E","M","T","$","R","M","R","M","R"],"character_chosen":"THE_SILENT","items_purchased":["Trip","Distraction"],"gold_per_floor":[113,113,73,73,92,92,125,138,193,53,53,70,70,90,90,90],"floor_reached":16,"campfire_rested":2,"playtime":1661,"current_hp_per_floor":[63,63,63,63,63,63,8,8,8,8,29,13,34,32,32,0],"items_purged":[],"gold":90,"score":150,"play_id":"b4a94d85-0ec6-437e-8ed1-086b3e5d27d2","local_time":"20180521205632","is_prod":false,"is_daily":false,"chose_seed":false,"is_ascension_mode":true,"campfire_upgraded":2,"timestamp":1526961392,"campfire_choices":[{"data":"Distraction","floor":6,"key":"SMITH"},{"floor":11,"key":"REST"},{"floor":13,"key":"REST"},{"data":"Footwork","floor":15,"key":"SMITH"}],"path_taken":["M","?","?","?","M","R","E","M","T","?","R","M","R","?","R","BOSS"],"build_version":"2018-05-17","seed_source_timestamp":332975510930226,"purchased_purges":0,"victory":false,"master_deck":["Defend_G","Defend_G","Defend_G","Defend_G","Defend_G","Strike_G","Strike_G","Strike_G","Strike_G","Strike_G","Survivor","Neutralize+1","AscendersBane","Dagger Throw","Regret","Distraction+1","Footwork+1","Backstab","Trip","Distraction","Prepared","Underhanded Strike"],"max_hp_per_floor":[70,70,70,70,70,70,70,70,70,70,70,70,70,70,70,70],"relics":["Ring of the Snake","Anchor","Lantern","Ancient Tea Set"],"card_choices":[{"not_picked":["Outmaneuver","Acrobatics"],"picked":"Dagger Throw","floor":1},{"not_picked":["Outmaneuver","Concentrate"],"picked":"Distraction","floor":5},{"not_picked":["Tools of the Trade","Backstab"],"picked":"Footwork","floor":7},{"not_picked":["Acrobatics","Slice"],"picked":"Backstab","floor":8},{"not_picked":["Well Laid Plans","Catalyst"],"picked":"Prepared","floor":12},{"not_picked":["Infinite Blades","Choke"],"picked":"Underhanded Strike","floor":14}],"player_experience":468776,"potions_floor_usage":[7,7,16,16],"damage_taken":[{"damage":0,"enemies":"Small Slimes","floor":1,"turns":5},{"damage":0,"enemies":"2 Louse","floor":5,"turns":3},{"damage":55,"enemies":"Lagavulin","floor":7,"turns":8},{"damage":0,"enemies":"Cultist","floor":8,"turns":2},{"damage":16,"enemies":"Large Slime","floor":12,"turns":6},{"damage":2,"enemies":"2 Fungi Beasts","floor":14,"turns":4},{"damage":33,"enemies":"The Guardian","floor":16,"turns":10}],"relics_obtained":[{"floor":7,"key":"Lantern"},{"floor":9,"key":"Ancient Tea Set"}],"event_choices":[{"event_name":"Big Fish","player_choice":"Box","floor":2,"damage_taken":0},{"event_name":"The Woman in Blue","player_choice":"Bought 3 Potions","floor":3,"damage_taken":0},{"event_name":"Living Wall","player_choice":"Grow","floor":4,"damage_taken":0}],"boss_relics":[],"potions_floor_spawned":[7,12,14],"seed_played":"1966752305433470823","killed_by":"The Guardian","ascension_level":10,"potions_obtained":[{"floor":3,"key":"FearPotion"},{"floor":3,"key":"SneckoOil"},{"floor":3,"key":"EssenceOfSteel"},{"floor":7,"key":"SkillPotion"},{"floor":14,"key":"Strength Potion"}],"is_trial":false}