{"gold_per_floor":[119,7,20,39,39,74,74,106,136,136,36,55,78,98,98,195,195,206,225,35,54,68,68,94,94,94,121,121,121,136,152,152,251,251,270,289,289,14,14,43,55,94,106,118,130,169,25,25,25,25],"floor_reached":51,"playtime":2437,"items_purged":["Pain","Strike_R"],"score":974,"play_id":"9179e757-2c2c-4a55-bb57-a59cd097f658","local_time":"20180822115312","is_ascension_mode":true,"campfire_choices":[{"data":"Inflame","floor":7.0,"key":"SMITH"},{"data":"Uppercut","floor":10.0,"key":"SMITH"},{"data":"Sword Boomerang","floor":15,"key":"SMITH"},{"data":"Double Tap","floor":23,"key":"SMITH"},{"data":"Pommel Strike","floor":25,"key":"SMITH"},{"data":"Heavy Blade","floor":32,"key":"SMITH"},{"data":"Metallicize","floor":41,"key":"SMITH"},{"data":"Inflame","floor":44,"key":"SMITH"},{"floor":49,"key":"REST"}],"neow_cost":"CURSE","seed_source_timestamp":0,"circlet_count":0,"master_deck":["Strike_R+1","Strike_R+1","Strike_R+1","Strike_R+1","Defend_R+1","Defend_R+1","Defend_R+1","Defend_R+1","Feed","Inflame+1","Pummel","Uppercut+1","Sword Boomerang+1","Dropkick","Inflame+1","Immolate","Double Tap+1","Sword Boomerang+1","Flex+1","Pommel Strike+1","Heavy Blade+1","Pommel Strike+1","Shrug It Off+1","Metallicize+1","Madness","Madness","Flex+1"],"special_seed":0,"relics":["Burning Blood","Red Skull","Mummified Hand","Tiny Chest","Pen Nib","Mark of Pain","Sling","Art of War","Bottled Tornado","Centennial Puzzle","Paper Frog","Busted Crown","War Paint","MawBank","Dream Catcher","Juzu Bracelet","Orichalcum","Bag of Marbles"],"potions_floor_usage":[12,16,24,27,30,40,50],"damage_taken":[{"damage":11.0,"enemies":"Small Slimes","floor":1.0,"turns":5.0},{"damage":6.0,"enemies":"2 Louse","floor":3.0,"turns":3.0},{"damage":6.0,"enemies":"Cultist","floor":4.0,"turns":3.0},{"damage":26.0,"enemies":"Lagavulin","floor":6.0,"turns":5.0},{"damage":28.0,"enemies":"Gremlin Nob","floor":8.0,"turns":4.0},{"damage":1,"enemies":"Exordium Wildlife","floor":12,"turns":3},{"damage":8,"enemies":"Large Slime","floor":14,"turns":4},{"damage":0,"enemies":"Slime Boss","floor":16,"turns":3},{"damage":0,"enemies":"Chosen","floor":18,"turns":3},{"damage":3,"enemies":"Shell Parasite","floor":19,"turns":2},{"damage":20,"enemies":"Centurion and Healer","floor":21,"turns":3},{"damage":24,"enemies":"Sentry and Sphere","floor":22,"turns":4},{"damage":0,"enemies":"Gremlin Leader","floor":24,"turns":3},{"damage":0,"enemies":"Book of Stabbing","floor":27,"turns":2},{"damage":0,"enemies":"Snake Plant","floor":30,"turns":1},{"damage":9,"enemies":"Chosen and Byrds","floor":31,"turns":6},{"damage":13,"enemies":"Collector","floor":33,"turns":4},{"damage":18,"enemies":"3 Darklings","floor":35,"turns":2},{"damage":0,"enemies":"3 Shapes","floor":36,"turns":2},{"damage":9,"enemies":"2 Orb Walkers","floor":40,"turns":2},{"damage":7,"enemies":"Nemesis","floor":42,"turns":3},{"damage":13,"enemies":"Giant Head","floor":46,"turns":3},{"damage":45,"enemies":"Donu and Deca","floor":50,"turns":6}],"seed_played":"7097908657673662734","potions_obtained":[{"floor":1.0,"key":"Strength Potion"},{"floor":3.0,"key":"AttackPotion"},{"floor":4.0,"key":"PowerPotion"},{"floor":16,"key":"EssenceOfSteel"},{"floor":19,"key":"AttackPotion"},{"floor":22,"key":"Energy Potion"},{"floor":24,"key":"SkillPotion"},{"floor":30,"key":"SneckoOil"},{"floor":36,"key":"Weak Potion"},{"floor":42,"key":"Energy Potion"}],"is_trial":false,"path_per_floor":["M","$","M","M","?","E","R","E","T","R","$","M","T","M","R","B",null,"M","M","$","M","M","R","E","R","T","E","?","T","M","M","R","B",null,"M","M","?","$","?","E","R","E","T","R","?","E","$","$","R","B"],"character_chosen":"IRONCLAD","items_purchased":["Pummel","Sling","Shrug It Off","War Paint","Metallicize","Bag of Marbles"],"campfire_rested":1,"item_purchase_floors":[2,20,38,38,38,47],"current_hp_per_floor":[78,78,81,81,81,61,61,39,39,39,39,44,44,45,45,51,89,92,92,92,81,66,66,72,72,72,78,78,78,84,84,84,77,101,89,95,95,95,95,92,92,94,94,94,81,74,74,74,104,65],"gold":25,"neow_bonus":"THREE_RARE_CARDS","is_prod":false,"is_daily":false,"chose_seed":false,"campfire_upgraded":8,"win_rate":0,"timestamp":1534956792,"path_taken":["M","$","M","M","?","E","R","E","T","R","$","M","?","M","R","BOSS","M","M","$","M","M","R","E","R","T","E","?","?","M","M","R","BOSS","M","M","?","$","?","E","R","E","T","R","?","E","?","$","R","BOSS"],"build_version":"2018-08-16","purchased_purges":2,"victory":true,"max_hp_per_floor":[83,83,86,86,86,86,86,86,86,86,86,86,86,89,89,89,89,92,92,92,95,98,98,98,98,98,98,98,98,98,101,101,101,101,101,101,101,101,101,101,101,104,104,104,104,104,104,104,104,104],"card_choices":[{"not_picked":["Bludgeon","Juggernaut"],"picked":"Feed","floor":0.0},{"not_picked":["Dual Wield","Corruption"],"picked":"Inflame","floor":1.0},{"not_picked":["Infernal Blade","Battle Trance"],"picked":"Uppercut","floor":3.0},{"not_picked":["Twin Strike","Clash"],"picked":"Sword Boomerang","floor":4.0},{"not_picked":["Anger","Clash","Intimidate"],"picked":"SKIP","floor":6.0},{"not_picked":["Armaments","Wild Strike"],"picked":"Dropkick","floor":8.0},{"not_picked":["Pommel Strike","True Grit"],"picked":"Inflame","floor":12},{"not_picked":["Clothesline","Warcry"],"picked":"Immolate","floor":14},{"not_picked":["Feed","Barricade"],"picked":"Double Tap","floor":16},{"not_picked":["Spot Weakness","Inflame"],"picked":"Sword Boomerang+1","floor":18},{"not_picked":["Clothesline","Body Slam+1","Armaments"],"picked":"SKIP","floor":19},{"not_picked":["Clothesline","Body Slam+1","Armaments"],"picked":"SKIP","floor":19},{"not_picked":["Thunderclap","Armaments"],"picked":"Flex","floor":21},{"not_picked":["Havoc","Entrench","Infernal Blade"],"picked":"SKIP","floor":22},{"not_picked":["Searing Blow","Flex"],"picked":"Pommel Strike","floor":24},{"not_picked":["Clash+1","Brutality"],"picked":"Heavy Blade","floor":27},{"not_picked":["Havoc","Bloodletting+1","Feel No Pain+1"],"picked":"SKIP","floor":30},{"not_picked":["Heavy Blade","Infernal Blade","Thunderclap"],"picked":"SKIP","floor":31},{"not_picked":[],"picked":"Pommel Strike+1","floor":35},{"not_picked":["Clash"],"picked":"SKIP","floor":36},{"not_picked":["Pummel"],"picked":"SKIP","floor":40},{"not_picked":["Sever Soul+1"],"picked":"SKIP","floor":42},{"not_picked":[],"picked":"Flex+1","floor":46}],"player_experience":363434,"relics_obtained":[{"floor":6.0,"key":"Red Skull"},{"floor":8.0,"key":"Mummified Hand"},{"floor":9.0,"key":"Tiny Chest"},{"floor":13,"key":"Pen Nib"},{"floor":24,"key":"Art of War"},{"floor":26,"key":"Bottled Tornado"},{"floor":27,"key":"Centennial Puzzle"},{"floor":29,"key":"Paper Frog"},{"floor":40,"key":"MawBank"},{"floor":42,"key":"Dream Catcher"},{"floor":43,"key":"Juzu Bracelet"},{"floor":46,"key":"Orichalcum"}],"event_choices":[{"event_name":"Liars Game","player_choice":"disagreed","floor":5.0,"damage_taken":0.0},{"event_name":"Back to Basics","player_choice":"Simplicity","floor":28,"damage_taken":0},{"event_name":"Tomb of Lord Red Mask","player_choice":"Ignored","floor":37,"damage_taken":0},{"event_name":"Falling","player_choice":"Removed Attack","floor":39,"damage_taken":0},{"event_name":"Winding Halls","player_choice":"Embrace Madness","floor":45,"damage_taken":0}],"is_beta":false,"boss_relics":[{"not_picked":["White Beast Statue","Tiny House"],"picked":"Mark of Pain"},{"not_picked":["Coffee Dripper","Orrery"],"picked":"Busted Crown"}],"items_purged_floors":[2,11],"is_endless":false,"potions_floor_spawned":[1,3,4,16,19,22,24,30,36,42],"ascension_level":1}