{"path_per_floor":["M","?","?","$","M","E","M","M","T","E","R","T","R","M","R","B",null,"M","$","?","M","$","R","?","R","T","R","?","R","E","M","R"],"character_chosen":"IRONCLAD","items_purchased":["Offering","Iron Wave","Rupture","Battle Trance","Exhume"],"gold_per_floor":[109,139,314,161,175,209,227,241,241,270,270,270,270,280,280,384,384,403,215,215,232,85,85,85,85,110,110,110,110,145,158,158,158],"floor_reached":33,"campfire_rested":1,"playtime":3278,"current_hp_per_floor":[80,68,68,68,64,42,44,42,42,49,49,49,49,51,51,26,80,60,60,60,58,58,58,58,58,58,58,58,58,20,18,42,0],"items_purged":["Doubt","Strike_R"],"gold":158,"score":355,"play_id":"2efdd919-bc4a-4aab-9734-0da2894de9f9","local_time":"20180410200640","is_prod":false,"is_daily":false,"is_ascension_mode":true,"campfire_upgraded":7,"timestamp":1523416000,"path_taken":["M","?","?","$","M","E","M","M","T","E","R","?","R","M","R","BOSS","M","$","?","M","$","R","?","R","T","R","?","R","E","M","R","BOSS"],"build_version":"2018-04-05v2","purchased_purges":2,"victory":false,"master_deck":["Strike_R+1","Strike_R+1","Strike_R+1","Defend_R+1","Defend_R+1","Defend_R+1","Defend_R+1","Bash","Exhume+1","Inflame+1","Offering","Power Through","Metallicize+1","Spot Weakness+1","Demon Form+1","Iron Wave","Rupture+1","Heavy Blade+1","Flex","Battle Trance+1","Exhume+1"],"max_hp_per_floor":[80,80,80,80,80,80,80,80,80,80,80,80,80,80,80,80,80,80,80,80,80,80,80,80,80,80,80,80,80,80,80,80,80],"relics":["Burning Blood","Tiny Chest","Blue Candle","Charon\u0027s Ashes","Frozen Egg 2","Calipers","Sozu","Happy Flower","Ice Cream"],"card_choices":[{"not_picked":["Searing Blow","Twin Strike"],"picked":"Inflame","floor":1},{"not_picked":["Armaments","Intimidate"],"picked":"Power Through","floor":5},{"not_picked":["Shockwave","Combust"],"picked":"Metallicize","floor":7},{"not_picked":["Limit Break","Warcry"],"picked":"Spot Weakness","floor":10},{"not_picked":["Reaper","Fiend Fire"],"picked":"Demon Form","floor":16},{"not_picked":["Seeing Red","Shockwave"],"picked":"Flex","floor":21}],"player_experience":263012,"potions_floor_usage":[10,16,16,33],"damage_taken":[{"damage":5,"enemies":"Small Slimes","floor":1,"turns":4},{"damage":10,"enemies":"Jaw Worm","floor":5,"turns":2},{"damage":28,"enemies":"3 Sentries","floor":6,"turns":11},{"damage":4,"enemies":"2 Louse","floor":7,"turns":4},{"damage":8,"enemies":"Blue Slaver","floor":8,"turns":5},{"damage":8,"enemies":"Gremlin Nob","floor":10,"turns":4},{"damage":4,"enemies":"3 Louse","floor":14,"turns":2},{"damage":31,"enemies":"Hexaghost","floor":16,"turns":9},{"damage":26,"enemies":"Spheric Guardian","floor":18,"turns":6},{"damage":8,"enemies":"Shell Parasite","floor":21,"turns":3},{"damage":44,"enemies":"Gremlin Leader","floor":30,"turns":4},{"damage":8,"enemies":"Cultist and Chosen","floor":31,"turns":4},{"damage":45,"enemies":"Collector","floor":33,"turns":6}],"event_choices":[{"event_name":"Scrap Ooze","player_choice":"success","floor":2,"damage_taken":12},{"event_name":"Liars Game","player_choice":"agreed","floor":3,"damage_taken":0},{"event_name":"Transmorgrifier","player_choice":"Transform","floor":20,"damage_taken":0},{"event_name":"The Lab","player_choice":"Got Potions","floor":24,"damage_taken":0},{"event_name":"Back to Basics","player_choice":"Simplicity","floor":28,"damage_taken":0}],"boss_relics":[{"not_picked":["Philosopher\u0027s Stone","Black Star"],"picked":"Sozu"}],"potions_floor_spawned":[1,5,10,16,21,31],"seed_played":"-7029683614483191793","killed_by":"Collector","ascension_level":4,"is_trial":false}