{"path_per_floor":["M","?","M","?","?","R","E","R","T","M","R","M","$","M","R"],"character_chosen":"IRONCLAD","items_purchased":["Metallicize","Iron Wave"],"gold_per_floor":[116,116,129,129,129,129,172,172,198,212,212,232,29,48,48,48],"floor_reached":16,"campfire_rested":0,"playtime":689,"item_purchase_floors":[13,13],"current_hp_per_floor":[80,62,62,40,40,40,33,33,33,37,37,26,26,29,29,0],"items_purged":["Regret"],"gold":48,"score":160,"play_id":"b965ce4d-c12d-4b2e-aff7-fd95c8fa1e23","local_time":"20180525230817","is_prod":false,"is_daily":false,"chose_seed":false,"is_ascension_mode":true,"campfire_upgraded":4,"win_rate":0,"timestamp":1527314897,"campfire_choices":[{"data":"Uppercut","floor":6,"key":"SMITH"},{"data":"Bludgeon","floor":8,"key":"SMITH"},{"data":"Bash","floor":11,"key":"SMITH"},{"data":"Metallicize","floor":15,"key":"SMITH"}],"path_taken":["M","?","M","?","?","R","E","R","T","M","R","M","$","M","R","BOSS"],"build_version":"2018-05-24","seed_source_timestamp":687453133996511,"purchased_purges":1,"victory":false,"master_deck":["Strike_R","Strike_R","Strike_R","Strike_R","Strike_R","Defend_R","Defend_R+1","Defend_R+1","Defend_R+1","Bash+1","AscendersBane","Uppercut+1","Shrug It Off+1","Bludgeon+1","Clash","Metallicize+1","Iron Wave"],"max_hp_per_floor":[88,88,88,88,88,88,88,88,88,88,88,88,88,88,88,88],"relics":["Burning Blood","Golden Idol","Lantern","Regal Pillow","War Paint"],"card_choices":[{"not_picked":["Warcry","Headbutt"],"picked":"Uppercut","floor":1},{"not_picked":["Thunderclap","Sword Boomerang"],"picked":"Shrug It Off","floor":3},{"not_picked":["Havoc","Barricade"],"picked":"Bludgeon","floor":7},{"not_picked":["Shrug It Off","Carnage"],"picked":"Clash","floor":10},{"not_picked":["Havoc","Second Wind","Sever Soul"],"picked":"SKIP","floor":12},{"not_picked":["Havoc","Flex","Pommel Strike"],"picked":"SKIP","floor":14}],"player_experience":508486,"potions_floor_usage":[16,16],"damage_taken":[{"damage":6,"enemies":"2 Louse","floor":1,"turns":4},{"damage":6,"enemies":"Small Slimes","floor":3,"turns":4},{"damage":13,"enemies":"3 Sentries","floor":7,"turns":9},{"damage":2,"enemies":"Jaw Worm","floor":10,"turns":3},{"damage":17,"enemies":"3 Louse","floor":12,"turns":4},{"damage":3,"enemies":"Blue Slaver","floor":14,"turns":3},{"damage":31,"enemies":"The Guardian","floor":16,"turns":6}],"relics_obtained":[{"floor":7,"key":"Regal Pillow"},{"floor":9,"key":"War Paint"}],"event_choices":[{"event_name":"Shining Light","player_choice":"Entered Light","floor":2,"damage_taken":0},{"event_name":"Golden Idol","player_choice":"Take Damage","floor":4,"damage_taken":0},{"event_name":"Big Fish","player_choice":"Box","floor":5,"damage_taken":0}],"boss_relics":[],"items_purged_floors":[13],"potions_floor_spawned":[10,12],"seed_played":"3286049524002585471","killed_by":"The Guardian","ascension_level":12,"potions_obtained":[{"floor":10,"key":"Explosive Potion"},{"floor":12,"key":"FearPotion"}],"is_trial":false}