{"path_per_floor":["M","?","?","M","$","E","R","?","T","R","E","M","$","M","R","B",null,"M","M","?","?","M","E","?","$","T","R","E","R","E","M","R"],"character_chosen":"IRONCLAD","items_purchased":[],"gold_per_floor":[119,119,119,137,62,94,94,94,94,94,121,139,39,53,53,155,155,165,183,183,183,194,221,221,96,96,96,124,124,158,172,172,172],"floor_reached":33,"campfire_rested":1,"playtime":1445,"current_hp_per_floor":[80,73,73,76,76,80,80,80,80,80,62,70,70,69,69,35,80,80,75,75,75,62,33,33,33,33,78,43,49,42,37,43,0],"items_purged":["Regret","Normality","Strike_R"],"gold":172,"score":370,"play_id":"c7135cb8-104b-4a74-9d74-78fb2262951f","local_time":"20180331174656","is_prod":false,"is_daily":false,"is_ascension_mode":true,"campfire_upgraded":5,"timestamp":1522543616,"path_taken":["M","?","?","M","$","E","R","?","T","R","E","?","$","M","R","BOSS","M","M","?","?","M","E","?","$","T","R","E","R","E","M","R","BOSS"],"build_version":"2018-03-29v2","purchased_purges":3,"victory":false,"master_deck":["Strike_R","Strike_R","Strike_R","Defend_R","Defend_R","Defend_R","Defend_R","Bash","Searing Blow+5","Clash","Metallicize","Iron Wave","Blood for Blood+1","Iron Wave","Berserk","Impervious","Clash+1"],"max_hp_per_floor":[80,80,80,80,80,80,80,80,80,80,80,80,80,80,80,80,80,80,80,80,80,80,80,80,80,80,80,80,80,80,80,80,80],"relics":["Burning Blood","NeowsBlessing","Vajra","Blood Vial","Bag of Marbles","Lantern","Dodecahedron","Eternal Feather","Omamori","Ancient Tea Set","Regal Pillow","Paper Frog","Art of War"],"card_choices":[{"not_picked":["Rupture","Havoc"],"picked":"Combust","floor":1},{"not_picked":["Perfected Strike","Infernal Blade"],"picked":"Searing Blow","floor":6},{"not_picked":["Flame Barrier","Thunderclap"],"picked":"Clash","floor":11},{"not_picked":["Thunderclap","Cleave"],"picked":"Metallicize","floor":12},{"not_picked":["Feel No Pain","Body Slam"],"picked":"Iron Wave","floor":14},{"not_picked":["Headbutt","Spot Weakness"],"picked":"Blood for Blood","floor":19},{"not_picked":["Combust","Searing Blow"],"picked":"Berserk","floor":23},{"not_picked":["Evolve","Pommel Strike"],"picked":"Impervious","floor":30},{"not_picked":["Flame Barrier","Pommel Strike"],"picked":"Clash","floor":31}],"player_experience":207954,"potions_floor_usage":[11,16,22,22,23,33,33],"damage_taken":[{"damage":0,"enemies":"Jaw Worm","floor":1,"turns":1},{"damage":3,"enemies":"2 Louse","floor":4,"turns":1},{"damage":0,"enemies":"Gremlin Nob","floor":6,"turns":1},{"damage":24,"enemies":"Lagavulin","floor":11,"turns":6},{"damage":0,"enemies":"Small Slimes","floor":12,"turns":1},{"damage":9,"enemies":"2 Fungi Beasts","floor":14,"turns":3},{"damage":42,"enemies":"The Guardian","floor":16,"turns":10},{"damage":0,"enemies":"Spheric Guardian","floor":18,"turns":3},{"damage":11,"enemies":"Chosen","floor":19,"turns":4},{"damage":21,"enemies":"3 Cultists","floor":22,"turns":5},{"damage":46,"enemies":"Gremlin Leader","floor":23,"turns":7},{"damage":43,"enemies":"Slavers","floor":28,"turns":6},{"damage":15,"enemies":"Book of Stabbing","floor":30,"turns":3},{"damage":13,"enemies":"Snecko","floor":31,"turns":4},{"damage":45,"enemies":"Automaton","floor":33,"turns":6}],"event_choices":[{"event_name":"Golden Wing","player_choice":"Card Removal","floor":2,"damage_taken":0},{"event_name":"Big Fish","player_choice":"Box","floor":3,"damage_taken":0},{"event_name":"Accursed Blacksmith","player_choice":"Rummage","floor":8,"damage_taken":0},{"event_name":"The Library","player_choice":"Read","floor":20,"damage_taken":0},{"event_name":"The Mausoleum","player_choice":"Yes","floor":21,"damage_taken":0},{"event_name":"Back to Basics","player_choice":"Elegance","floor":24,"damage_taken":0}],"boss_relics":[{"not_picked":["Philosopher\u0027s Stone","Runic Dome"],"picked":"Eternal Feather"}],"potions_floor_spawned":[1,4,6,14,16,18,22,31],"seed_played":"-5007165129956132454","killed_by":"Automaton","ascension_level":2,"is_trial":false}