{"gold_per_floor":[110,127,47,47,47,47,47,90,90,109,69,89,89,105,105,199,199,215,239,260,310,335,335,335,335,358,358,398,398,12,12,12,12],"floor_reached":33,"playtime":1732,"items_purged":[],"score":526,"play_id":"e351fe6d-2092-4be7-b416-cba5eed94167","local_time":"20190409194140","is_ascension_mode":true,"campfire_choices":[{"data":"Skewer","floor":6.0,"key":"SMITH"},{"floor":13.0,"key":"REST"},{"data":"Finisher","floor":15.0,"key":"SMITH"},{"floor":23.0,"key":"REST"},{"data":"Cloak And Dagger","floor":25.0,"key":"SMITH"},{"data":"Neutralize","floor":27.0,"key":"SMITH"},{"floor":32.0,"key":"DIG"}],"neow_cost":"NONE","seed_source_timestamp":0,"circlet_count":0,"master_deck":["AscendersBane","Defend_G","Defend_G+1","Defend_G","Defend_G","Defend_G","Strike_G","Strike_G","Strike_G","Strike_G","Strike_G+1","Survivor","Neutralize+1","Blade Dance","Skewer+1","Crippling Poison","Backflip","Finisher+1","Infinite Blades","Dagger Spray","After Image","Blade Dance","Backflip","Cloak And Dagger+1","Decay","Escape Plan","Decay"],"special_seed":0,"relics":["Ring of the Snake","Golden Idol","Shovel","Gremlin Horn","Cursed Key","MutagenicStrength","Strawberry","Singing Bowl","FossilizedHelix","Pantograph"],"potions_floor_usage":[33],"damage_taken":[{"damage":7.0,"enemies":"Small Slimes","floor":1.0,"turns":5.0},{"damage":1.0,"enemies":"Jaw Worm","floor":2.0,"turns":6.0},{"damage":29.0,"enemies":"Lagavulin","floor":8.0,"turns":7.0},{"damage":0.0,"enemies":"Cultist","floor":10.0,"turns":3.0},{"damage":0.0,"enemies":"Looter","floor":11.0,"turns":4.0},{"damage":5.0,"enemies":"Red Slaver","floor":12.0,"turns":4.0},{"damage":1.0,"enemies":"Large Slime","floor":14.0,"turns":6.0},{"damage":5.0,"enemies":"Slime Boss","floor":16.0,"turns":7.0},{"damage":11.0,"enemies":"2 Thieves","floor":18.0,"turns":4.0},{"damage":4.0,"enemies":"Chosen","floor":19.0,"turns":3.0},{"damage":16.0,"enemies":"Centurion and Healer","floor":20.0,"turns":8.0},{"damage":17.0,"enemies":"Snecko","floor":22.0,"turns":8.0},{"damage":10.0,"enemies":"Gremlin Leader","floor":28.0,"turns":7.0},{"damage":63,"enemies":"Automaton","floor":33,"turns":6}],"seed_played":"-2543534019570309346","potions_obtained":[{"floor":1.0,"key":"Dexterity Potion"},{"floor":10.0,"key":"Explosive Potion"},{"floor":12.0,"key":"AttackPotion"},{"floor":14.0,"key":"SteroidPotion"},{"floor":19.0,"key":"EssenceOfSteel"},{"floor":22.0,"key":"Regen Potion"}],"is_trial":false,"path_per_floor":["M","M","$","?","?","R","$","E","T","M","M","M","R","M","R","B",null,"M","M","M","?","M","R","?","R","T","R","E","?","$","$","R","B"],"character_chosen":"THE_SILENT","items_purchased":["Crippling Poison","FossilizedHelix","AttackPotion"],"campfire_rested":2,"item_purchase_floors":[3,30,30],"current_hp_per_floor":[58,57,57,35,35,35,35,6,6,6,6,1,20,19,19,14,52,41,37,21,21,4,23,23,23,30,30,35,35,35,35,35,0],"gold":12,"neow_bonus":"TEN_PERCENT_HP_BONUS","is_prod":false,"is_daily":false,"chose_seed":false,"campfire_upgraded":4,"win_rate":0,"timestamp":1554831700,"path_taken":["M","M","$","?","?","R","?","E","T","M","?","M","R","M","R","BOSS","M","M","M","?","?","R","?","R","T","R","E","?","$","?","R","BOSS"],"build_version":"2019-01-23","purchased_purges":0,"victory":false,"max_hp_per_floor":[72,72,72,72,65,65,65,65,65,65,65,65,65,65,65,65,65,65,65,65,65,65,65,65,65,72,72,72,72,72,72,72,72],"card_choices":[{"not_picked":["Flying Knee","Caltrops"],"picked":"Blade Dance","floor":1.0},{"not_picked":["Slice","Dagger Throw"],"picked":"Skewer","floor":2.0},{"not_picked":["Dagger Throw","Calculated Gamble"],"picked":"Backflip","floor":8.0},{"not_picked":["PiercingWail","Outmaneuver"],"picked":"Finisher","floor":10.0},{"not_picked":["Finisher","Concentrate","Deadly Poison"],"picked":"SKIP","floor":11.0},{"not_picked":["PiercingWail","Acrobatics"],"picked":"Infinite Blades","floor":12.0},{"not_picked":["Unload","Concentrate"],"picked":"Dagger Spray","floor":14.0},{"not_picked":["Envenom","Corpse Explosion"],"picked":"After Image","floor":16.0},{"not_picked":["Catalyst","Outmaneuver"],"picked":"Blade Dance","floor":18.0},{"not_picked":["Heel Hook","Slice"],"picked":"Backflip","floor":19.0},{"not_picked":["Deadly Poison","Flying Knee+1"],"picked":"Cloak And Dagger","floor":20.0},{"not_picked":["Heel Hook","Riddle With Holes","Poisoned Stab"],"picked":"SKIP","floor":22.0},{"not_picked":["Bane","Eviscerate+1"],"picked":"Escape Plan","floor":28.0}],"player_experience":580443,"relics_obtained":[{"floor":8.0,"key":"Shovel"},{"floor":9.0,"key":"Gremlin Horn"},{"floor":26.0,"key":"Strawberry"},{"floor":28.0,"key":"Singing Bowl"},{"floor":32.0,"key":"Pantograph"}],"event_choices":[{"damage_healed":0.0,"max_hp_gain":0.0,"max_hp_loss":0.0,"gold_gain":0.0,"event_name":"Shining Light","player_choice":"Entered Light","floor":4.0,"gold_loss":0.0,"damage_taken":22.0,"cards_upgraded":["Defend_G","Strike_G"]},{"damage_healed":0.0,"max_hp_gain":0.0,"max_hp_loss":7.0,"gold_gain":0.0,"event_name":"Golden Idol","player_choice":"Lose Max HP","floor":5.0,"gold_loss":0.0,"damage_taken":0.0,"relics_obtained":["Golden Idol"]},{"damage_healed":0.0,"max_hp_gain":0.0,"max_hp_loss":0.0,"gold_gain":50.0,"event_name":"Golden Shrine","player_choice":"Pray","floor":21.0,"gold_loss":0.0,"damage_taken":0.0},{"damage_healed":0.0,"max_hp_gain":0.0,"max_hp_loss":0.0,"gold_gain":0.0,"event_name":"Drug Dealer","player_choice":"Inject Mutagens","floor":24.0,"gold_loss":0.0,"damage_taken":0.0,"relics_obtained":["MutagenicStrength"]},{"damage_healed":0.0,"max_hp_gain":0.0,"max_hp_loss":0.0,"gold_gain":0.0,"event_name":"Wheel of Change","player_choice":"Cursed","floor":29.0,"gold_loss":0.0,"damage_taken":0.0,"cards_obtained":["Decay"]}],"is_beta":false,"boss_relics":[{"not_picked":["Lizard Tail","Ring of the Serpent"],"picked":"Cursed Key"}],"items_purged_floors":[],"is_endless":false,"potions_floor_spawned":[1,10,12,14,19,22],"killed_by":"Automaton","ascension_level":20}