{"gold_per_floor":[119,139,151,151,25,37,37,71,71,71,98,98,98,109,109,214,214,226,216,315,27,40,66,66,91,91,91],"floor_reached":27,"playtime":2142,"items_purged":["Strike_G","Strike_G"],"score":326,"play_id":"37bfa935-7982-49fb-85f4-eb95f08fc679","local_time":"20190117180208","is_ascension_mode":true,"campfire_choices":[{"data":"Phantasmal Killer","floor":7,"key":"SMITH"},{"data":"Footwork","floor":10,"key":"SMITH"},{"data":"Cloak And Dagger","floor":12,"key":"SMITH"},{"data":"Infinite Blades","floor":15,"key":"SMITH"},{"floor":24,"key":"REST"}],"neow_cost":"NONE","seed_source_timestamp":1968246092145,"circlet_count":0,"master_deck":["Defend_G","Defend_G+1","Defend_G+1","Defend_G","Defend_G+1","Strike_G","Strike_G","Strike_G","Survivor","Neutralize","Phantasmal Killer+1","Blade Dance","PiercingWail","Dagger Spray","Cloak And Dagger+1","Caltrops","Footwork+1","Infinite Blades+1","Unload","Accuracy","Blade Dance","Dodge and Roll+1","Infinite Blades+1","Noxious Fumes"],"relics":["Ring of the Snake","Mercury Hourglass","Nunchaku","Thread and Needle","Black Star","Turnip","Blue Candle","Tingsha","Pantograph","War Paint"],"potions_floor_usage":[6,8,16,16,22,23,25],"damage_taken":[{"damage":1,"enemies":"Cultist","floor":1,"turns":3},{"damage":1,"enemies":"Small Slimes","floor":2,"turns":4},{"damage":0,"enemies":"2 Louse","floor":3,"turns":4},{"damage":2,"enemies":"Blue Slaver","floor":6,"turns":3},{"damage":16,"enemies":"Gremlin Nob","floor":8,"turns":3},{"damage":11,"enemies":"Lagavulin","floor":11,"turns":9},{"damage":0,"enemies":"3 Louse","floor":14,"turns":2},{"damage":17,"enemies":"The Guardian","floor":16,"turns":12},{"damage":0,"enemies":"Shell Parasite","floor":18,"turns":7},{"damage":13,"enemies":"2 Thieves","floor":19,"turns":4},{"damage":8,"enemies":"3 Cultists","floor":22,"turns":5},{"damage":10,"enemies":"Slavers","floor":23,"turns":5},{"damage":39,"enemies":"Book of Stabbing","floor":25,"turns":7},{"damage":18,"enemies":"Slavers","floor":27,"turns":3}],"seed_played":"5382930426075768127","potions_obtained":[{"floor":1,"key":"Fire Potion"},{"floor":2,"key":"SteroidPotion"},{"floor":8,"key":"SpeedPotion"},{"floor":14,"key":"LiquidBronze"},{"floor":23,"key":"Poison Potion"}],"is_trial":false,"path_per_floor":["M","M","M","?","$","M","R","E","T","R","E","R","?","M","R","B",null,"M","M","?","$","M","E","R","E","T","E"],"character_chosen":"THE_SILENT","items_purchased":["Cloak And Dagger","Accuracy","Strength Potion","Blade Dance","Swift Potion"],"campfire_rested":1,"item_purchase_floors":[5,21,21,21,21],"current_hp_per_floor":[69,68,68,54,54,52,52,36,36,36,25,25,25,25,25,8,55,55,42,42,42,34,24,45,6,6,0],"gold":91,"neow_bonus":"ONE_RANDOM_RARE_CARD","is_prod":false,"is_daily":false,"chose_seed":false,"campfire_upgraded":4,"win_rate":0,"timestamp":1547769728,"path_taken":["M","M","M","?","$","M","R","E","T","R","E","R","?","M","R","BOSS","M","M","?","$","M","E","R","E","T","E"],"build_version":"2019-01-10","purchased_purges":2,"victory":false,"max_hp_per_floor":[70,70,70,70,70,70,70,70,70,70,70,70,70,70,70,70,70,70,70,70,70,70,70,70,70,70,70],"card_choices":[{"not_picked":["Deflect","All Out Attack"],"picked":"Blade Dance","floor":1},{"not_picked":["Underhanded Strike","Deadly Poison"],"picked":"PiercingWail","floor":2},{"not_picked":["Riddle With Holes","Calculated Gamble"],"picked":"Dagger Spray","floor":3},{"not_picked":["Sucker Punch","Deadly Poison"],"picked":"Caltrops","floor":6},{"not_picked":["Grand Finale","Tactician"],"picked":"Footwork","floor":8},{"not_picked":["Acrobatics","Cloak And Dagger"],"picked":"Infinite Blades","floor":11},{"not_picked":["Riddle With Holes","Choke","Deflect"],"picked":"SKIP","floor":14},{"not_picked":["Bullet Time","Wraith Form v2"],"picked":"Unload","floor":16},{"not_picked":["Sucker Punch","Deflect","Slice"],"picked":"SKIP","floor":18},{"not_picked":["Dagger Spray","Outmaneuver","Deadly Poison"],"picked":"SKIP","floor":19},{"not_picked":["Reflex","Heel Hook"],"picked":"Dodge and Roll","floor":22},{"not_picked":["Dagger Spray","Flying Knee"],"picked":"Infinite Blades+1","floor":23},{"not_picked":["Quick Slash","Bouncing Flask"],"picked":"Noxious Fumes","floor":25}],"player_experience":469171,"relics_obtained":[{"floor":8,"key":"Mercury Hourglass"},{"floor":9,"key":"Nunchaku"},{"floor":11,"key":"Thread and Needle"},{"floor":23,"key":"Turnip"},{"floor":23,"key":"Blue Candle"},{"floor":25,"key":"Tingsha"},{"floor":25,"key":"Pantograph"},{"floor":26,"key":"War Paint"}],"event_choices":[{"damage_healed":0,"gold_gain":0,"player_choice":"Entered Light","damage_taken":14,"max_hp_gain":0,"max_hp_loss":0,"event_name":"Shining Light","floor":4,"gold_loss":0,"cards_upgraded":["Defend_G","Defend_G"]},{"damage_healed":0,"gold_gain":0,"player_choice":"Ignored","damage_taken":0,"max_hp_gain":0,"max_hp_loss":0,"event_name":"Liars Game","floor":13,"gold_loss":0},{"damage_healed":0,"gold_gain":99,"player_choice":"Stole From Cult","damage_taken":0,"max_hp_gain":0,"max_hp_loss":0,"event_name":"Nest","floor":20,"gold_loss":0}],"is_beta":false,"boss_relics":[{"not_picked":["White Beast Statue","Lizard Tail"],"picked":"Black Star"}],"items_purged_floors":[5,21],"is_endless":false,"potions_floor_spawned":[1,2,8,14,23],"killed_by":"Slavers","ascension_level":5}