{"gold_per_floor":[112,2,2,2,18,18,46,63,63,95,18,18,36,56,56,151,151,170,170,16,26,26,26,43,78,78,104,114,114,34,46,46,149,149,168,268,317,66,66,66,31,64,64,16,45,45,57,71,71,71,71,71,21,53,53],"floor_reached":56,"playtime":4268,"items_purged":[],"score":1676,"play_id":"069c3718-0154-4909-9082-8a38f65d74ac","local_time":"20190128104453","is_ascension_mode":true,"campfire_choices":[{"data":"Whirlwind","floor":6.0,"key":"SMITH"},{"data":"Body Slam","floor":12.0,"key":"SMITH"},{"data":"Shrug It Off","floor":15.0,"key":"SMITH"},{"data":"Evolve","floor":23.0,"key":"SMITH"},{"data":"Offering","floor":29.0,"key":"SMITH"},{"data":"Pommel Strike","floor":32.0,"key":"SMITH"},{"data":"Bash","floor":40.0,"key":"SMITH"},{"data":"Body Slam","floor":46.0,"key":"SMITH"},{"floor":49.0,"key":"RECALL"},{"data":"Limit Break","floor":52.0,"key":"SMITH"}],"neow_cost":"NONE","seed_source_timestamp":258376659142626,"circlet_count":0,"master_deck":["Strike_R","Strike_R","Strike_R","Defend_R","Defend_R","Defend_R","Defend_R","Bash+1","Evolve+1","Whirlwind+1","Wild Strike","Body Slam+1","Reaper","Shrug It Off+1","Pommel Strike+1","Offering+1","Disarm+1","Writhe","Corruption+1","Seeing Red","Feel No Pain+1","Inflame+1","Limit Break+1","Spot Weakness+1","Entrench+1","Barricade+1","Headbutt+1","Exhume+1","True Grit+1","Metallicize+1","Reaper","Body Slam+1","True Grit+1","Body Slam"],"special_seed":0,"relics":["Burning Blood","Regal Pillow","Frozen Egg 2","Orichalcum","Incense Burner","Coffee Dripper","Nloth\u0027s Gift","Centennial Puzzle","Bottled Lightning","Toxic Egg 2","Eternal Feather","Du-Vu Doll","Unceasing Top","Pen Nib","Strawberry","Singing Bowl","Blood Vial","Pear"],"potions_floor_usage":[55,55,55],"damage_taken":[{"damage":1.0,"enemies":"Cultist","floor":1.0,"turns":3.0},{"damage":2.0,"enemies":"Small Slimes","floor":5.0,"turns":4.0},{"damage":32.0,"enemies":"Gremlin Nob","floor":7.0,"turns":4.0},{"damage":7.0,"enemies":"Jaw Worm","floor":8.0,"turns":3.0},{"damage":41.0,"enemies":"Lagavulin","floor":10.0,"turns":8.0},{"damage":10.0,"enemies":"Red Slaver","floor":13.0,"turns":4.0},{"damage":0.0,"enemies":"3 Louse","floor":14.0,"turns":2.0},{"damage":36.0,"enemies":"Slime Boss","floor":16.0,"turns":8.0},{"damage":21.0,"enemies":"2 Thieves","floor":18.0,"turns":4.0},{"damage":14.0,"enemies":"Shell Parasite","floor":21.0,"turns":5.0},{"damage":8.0,"enemies":"Shelled Parasite and Fungi","floor":24.0,"turns":5.0},{"damage":20.0,"enemies":"Slavers","floor":25.0,"turns":2.0},{"damage":18.0,"enemies":"Book of Stabbing","floor":27.0,"turns":5.0},{"damage":12.0,"enemies":"Snecko","floor":28.0,"turns":4.0},{"damage":6.0,"enemies":"Cultist and Chosen","floor":31.0,"turns":3.0},{"damage":66.0,"enemies":"Champ","floor":33.0,"turns":13.0},{"damage":21.0,"enemies":"Orb Walker","floor":35.0,"turns":5.0},{"damage":10.0,"enemies":"Mind Bloom Boss Battle","floor":36.0,"turns":6.0},{"damage":12.0,"enemies":"2 Orb Walkers","floor":37.0,"turns":4.0},{"damage":6.0,"enemies":"Reptomancer","floor":42.0,"turns":6.0},{"damage":6.0,"enemies":"Nemesis","floor":45.0,"turns":7.0},{"damage":1.0,"enemies":"3 Darklings","floor":47.0,"turns":4.0},{"damage":12.0,"enemies":"Transient","floor":48.0,"turns":5.0},{"damage":49.0,"enemies":"Awakened One","floor":50.0,"turns":8.0},{"damage":49.0,"enemies":"Shield and Spear","floor":54.0,"turns":6.0},{"damage":9,"enemies":"The Heart","floor":55,"turns":8}],"seed_played":"-2099240701838198084","potions_obtained":[{"floor":5.0,"key":"SpeedPotion"},{"floor":8.0,"key":"SteroidPotion"},{"floor":14.0,"key":"Dexterity Potion"},{"floor":16.0,"key":"Explosive Potion"},{"floor":25.0,"key":"Block Potion"},{"floor":31.0,"key":"Regen Potion"},{"floor":35.0,"key":"Swift Potion"},{"floor":48.0,"key":"GamblersBrew"},{"floor":54.0,"key":"LiquidBronze"}],"is_trial":false,"path_per_floor":["M","$","?","?","M","R","E","M","T","E","?","R","M","M","R","B",null,"M","?","$","M","?","R","M","E","T","E","M","R","$","M","R","B",null,"M","?","?","$","?","R","$","E","T","$","E","R","M","M","R","B",null,"R","$","E","B",null],"character_chosen":"IRONCLAD","items_purchased":["Evolve","Whirlwind","Corruption+1","Seeing Red","Entrench+1","True Grit+1","Pen Nib","Dexterity Potion","Metallicize+1","Body Slam","Strength Potion"],"campfire_rested":0,"item_purchase_floors":[2,2,20,20,30,38,38,38,41,44,53],"current_hp_per_floor":[77,77,70,70,74,74,48,47,47,12,12,12,12,45,45,23,66,51,51,51,50,50,50,48,55,55,53,57,57,57,75,75,26,67,63,80,74,74,74,80,80,87,87,87,87,87,89,91,91,91,91,91,91,74,101],"gold":53,"neow_bonus":"RANDOM_COMMON_RELIC","is_prod":false,"is_daily":false,"chose_seed":false,"campfire_upgraded":9,"win_rate":0,"timestamp":1548668693,"path_taken":["M","$","?","?","?","R","E","M","T","E","?","R","?","M","R","BOSS","M","?","$","M","?","R","?","E","T","E","M","R","$","M","R","BOSS","M","?","?","$","?","R","?","E","T","$","E","R","M","?","R","BOSS","R","$","E","BOSS"],"build_version":"2019-01-23","purchased_purges":0,"victory":true,"max_hp_per_floor":[80,80,80,80,80,80,80,80,80,80,80,80,80,80,80,80,80,80,80,80,80,80,80,80,80,80,80,80,80,80,80,80,80,80,80,80,80,80,80,80,80,87,87,87,87,87,89,91,91,91,91,91,91,101,101],"card_choices":[{"not_picked":["Wild Strike","Heavy Blade","Pummel"],"picked":"SKIP","floor":1.0},{"not_picked":["Warcry","Metallicize","Anger"],"picked":"SKIP","floor":5.0},{"not_picked":["Rage","Evolve"],"picked":"Wild Strike","floor":7.0},{"not_picked":["Heavy Blade","Thunderclap"],"picked":"Body Slam","floor":8.0},{"not_picked":["Intimidate","Entrench"],"picked":"Reaper","floor":10.0},{"not_picked":["Perfected Strike","Iron Wave"],"picked":"Shrug It Off","floor":13.0},{"not_picked":["Warcry","Rampage"],"picked":"Pommel Strike","floor":14.0},{"not_picked":["Barricade+1","Juggernaut+1"],"picked":"Offering","floor":16.0},{"not_picked":["Rupture+1","Havoc"],"picked":"Disarm+1","floor":18.0},{"not_picked":["Flex","Perfected Strike"],"picked":"Feel No Pain+1","floor":21.0},{"not_picked":["Thunderclap","Perfected Strike"],"picked":"Inflame+1","floor":24.0},{"not_picked":["Double Tap","Pommel Strike"],"picked":"Limit Break","floor":25.0},{"not_picked":["Cleave","Heavy Blade","Wild Strike"],"picked":"SKIP","floor":27.0},{"not_picked":["Blood for Blood+1","Pommel Strike+1"],"picked":"Spot Weakness+1","floor":28.0},{"not_picked":["Iron Wave","Battle Trance+1"],"picked":"Power Through+1","floor":31.0},{"not_picked":["Juggernaut+1","Offering+1"],"picked":"Barricade+1","floor":33.0},{"not_picked":["Rage+1","Perfected Strike","Flex+1"],"picked":"SKIP","floor":35.0},{"not_picked":["Heavy Blade","Pommel Strike"],"picked":"Headbutt+1","floor":36.0},{"not_picked":["Inflame+1","Wild Strike"],"picked":"Exhume+1","floor":37.0},{"not_picked":["Juggernaut+1","Wild Strike+1"],"picked":"Reaper","floor":42.0},{"not_picked":["Warcry+1","Brutality+1"],"picked":"True Grit+1","floor":45.0},{"not_picked":["Warcry+1","Corruption+1","Iron Wave+1"],"picked":"Singing Bowl","floor":47.0},{"not_picked":["Barricade+1","Twin Strike","Clothesline+1"],"picked":"Singing Bowl","floor":48.0},{"not_picked":["Carnage+1","Offering+1"],"picked":"Body Slam","floor":54.0}],"player_experience":155259,"relics_obtained":[{"floor":7.0,"key":"Frozen Egg 2"},{"floor":10.0,"key":"Orichalcum"},{"floor":25.0,"key":"Centennial Puzzle"},{"floor":26.0,"key":"Bottled Lightning"},{"floor":27.0,"key":"Toxic Egg 2"},{"floor":36.0,"key":"Du-Vu Doll"},{"floor":37.0,"key":"Unceasing Top"},{"floor":42.0,"key":"Strawberry"},{"floor":43.0,"key":"Singing Bowl"},{"floor":45.0,"key":"Blood Vial"},{"floor":54.0,"key":"Pear"}],"event_choices":[{"cards_removed":["Strike_R"],"damage_healed":0.0,"max_hp_gain":0.0,"max_hp_loss":0.0,"gold_gain":0.0,"event_name":"Golden Wing","player_choice":"Card Removal","floor":3.0,"gold_loss":0.0,"damage_taken":7.0},{"cards_removed":["Strike_R"],"damage_healed":0.0,"max_hp_gain":0.0,"max_hp_loss":0.0,"gold_gain":0.0,"event_name":"Bonfire Elementals","player_choice":"Offered Basic","floor":4.0,"gold_loss":0.0,"damage_taken":0.0},{"damage_healed":0.0,"max_hp_gain":0.0,"max_hp_loss":0.0,"gold_gain":0.0,"event_name":"WeMeetAgain","player_choice":"Paid Gold","floor":11.0,"gold_loss":77.0,"damage_taken":0.0,"relics_obtained":["Incense Burner"]},{"damage_healed":0.0,"max_hp_gain":0.0,"max_hp_loss":0.0,"gold_gain":0.0,"event_name":"The Mausoleum","player_choice":"Opened","floor":19.0,"gold_loss":0.0,"damage_taken":0.0,"relics_obtained":["Red Skull"],"cards_obtained":["Writhe"]},{"damage_healed":0.0,"max_hp_gain":0.0,"max_hp_loss":0.0,"gold_gain":0.0,"event_name":"N\u0027loth","player_choice":"Traded Relic","floor":22.0,"relics_lost":["Red Skull"],"gold_loss":0.0,"damage_taken":0.0,"relics_obtained":["Nloth\u0027s Gift"]},{"damage_healed":0.0,"max_hp_gain":0.0,"max_hp_loss":0.0,"gold_gain":0.0,"event_name":"MindBloom","player_choice":"Fight","floor":36.0,"gold_loss":0.0,"damage_taken":0.0},{"damage_healed":0.0,"max_hp_gain":0.0,"max_hp_loss":0.0,"gold_gain":0.0,"event_name":"Mysterious Sphere","player_choice":"Fight","floor":37.0,"gold_loss":0.0,"damage_taken":0.0},{"cards_removed":["Power Through"],"damage_healed":0.0,"max_hp_gain":0.0,"max_hp_loss":0.0,"gold_gain":0.0,"event_name":"Falling","player_choice":"Removed Skill","floor":39.0,"gold_loss":0.0,"damage_taken":0.0}],"is_beta":false,"boss_relics":[{"not_picked":["Runic Dome","Tiny House"],"picked":"Coffee Dripper"},{"not_picked":["Astrolabe","White Beast Statue"],"picked":"Eternal Feather"}],"items_purged_floors":[],"is_endless":false,"potions_floor_spawned":[5,8,14,16,18,25,31,35,42,48,54],"ascension_level":8}