{"gold_per_floor":[113,123,134,151,168,196,196,121,121,121,104,117,146,159,159,234,234,253,253,56,41,41,69,69,69,137,137],"floor_reached":27,"playtime":969,"items_purged":[],"score":411,"play_id":"1d6dfc2e-de0a-40df-88bf-d5f5e72c102a","local_time":"20181102111321","is_ascension_mode":true,"campfire_choices":[{"data":"Creative AI","floor":7.0,"key":"SMITH"},{"data":"Dualcast","floor":10.0,"key":"SMITH"},{"floor":15.0,"key":"REST"},{"floor":24,"key":"REST"}],"neow_cost":"NONE","seed_source_timestamp":0,"circlet_count":0,"master_deck":["AscendersBane","Strike_B","Strike_B","Strike_B","Defend_B","Defend_B","Defend_B","Defend_B","Zap+1","Dualcast+1","Leap","Cold Snap","Capacitor","Cold Snap","Creative AI+1","Defragment","Ball Lightning","Force Field","Hologram","Machine Learning","Conserve Battery","Ball Lightning"],"special_seed":0,"relics":["Cracked Core","Juzu Bracelet","Darkstone Periapt","Odd Mushroom","Sozu","Lee\u0027s Waffle","Calipers","Question Card","Molten Egg 2"],"potions_floor_usage":[18],"damage_taken":[{"damage":0.0,"enemies":"2 Louse","floor":1.0,"turns":1.0},{"damage":7.0,"enemies":"Jaw Worm","floor":2.0,"turns":3.0},{"damage":0.0,"enemies":"Cultist","floor":3.0,"turns":3.0},{"damage":4.0,"enemies":"Looter","floor":4.0,"turns":3.0},{"damage":10.0,"enemies":"Red Slaver","floor":5.0,"turns":4.0},{"damage":4.0,"enemies":"3 Sentries","floor":6.0,"turns":8.0},{"damage":7.0,"enemies":"Exordium Thugs","floor":11.0,"turns":4.0},{"damage":3.0,"enemies":"Looter","floor":12.0,"turns":3.0},{"damage":8.0,"enemies":"The Mushroom Lair","floor":13.0,"turns":6.0},{"damage":13.0,"enemies":"3 Louse","floor":14.0,"turns":3.0},{"damage":18.0,"enemies":"Slime Boss","floor":16.0,"turns":6.0},{"damage":10,"enemies":"Shell Parasite","floor":18,"turns":9},{"damage":18,"enemies":"2 Thieves","floor":21,"turns":4},{"damage":52,"enemies":"Book of Stabbing","floor":23,"turns":7},{"damage":47,"enemies":"Slavers","floor":27,"turns":5}],"seed_played":"1073697979248303390","potions_obtained":[{"floor":2.0,"key":"FocusPotion"},{"floor":6.0,"key":"EssenceOfSteel"},{"floor":12.0,"key":"Poison Potion"},{"floor":14.0,"key":"Weak Potion"},{"floor":16.0,"key":"Regen Potion"}],"is_trial":false,"path_per_floor":["M","M","M","M","M","E","R","?","T","R","M","M","?","M","R","B",null,"M","?","$","M","?","E","R","?","T","E"],"character_chosen":"DEFECT","items_purchased":["Lee\u0027s Waffle"],"campfire_rested":2,"item_purchase_floors":[20],"current_hp_per_floor":[71,64,64,60,50,46,46,46,46,46,39,36,28,15,38,20,64,69,69,85,67,67,15,40,40,40,0],"gold":137,"neow_bonus":"TEN_PERCENT_HP_BONUS","is_prod":false,"is_daily":false,"chose_seed":false,"campfire_upgraded":2,"win_rate":0,"timestamp":1541182401,"path_taken":["M","M","M","M","M","E","R","?","T","R","M","M","?","M","R","BOSS","M","?","?","M","?","E","R","?","T","E"],"build_version":"2018-11-01","purchased_purges":0,"victory":false,"max_hp_per_floor":[78,78,78,78,78,78,78,78,78,78,78,78,78,78,78,78,78,78,78,85,85,85,85,85,85,85,85],"card_choices":[{"not_picked":["Turbo","Ball Lightning"],"picked":"Go for the Eyes","floor":1.0},{"not_picked":["Rip and Tear","Heatsinks"],"picked":"Leap","floor":2.0},{"not_picked":["Rebound","Gash"],"picked":"Cold Snap","floor":3.0},{"not_picked":["Compile Driver","Coolheaded"],"picked":"Capacitor","floor":4.0},{"not_picked":["White Noise","Undo"],"picked":"Cold Snap","floor":5.0},{"not_picked":["Barrage","Cold Snap"],"picked":"Creative AI","floor":6.0},{"not_picked":["Barrage","Beam Cell"],"picked":"Defragment","floor":11.0},{"not_picked":["Beam Cell","Redo"],"picked":"Ball Lightning","floor":12.0},{"not_picked":["Sweeping Beam","Sunder"],"picked":"Force Field","floor":13.0},{"not_picked":["Recycle","Blizzard"],"picked":"Hologram","floor":14.0},{"not_picked":["Amplify","Rainbow"],"picked":"Machine Learning","floor":16.0},{"not_picked":["Redo","Skim"],"picked":"Conserve Battery","floor":18},{"not_picked":["Hologram","Recycle"],"picked":"Ball Lightning","floor":21},{"not_picked":["Scrape","Compile Driver+1","Sweeping Beam"],"picked":"SKIP","floor":23}],"player_experience":1000103,"relics_obtained":[{"floor":6.0,"key":"Juzu Bracelet"},{"floor":9.0,"key":"Darkstone Periapt"},{"floor":13.0,"key":"Odd Mushroom"},{"floor":23,"key":"Question Card"},{"floor":26,"key":"Molten Egg 2"}],"event_choices":[{"cards_removed":["Strike_B"],"damage_healed":0.0,"max_hp_gain":0.0,"max_hp_loss":0.0,"gold_gain":0.0,"event_name":"The Cleric","player_choice":"Card Removal","floor":8.0,"gold_loss":75.0,"damage_taken":0.0},{"damage_healed":0.0,"max_hp_gain":0.0,"max_hp_loss":0.0,"gold_gain":0.0,"event_name":"Mushrooms","player_choice":"Fought Mushrooms","floor":13.0,"gold_loss":0.0,"damage_taken":0.0},{"damage_healed":0,"gold_gain":0,"player_choice":"Upgraded","damage_taken":0,"max_hp_gain":0,"max_hp_loss":0,"event_name":"Upgrade Shrine","floor":19,"gold_loss":0,"cards_upgraded":["Zap"]},{"cards_removed":["Go for the Eyes"],"damage_healed":0,"gold_gain":0,"player_choice":"Gave Card","damage_taken":0,"relics_obtained":["Calipers"],"max_hp_gain":0,"max_hp_loss":0,"event_name":"WeMeetAgain","floor":22,"gold_loss":0},{"damage_healed":0,"gold_gain":0,"player_choice":"Ignored","damage_taken":0,"max_hp_gain":0,"max_hp_loss":0,"event_name":"Vampires","floor":25,"gold_loss":0}],"is_beta":false,"boss_relics":[{"not_picked":["Runic Dome","Ectoplasm"],"picked":"Sozu"}],"items_purged_floors":[],"is_endless":false,"potions_floor_spawned":[2,6,12,14,16,18],"killed_by":"Slavers","ascension_level":15}