{"gold_per_floor":[119,119,138,152,167,167,180,180,180,180,180,216,232,20,20,20],"floor_reached":16,"playtime":602,"items_purged":["Strike_B"],"score":189,"play_id":"5cacde9b-c3ad-4c5f-ae71-e3177dbfe68f","local_time":"20190109200526","is_ascension_mode":true,"campfire_choices":[{"data":"Zap","floor":6,"key":"SMITH"},{"data":"Dualcast","floor":10,"key":"SMITH"},{"floor":15,"key":"REST"}],"neow_cost":"PERCENT_DAMAGE","seed_source_timestamp":35577995887176,"circlet_count":0,"master_deck":["AscendersBane","Strike_B","Defend_B","Defend_B","Defend_B","Zap+1","Dualcast+1","Steam","Hologram","Reinforced Body","Ball Lightning","Cold Snap","Cold Snap","Auto Shields"],"relics":["Cracked Core","Golden Idol","PreservedInsect","Regal Pillow"],"potions_floor_usage":[16,16],"damage_taken":[{"damage":0,"enemies":"2 Louse","floor":1,"turns":4},{"damage":1,"enemies":"Cultist","floor":3,"turns":3},{"damage":10,"enemies":"Small Slimes","floor":4,"turns":3},{"damage":3,"enemies":"Blue Slaver","floor":5,"turns":4},{"damage":9,"enemies":"Exordium Wildlife","floor":7,"turns":5},{"damage":4,"enemies":"Lagavulin","floor":12,"turns":6},{"damage":3,"enemies":"Red Slaver","floor":13,"turns":3},{"damage":55,"enemies":"Slime Boss","floor":16,"turns":11}],"seed_played":"4205233112580806698","potions_obtained":[{"floor":1,"key":"EssenceOfSteel"},{"floor":4,"key":"FearPotion"}],"is_trial":false,"path_per_floor":["M","?","M","M","M","R","M","?","T","R","?","E","M","$","R","B"],"character_chosen":"DEFECT","items_purchased":["Cold Snap","Auto Shields"],"campfire_rested":1,"item_purchase_floors":[14,14],"current_hp_per_floor":[46,46,45,35,32,32,23,23,23,23,23,19,16,16,52,0],"gold":20,"neow_bonus":"REMOVE_TWO","is_prod":false,"is_daily":false,"chose_seed":false,"campfire_upgraded":2,"win_rate":0,"timestamp":1547093126,"path_taken":["M","?","M","M","?","R","M","?","T","R","?","E","M","?","R","BOSS"],"build_version":"2019-01-03v4","purchased_purges":1,"victory":false,"max_hp_per_floor":[71,71,71,71,71,71,71,71,71,71,71,71,71,71,71,71],"card_choices":[{"not_picked":["Compile Driver","Storm","Gash"],"picked":"SKIP","floor":1},{"not_picked":["Stack","Blizzard"],"picked":"Steam","floor":3},{"not_picked":["Turbo","Beam Cell"],"picked":"Hologram","floor":4},{"not_picked":["Rebound","Blizzard","Steam"],"picked":"SKIP","floor":5},{"not_picked":["Stack","Fusion"],"picked":"Reinforced Body","floor":7},{"not_picked":["Doom and Gloom","Thunder Strike"],"picked":"Ball Lightning","floor":12},{"not_picked":["Darkness","Streamline"],"picked":"Cold Snap","floor":13}],"player_experience":1102374,"relics_obtained":[{"floor":9,"key":"PreservedInsect"},{"floor":12,"key":"Regal Pillow"}],"event_choices":[{"cards_removed":["Defend_B"],"damage_healed":0,"gold_gain":0,"player_choice":"Offered Basic","damage_taken":0,"max_hp_gain":0,"max_hp_loss":0,"event_name":"Bonfire Elementals","floor":2,"gold_loss":0},{"damage_healed":0,"gold_gain":0,"player_choice":"Take Wound","damage_taken":0,"relics_obtained":["Golden Idol"],"max_hp_gain":0,"max_hp_loss":0,"event_name":"Golden Idol","floor":8,"gold_loss":0,"cards_obtained":["Injury"]},{"cards_removed":["Injury"],"damage_healed":0,"gold_gain":0,"player_choice":"Forget","damage_taken":0,"max_hp_gain":0,"max_hp_loss":0,"event_name":"Living Wall","floor":11,"gold_loss":0}],"is_beta":false,"boss_relics":[],"items_purged_floors":[14],"is_endless":false,"potions_floor_spawned":[1,4,7,12],"killed_by":"Slime Boss","ascension_level":17}