{"gold_per_floor":[110,123,135,135,8,8,41,41,41,41,54,90,110,130,130,259,259,214,214,214,12,12,12,12,12,12,12,12,12,12,12,12,12,12,12,12,12,12,12,12,12,12,12,12,12,12,0,0,0,0],"floor_reached":51,"playtime":4637,"items_purged":["Regret"],"score":711,"play_id":"736c7187-e5f6-4823-96f1-c13c648ef699","local_time":"20190114123924","is_ascension_mode":false,"campfire_choices":[{"data":"Bash","floor":6.0,"key":"SMITH"},{"data":"Shrug It Off","floor":8.0,"key":"SMITH"},{"data":"True Grit","floor":15.0,"key":"SMITH"},{"data":"Clothesline","floor":23.0,"key":"SMITH"},{"data":"Headbutt","floor":25.0,"key":"SMITH"},{"data":"True Grit","floor":28.0,"key":"SMITH"},{"data":"Demon Form","floor":32.0,"key":"SMITH"},{"data":"Heavy Blade","floor":40.0,"key":"SMITH"},{"data":"Pummel","floor":42.0,"key":"SMITH"},{"data":"Cleave","floor":44.0,"key":"SMITH"},{"floor":49,"key":"REST"}],"neow_cost":"NONE","seed_source_timestamp":749404953288464,"circlet_count":0,"master_deck":["Strike_R","Strike_R","Defend_R","Defend_R","Defend_R","Defend_R","Bash+1","Blind","Iron Wave","Shrug It Off+1","Thunderclap","True Grit+1","Pommel Strike","Cleave+1","Spot Weakness","Heavy Blade+1","Pummel+1","Demon Form+1","Dropkick","Rampage+1","Clothesline+1","Headbutt+1","True Grit+1","Dual Wield+1","Flame Barrier+1","Flex+1","Double Tap+1","Rage+1","Disarm+1","Seeing Red+1","Limit Break+1"],"special_seed":0,"relics":["Burning Blood","Mango","Regal Pillow","FossilizedHelix","Golden Idol","Potion Belt","Ectoplasm","Pen Nib","Boot","Toxic Egg 2","Empty Cage","Bottled Tornado","Ginger","Question Card","Pear","Red Mask"],"potions_floor_usage":[45,50,50,50,50,50],"damage_taken":[{"damage":4.0,"enemies":"Cultist","floor":1.0,"turns":3.0},{"damage":3.0,"enemies":"Small Slimes","floor":2.0,"turns":4.0},{"damage":6.0,"enemies":"Jaw Worm","floor":3.0,"turns":3.0},{"damage":10.0,"enemies":"Gremlin Nob","floor":7.0,"turns":4.0},{"damage":3.0,"enemies":"Lots of Slimes","floor":11.0,"turns":4.0},{"damage":16.0,"enemies":"Lagavulin","floor":12.0,"turns":7.0},{"damage":0.0,"enemies":"Gremlin Gang","floor":13.0,"turns":4.0},{"damage":1.0,"enemies":"Red Slaver","floor":14.0,"turns":3.0},{"damage":29.0,"enemies":"Slime Boss","floor":16.0,"turns":10.0},{"damage":7.0,"enemies":"2 Thieves","floor":18.0,"turns":4.0},{"damage":3.0,"enemies":"Chosen","floor":19.0,"turns":4.0},{"damage":4.0,"enemies":"Centurion and Healer","floor":22.0,"turns":5.0},{"damage":12.0,"enemies":"Shelled Parasite and Fungi","floor":24.0,"turns":4.0},{"damage":7.0,"enemies":"3 Cultists","floor":27.0,"turns":5.0},{"damage":23.0,"enemies":"Book of Stabbing","floor":29.0,"turns":6.0},{"damage":0.0,"enemies":"Centurion and Healer","floor":30.0,"turns":5.0},{"damage":17.0,"enemies":"Sentry and Sphere","floor":31.0,"turns":5.0},{"damage":30.0,"enemies":"Automaton","floor":33.0,"turns":6.0},{"damage":0.0,"enemies":"3 Darklings","floor":35.0,"turns":4.0},{"damage":0.0,"enemies":"3 Shapes","floor":37.0,"turns":5.0},{"damage":28.0,"enemies":"3 Darklings","floor":38.0,"turns":5.0},{"damage":0.0,"enemies":"Mind Bloom Boss Battle","floor":41.0,"turns":4.0},{"damage":10,"enemies":"Transient","floor":45,"turns":5},{"damage":34,"enemies":"Nemesis","floor":46,"turns":3},{"damage":22,"enemies":"Spire Growth","floor":48,"turns":5},{"damage":47,"enemies":"Awakened One","floor":50,"turns":7}],"seed_played":"-5455618799042914652","potions_obtained":[{"floor":1.0,"key":"Energy Potion"},{"floor":2.0,"key":"LiquidBronze"},{"floor":11.0,"key":"Explosive Potion"},{"floor":14.0,"key":"EntropicBrew"},{"floor":19.0,"key":"Regen Potion"},{"floor":22.0,"key":"Dexterity Potion"},{"floor":31.0,"key":"EntropicBrew"},{"floor":38.0,"key":"Strength Potion"},{"floor":48,"key":"AttackPotion"}],"is_trial":false,"path_per_floor":["M","M","M","?","$","R","E","R","T","?","M","E","M","M","R","B",null,"M","M","M","?","$","M","R","M","M","R","T","M","R","E","M","M","R","B",null,"M","T","M","M","$","R","?","R","T","R","M","E","?","M","R","B",null],"character_chosen":"IRONCLAD","items_purchased":["True Grit","Strength Potion","Pen Nib"],"campfire_rested":1,"item_purchase_floors":[5,21,21],"current_hp_per_floor":[80,80,80,94,94,94,90,90,90,87,87,77,83,87,87,64,87,86,87,87,87,87,87,85,85,85,84,84,67,73,62,62,38,87,87,87,87,65,65,65,71,71,71,71,67,49,49,33,77,36],"gold":0,"neow_bonus":"RANDOM_COLORLESS","is_prod":false,"is_daily":false,"chose_seed":false,"campfire_upgraded":10,"win_rate":0.0,"timestamp":1547465964,"path_taken":["M","M","?","?","$","R","E","R","T","?","M","E","M","M","R","BOSS","M","M","?","$","?","R","M","R","T","M","R","E","?","M","R","BOSS","M","?","M","M","$","R","?","R","T","R","M","E","?","M","R","BOSS"],"build_version":"2018-12-20","purchased_purges":1,"victory":true,"max_hp_per_floor":[80,80,80,94,94,94,94,94,94,87,87,87,87,87,87,87,87,87,87,87,87,87,87,87,87,87,87,87,87,87,87,87,87,87,87,87,87,87,87,87,87,87,87,87,87,97,97,97,97,97],"card_choices":[{"not_picked":["Sword Boomerang","Power Through"],"picked":"Iron Wave","floor":1.0},{"not_picked":["Warcry","Perfected Strike"],"picked":"Shrug It Off","floor":2.0},{"not_picked":["Combust","Warcry"],"picked":"Thunderclap","floor":3.0},{"not_picked":["Dark Embrace","Warcry"],"picked":"Pommel Strike","floor":7.0},{"not_picked":["Infernal Blade","Anger"],"picked":"Cleave","floor":11.0},{"not_picked":["Seeing Red","Juggernaut"],"picked":"Spot Weakness","floor":12.0},{"not_picked":["Pommel Strike","Iron Wave"],"picked":"Heavy Blade","floor":13.0},{"not_picked":["Rampage","Armaments"],"picked":"Pummel","floor":14.0},{"not_picked":["Limit Break","Brutality"],"picked":"Demon Form","floor":16.0},{"not_picked":["Iron Wave","Dual Wield"],"picked":"Dropkick","floor":18.0},{"not_picked":["Corruption","Warcry"],"picked":"Rampage+1","floor":19.0},{"not_picked":["True Grit","Power Through"],"picked":"Clothesline","floor":22.0},{"not_picked":["Seeing Red","Flex"],"picked":"Headbutt","floor":24.0},{"not_picked":["Perfected Strike","Blood for Blood+1"],"picked":"True Grit","floor":27.0},{"not_picked":["Barricade","Metallicize+1"],"picked":"Dual Wield+1","floor":29.0},{"not_picked":["Metallicize","Headbutt"],"picked":"Flame Barrier+1","floor":30.0},{"not_picked":["Clothesline","Body Slam"],"picked":"Flex+1","floor":31.0},{"not_picked":["Fiend Fire","Impervious+1"],"picked":"Double Tap+1","floor":33.0},{"not_picked":["Clash","Iron Wave"],"picked":"Rage+1","floor":35.0},{"not_picked":["Metallicize","Burning Pact+1"],"picked":"Disarm+1","floor":37.0},{"not_picked":["Sword Boomerang","Body Slam","Flame Barrier+1"],"picked":"SKIP","floor":38.0},{"not_picked":["Twin Strike+1","Inflame+1","Entrench+1"],"picked":"Seeing Red+1","floor":45},{"not_picked":["Clothesline","Rage+1","Headbutt"],"picked":"Limit Break+1","floor":46},{"not_picked":["Sword Boomerang+1","Blood for Blood+1","Twin Strike+1","True Grit+1"],"picked":"SKIP","floor":48}],"player_experience":13418,"relics_obtained":[{"floor":7.0,"key":"Regal Pillow"},{"floor":9.0,"key":"FossilizedHelix"},{"floor":12.0,"key":"Potion Belt"},{"floor":26.0,"key":"Boot"},{"floor":29.0,"key":"Toxic Egg 2"},{"floor":36.0,"key":"Bottled Tornado"},{"floor":41.0,"key":"Ginger"},{"floor":43.0,"key":"Question Card"},{"floor":46,"key":"Pear"}],"event_choices":[{"damage_healed":0.0,"max_hp_gain":0.0,"max_hp_loss":0.0,"gold_gain":0.0,"event_name":"Big Fish","player_choice":"Box","floor":4.0,"gold_loss":0.0,"damage_taken":0.0,"relics_obtained":["Mango"],"cards_obtained":["Regret"]},{"damage_healed":0.0,"max_hp_gain":0.0,"max_hp_loss":7.0,"gold_gain":0.0,"event_name":"Golden Idol","player_choice":"Lose Max HP","floor":10.0,"gold_loss":0.0,"damage_taken":0.0,"relics_obtained":["Golden Idol"]},{"cards_removed":["Strike_R"],"damage_healed":0.0,"max_hp_gain":0.0,"max_hp_loss":0.0,"gold_gain":0.0,"event_name":"Purifier","player_choice":"Purged","floor":20.0,"gold_loss":0.0,"damage_taken":0.0},{"damage_healed":0.0,"max_hp_gain":0.0,"max_hp_loss":0.0,"gold_gain":0.0,"event_name":"MindBloom","player_choice":"Fight","floor":41.0,"gold_loss":0.0,"damage_taken":0.0},{"damage_healed":0,"gold_gain":0,"player_choice":"Paid","damage_taken":0,"relics_obtained":["Red Mask"],"max_hp_gain":0,"max_hp_loss":0,"event_name":"Tomb of Lord Red Mask","floor":47,"gold_loss":12}],"is_beta":false,"boss_relics":[{"not_picked":["White Beast Statue","Astrolabe"],"picked":"Ectoplasm"},{"not_picked":["Runic Cube","Orrery"],"picked":"Empty Cage"}],"items_purged_floors":[5],"is_endless":false,"potions_floor_spawned":[1,2,11,14,19,22,31,38,48],"ascension_level":0}