{"gold_per_floor":[115,115,129,204,221,247,197,197,242,242,87,87],"floor_reached":12,"playtime":335,"items_purged":["Defend_B"],"score":99,"play_id":"11cc999b-d36d-4d38-9d13-4a4b1e3bcc15","local_time":"20190428165437","is_ascension_mode":true,"campfire_choices":[{"floor":8,"key":"REST"}],"neow_cost":"NONE","seed_source_timestamp":1549183321560006,"circlet_count":0,"master_deck":["Strike_B","Strike_B","Strike_B","Defend_B","Defend_B","Defend_B","Zap","Dualcast","Chill","Self Repair"],"relics":["Cracked Core","NeowsBlessing","Oddly Smooth Stone","Incense Burner","Juzu Bracelet"],"potions_floor_usage":[12,12],"damage_taken":[{"damage":0,"enemies":"2 Louse","floor":1,"turns":1},{"damage":0,"enemies":"Small Slimes","floor":3,"turns":1},{"damage":0,"enemies":"Jaw Worm","floor":5,"turns":1},{"damage":34,"enemies":"Gremlin Nob","floor":6,"turns":4},{"damage":54,"enemies":"Lagavulin","floor":12,"turns":8}],"seed_played":"-1273654899967372928","potions_obtained":[{"floor":3,"key":"FocusPotion"},{"floor":6,"key":"GamblersBrew"}],"is_trial":false,"path_per_floor":["M","?","M","?","M","E","?","R","T","?","$","E"],"character_chosen":"DEFECT","items_purchased":["Self Repair"],"campfire_rested":1,"item_purchase_floors":[11],"current_hp_per_floor":[68,61,61,50,50,16,16,38,38,38,38,0],"gold":87,"neow_bonus":"THREE_ENEMY_KILL","is_prod":false,"is_daily":false,"chose_seed":false,"campfire_upgraded":0,"win_rate":0,"timestamp":1556484877,"path_taken":["M","?","M","?","?","E","?","R","T","?","?","E"],"build_version":"2019-01-23","purchased_purges":1,"victory":false,"max_hp_per_floor":[75,75,75,75,75,75,75,75,75,75,75,75],"card_choices":[{"not_picked":["Compile Driver","Beam Cell","Ball Lightning"],"picked":"SKIP","floor":1},{"not_picked":["Hello World","Gash"],"picked":"Chill","floor":3},{"not_picked":["Storm","Fusion","Redo"],"picked":"SKIP","floor":5},{"not_picked":["Redo","Sunder","Beam Cell"],"picked":"SKIP","floor":6}],"player_experience":110758,"relics_obtained":[{"floor":6,"key":"Incense Burner"},{"floor":9,"key":"Juzu Bracelet"}],"event_choices":[{"damage_healed":0,"gold_gain":0,"player_choice":"Success","damage_taken":7,"relics_obtained":["Oddly Smooth Stone"],"max_hp_gain":0,"max_hp_loss":0,"event_name":"Scrap Ooze","floor":2,"gold_loss":0},{"damage_healed":0,"gold_gain":75,"player_choice":"Gather Gold","damage_taken":11,"max_hp_gain":0,"max_hp_loss":0,"event_name":"World of Goop","floor":4,"gold_loss":0},{"cards_removed":["Strike_B"],"damage_healed":0,"gold_gain":0,"player_choice":"Card Removal","damage_taken":0,"max_hp_gain":0,"max_hp_loss":0,"event_name":"The Cleric","floor":7,"gold_loss":50},{"damage_healed":0,"gold_gain":0,"player_choice":"Searched \u00270\u0027 times","damage_taken":0,"max_hp_gain":0,"max_hp_loss":0,"event_name":"Dead Adventurer","floor":10,"gold_loss":0}],"is_beta":false,"boss_relics":[],"items_purged_floors":[11],"is_endless":false,"potions_floor_spawned":[3,6],"killed_by":"Lagavulin","ascension_level":6}