{"gold_per_floor":[116,116,136,136,148,148,167,186,186,201,201],"floor_reached":11,"playtime":763,"items_purged":[],"score":67,"play_id":"68137795-00a5-404f-bdba-67f0b8da5f18","local_time":"20180725183538","is_ascension_mode":false,"campfire_choices":[{"data":"Whirlwind","floor":6,"key":"SMITH"}],"neow_cost":"","seed_source_timestamp":442610793897185,"circlet_count":0,"master_deck":["Strike_R","Strike_R","Strike_R","Strike_R","Strike_R","Defend_R","Defend_R","Defend_R","Defend_R","Bash+1","Sword Boomerang","Whirlwind+1","Thunderclap","Inflame","Shrug It Off"],"relics":["Burning Blood","Molten Egg 2"],"potions_floor_usage":[11],"damage_taken":[{"damage":5,"enemies":"Jaw Worm","floor":1,"turns":5},{"damage":1,"enemies":"Cultist","floor":3,"turns":3},{"damage":0,"enemies":"Small Slimes","floor":5,"turns":2},{"damage":10,"enemies":"Looter","floor":7,"turns":3},{"damage":24,"enemies":"Large Slime","floor":8,"turns":6},{"damage":29,"enemies":"Gremlin Gang","floor":10,"turns":4},{"damage":47,"enemies":"Gremlin Nob","floor":11,"turns":5}],"seed_played":"-5230386787485365573","potions_obtained":[{"floor":7,"key":"EssenceOfSteel"}],"is_trial":false,"path_per_floor":["M","?","M","?","M","R","M","M","T","M"],"character_chosen":"IRONCLAD","items_purchased":[],"campfire_rested":0,"item_purchase_floors":[],"current_hp_per_floor":[80,80,80,80,80,80,76,58,58,35,0],"gold":201,"neow_bonus":"","is_prod":false,"is_daily":false,"chose_seed":false,"campfire_upgraded":1,"win_rate":0.0,"timestamp":1532561738,"path_taken":["M","?","M","?","M","R","M","?","T","M","E"],"build_version":"2018-07-24","purchased_purges":0,"victory":false,"max_hp_per_floor":[80,80,80,80,80,80,80,80,80,80,80],"card_choices":[{"not_picked":["Warcry","Perfected Strike"],"picked":"Sword Boomerang","floor":1},{"not_picked":["Pommel Strike","Hemokinesis"],"picked":"Whirlwind","floor":3},{"not_picked":["Cleave","Disarm"],"picked":"Thunderclap","floor":5},{"not_picked":["True Grit","Shockwave"],"picked":"Inflame","floor":7},{"not_picked":["Flame Barrier","Uppercut","Anger"],"picked":"SKIP","floor":8},{"not_picked":["Headbutt+1","Sword Boomerang+1"],"picked":"Shrug It Off","floor":10}],"player_experience":0,"relics_obtained":[{"floor":9,"key":"Molten Egg 2"}],"event_choices":[{"event_name":"Upgrade Shrine","player_choice":"Upgraded","floor":2,"damage_taken":0},{"event_name":"Liars Game","player_choice":"disagreed","floor":4,"damage_taken":0}],"is_beta":true,"boss_relics":[],"items_purged_floors":[],"is_endless":false,"potions_floor_spawned":[7],"killed_by":"Gremlin Nob","ascension_level":0}