{"gold_per_floor":[110,120,131,145,19,19,19,19,45,57,57,88,105,105,105,176,176,190,205,232,232,55,55,74,91,117,128,128,146,146,173,173,246,246,258,258,258,278,288,288,313,313,313,144,162,73,86,308,308,308],"floor_reached":51,"playtime":2428,"items_purged":["Strike_B","Defend_B","Defend_B"],"score":1283,"play_id":"ca78e71c-ad64-43db-ac7c-c9d1fbe70c6c","local_time":"20190309105125","is_ascension_mode":true,"campfire_choices":[{"data":"Fission","floor":6.0,"key":"SMITH"},{"data":"Sunder","floor":8.0,"key":"SMITH"},{"data":"Coolheaded","floor":11.0,"key":"SMITH"},{"data":"Defragment","floor":15.0,"key":"SMITH"},{"data":"Sunder","floor":23.0,"key":"SMITH"},{"data":"Capacitor","floor":28.0,"key":"SMITH"},{"data":"Doom and Gloom","floor":30.0,"key":"SMITH"},{"floor":32.0,"key":"REST"},{"data":"Echo Form","floor":40.0,"key":"SMITH"},{"data":"Undo","floor":42.0,"key":"SMITH"},{"floor":49,"key":"REST"}],"neow_cost":"NONE","seed_source_timestamp":0,"circlet_count":0,"master_deck":["AscendersBane","Strike_B+1","Strike_B+1","Defend_B","Defend_B","Zap+1","Dualcast","Undo+1","Sunder+1","Conserve Battery","Ball Lightning","Fission+1","Coolheaded+1","Leap","Defragment+1","Echo Form+1","Sunder+1","Capacitor+1","Fusion","Force Field","Glacier","Doom and Gloom+1","Glacier","Self Repair","Sunder","Reinforced Body"],"special_seed":0,"relics":["Cracked Core","Strawberry","Whetstone","Snecko Eye","Red Mask","Centennial Puzzle","Mercury Hourglass","Busted Crown","Bag of Marbles","Oddly Smooth Stone"],"potions_floor_usage":[50,50],"damage_taken":[{"damage":0.0,"enemies":"Cultist","floor":1.0,"turns":4.0},{"damage":8.0,"enemies":"Small Slimes","floor":2.0,"turns":2.0},{"damage":1.0,"enemies":"2 Louse","floor":3.0,"turns":3.0},{"damage":0.0,"enemies":"2 Fungi Beasts","floor":4.0,"turns":3.0},{"damage":0.0,"enemies":"Blue Slaver","floor":10.0,"turns":3.0},{"damage":6.0,"enemies":"Lagavulin","floor":12.0,"turns":6.0},{"damage":0.0,"enemies":"Looter","floor":13.0,"turns":3.0},{"damage":17.0,"enemies":"The Guardian","floor":16.0,"turns":10.0},{"damage":16.0,"enemies":"Shell Parasite","floor":18.0,"turns":4.0},{"damage":4.0,"enemies":"Chosen","floor":19.0,"turns":4.0},{"damage":28.0,"enemies":"Masked Bandits","floor":20.0,"turns":4.0},{"damage":3.0,"enemies":"Centurion and Healer","floor":24.0,"turns":4.0},{"damage":0.0,"enemies":"3 Cultists","floor":25.0,"turns":4.0},{"damage":0.0,"enemies":"Snecko","floor":27.0,"turns":3.0},{"damage":0.0,"enemies":"Sentry and Sphere","floor":29.0,"turns":3.0},{"damage":1.0,"enemies":"Book of Stabbing","floor":31.0,"turns":4.0},{"damage":10.0,"enemies":"Collector","floor":33.0,"turns":7.0},{"damage":0.0,"enemies":"3 Darklings","floor":35.0,"turns":2.0},{"damage":0.0,"enemies":"3 Shapes","floor":38.0,"turns":5.0},{"damage":0.0,"enemies":"Jaw Worm Horde","floor":39.0,"turns":4.0},{"damage":37.0,"enemies":"Nemesis","floor":41.0,"turns":7.0},{"damage":8.0,"enemies":"Spire Growth","floor":45.0,"turns":4.0},{"damage":1,"enemies":"Maw","floor":47,"turns":5},{"damage":29,"enemies":"Donu and Deca","floor":50,"turns":8}],"seed_played":"-5892110056538369473","potions_obtained":[{"floor":2.0,"key":"Strength Potion"},{"floor":3.0,"key":"Poison Potion"},{"floor":12.0,"key":"SpeedPotion"},{"floor":18.0,"key":"EssenceOfSteel"},{"floor":24.0,"key":"Swift Potion"},{"floor":33.0,"key":"Dexterity Potion"},{"floor":47,"key":"Strength Potion"}],"is_trial":false,"path_per_floor":["M","M","M","M","$","R","?","R","T","M","R","E","M","?","R","B",null,"M","M","?","?","$","R","M","M","T","M","R","M","R","E","R","B",null,"M","?","?","M","M","R","E","R","T","$","M","$","M","?","R","B",null],"character_chosen":"DEFECT","items_purchased":["Coolheaded","Force Field","Self Repair","Reinforced Body"],"campfire_rested":2,"item_purchase_floors":[5,22,44,46],"current_hp_per_floor":[64,56,55,55,55,55,55,55,62,62,62,56,56,61,61,44,73,57,53,25,42,42,42,39,39,39,39,39,39,39,38,62,52,75,75,75,75,75,75,75,38,38,38,38,44,44,57,57,81,59],"gold":308,"neow_bonus":"TRANSFORM_CARD","is_prod":false,"is_daily":false,"chose_seed":false,"campfire_upgraded":9,"win_rate":0,"timestamp":1552125085,"path_taken":["M","M","?","M","$","R","?","R","T","M","R","E","?","?","R","BOSS","M","M","?","?","$","R","M","M","T","M","R","M","R","E","R","BOSS","M","?","?","M","M","R","E","R","T","$","M","$","M","?","R","BOSS"],"build_version":"2019-01-23","purchased_purges":3,"victory":true,"max_hp_per_floor":[71,71,71,71,71,71,71,71,78,78,78,78,78,83,83,83,83,83,83,83,83,83,83,83,83,83,83,83,83,83,83,83,83,83,83,83,83,83,83,83,83,83,83,83,83,83,83,83,83,83],"card_choices":[{"not_picked":["Streamline","Recycle"],"picked":"Sunder","floor":1.0},{"not_picked":["Go for the Eyes","Tempest"],"picked":"Conserve Battery","floor":2.0},{"not_picked":["Scrape","Hologram"],"picked":"Ball Lightning","floor":3.0},{"not_picked":["Turbo","Chill"],"picked":"Fission","floor":4.0},{"not_picked":["Skim","Lockon"],"picked":"Leap","floor":10.0},{"not_picked":["Gash","Scrape","Fusion"],"picked":"SKIP","floor":12.0},{"not_picked":["Rebound","Loop"],"picked":"Defragment","floor":13.0},{"not_picked":["Fission","Amplify"],"picked":"Echo Form","floor":16.0},{"not_picked":["Chill","Rebound"],"picked":"Sunder","floor":18.0},{"not_picked":["Hello World","Steam Power"],"picked":"Capacitor","floor":19.0},{"not_picked":["Barrage","Conserve Battery"],"picked":"Fusion","floor":20.0},{"not_picked":["Darkness","Ball Lightning","Compile Driver"],"picked":"SKIP","floor":24.0},{"not_picked":["Barrage","Loop"],"picked":"Glacier","floor":25.0},{"not_picked":["Skim","Stack+1","Scrape"],"picked":"SKIP","floor":27.0},{"not_picked":["Skim","Stack+1","Scrape"],"picked":"SKIP","floor":27.0},{"not_picked":["Rip and Tear","Conserve Battery"],"picked":"Doom and Gloom","floor":29.0},{"not_picked":["Scrape","Compile Driver"],"picked":"Glacier","floor":31.0},{"not_picked":["Cold Snap"],"picked":"SKIP","floor":35.0},{"not_picked":["Genetic Algorithm"],"picked":"SKIP","floor":38.0},{"not_picked":["Chill"],"picked":"SKIP","floor":39.0},{"not_picked":["Gash"],"picked":"SKIP","floor":41.0},{"not_picked":[],"picked":"Sunder","floor":45.0},{"not_picked":["Turbo"],"picked":"SKIP","floor":47}],"player_experience":478495,"relics_obtained":[{"floor":9.0,"key":"Strawberry"},{"floor":12.0,"key":"Whetstone"},{"floor":20.0,"key":"Red Mask"},{"floor":26.0,"key":"Centennial Puzzle"},{"floor":31.0,"key":"Mercury Hourglass"},{"floor":41.0,"key":"Bag of Marbles"},{"floor":43.0,"key":"Oddly Smooth Stone"}],"event_choices":[{"damage_healed":0.0,"max_hp_gain":0.0,"max_hp_loss":0.0,"gold_gain":0.0,"event_name":"Upgrade Shrine","player_choice":"Upgraded","floor":7.0,"gold_loss":0.0,"damage_taken":0.0,"cards_upgraded":["Zap"]},{"damage_healed":0.0,"max_hp_gain":5.0,"max_hp_loss":0.0,"gold_gain":0.0,"event_name":"Big Fish","player_choice":"Donut","floor":14.0,"gold_loss":0.0,"damage_taken":0.0},{"damage_healed":0.0,"max_hp_gain":0.0,"max_hp_loss":0.0,"gold_gain":0.0,"event_name":"Masked Bandits","player_choice":"Fought Bandits","floor":20.0,"gold_loss":0.0,"damage_taken":0.0},{"damage_healed":17.0,"max_hp_gain":0.0,"max_hp_loss":0.0,"gold_gain":0.0,"event_name":"The Library","player_choice":"Heal","floor":21.0,"gold_loss":0.0,"damage_taken":0.0},{"damage_healed":0.0,"max_hp_gain":0.0,"max_hp_loss":0.0,"gold_gain":0.0,"event_name":"Mysterious Sphere","player_choice":"Ignored","floor":36.0,"gold_loss":0.0,"damage_taken":0.0},{"damage_healed":0.0,"max_hp_gain":0.0,"max_hp_loss":0.0,"gold_gain":0.0,"event_name":"SensoryStone","player_choice":"Memory 1","floor":37.0,"gold_loss":0.0,"damage_taken":0.0},{"damage_healed":0,"gold_gain":222,"player_choice":"Wore Mask","damage_taken":0,"max_hp_gain":0,"max_hp_loss":0,"event_name":"Tomb of Lord Red Mask","floor":48,"gold_loss":0}],"is_beta":false,"boss_relics":[{"not_picked":["FrozenCore","Sozu"],"picked":"Snecko Eye"},{"not_picked":["Astrolabe","Lizard Tail"],"picked":"Busted Crown"}],"items_purged_floors":[5,22,44],"is_endless":false,"potions_floor_spawned":[2,3,12,18,24,29,31,33,35,39,41,47],"ascension_level":18}