{"gold_per_floor":[111,61,76,89,17,17,76,76,100,100,114,114,140,151,151,254,254,273,301,301,2,2,33,33,33,57,70,70,70,80,91,91,196,196,213,213,228,450,52,52,66,66,90,90,117,117,217,243,243,243],"floor_reached":51,"playtime":6661,"items_purged":["Shame","Writhe"],"score":1021,"play_id":"30212286-93a9-4a1f-96c8-4543812dd40a","local_time":"20190131220939","is_ascension_mode":true,"campfire_choices":[{"data":"Zap","floor":6.0,"key":"SMITH"},{"data":"Dualcast","floor":10.0,"key":"SMITH"},{"data":"Darkness","floor":12.0,"key":"SMITH"},{"floor":15.0,"key":"REST"},{"data":"Defragment","floor":24.0,"key":"SMITH"},{"floor":28.0,"key":"REST"},{"data":"Loop","floor":32.0,"key":"SMITH"},{"data":"Multi-Cast","floor":40.0,"key":"SMITH"},{"data":"Glacier","floor":42.0,"key":"SMITH"},{"floor":44.0,"key":"REST"},{"floor":46.0,"key":"REST"},{"floor":49.0,"key":"REST"}],"neow_cost":"TEN_PERCENT_HP_LOSS","seed_source_timestamp":555090803641069,"circlet_count":0,"master_deck":["Strike_B","Strike_B+1","Strike_B","Defend_B","Defend_B","Defend_B","Defend_B","Zap+1","Dualcast+1","Genetic Algorithm+1","Beam Cell","Melter","Coolheaded+1","Darkness+1","Ball Lightning+1","Rainbow","Echo Form","Turbo","Sunder","Go for the Eyes","Hologram","Leap","Defragment","Defragment+1","Conserve Battery","Redo","Loop+1","Multi-Cast+1","Madness","Madness","Glacier+1","Panacea","Parasite","White Noise"],"special_seed":0,"relics":["Cracked Core","Mango","War Paint","Blood Vial","Vajra","Orrery","Red Mask","Lantern","Pear","Darkstone Periapt","Whetstone","Molten Egg 2","Busted Crown","Lee\u0027s Waffle","Oddly Smooth Stone","Letter Opener","Emotion Chip","FossilizedHelix"],"potions_floor_usage":[],"damage_taken":[{"damage":0.0,"enemies":"Small Slimes","floor":1.0,"turns":2.0},{"damage":0.0,"enemies":"2 Louse","floor":3.0,"turns":3.0},{"damage":4.0,"enemies":"Jaw Worm","floor":4.0,"turns":3.0},{"damage":25.0,"enemies":"3 Sentries","floor":7.0,"turns":8.0},{"damage":0.0,"enemies":"Looter","floor":11.0,"turns":2.0},{"damage":0.0,"enemies":"Gremlin Nob","floor":13.0,"turns":3.0},{"damage":15.0,"enemies":"Exordium Wildlife","floor":14.0,"turns":4.0},{"damage":4.0,"enemies":"Hexaghost","floor":16.0,"turns":6.0},{"damage":5.0,"enemies":"3 Byrds","floor":18.0,"turns":4.0},{"damage":4.0,"enemies":"Masked Bandits","floor":19.0,"turns":3.0},{"damage":67.0,"enemies":"Gremlin Leader","floor":23.0,"turns":7.0},{"damage":0.0,"enemies":"Chosen","floor":27.0,"turns":4.0},{"damage":23.0,"enemies":"Centurion and Healer","floor":30.0,"turns":7.0},{"damage":3.0,"enemies":"Chosen and Byrds","floor":31.0,"turns":5.0},{"damage":21.0,"enemies":"Collector","floor":33.0,"turns":8.0},{"damage":3.0,"enemies":"3 Shapes","floor":35.0,"turns":4.0},{"damage":61.0,"enemies":"3 Darklings","floor":37.0,"turns":7.0},{"damage":40.0,"enemies":"Writhing Mass","floor":41.0,"turns":7.0},{"damage":87.0,"enemies":"Reptomancer","floor":45.0,"turns":6.0},{"damage":0.0,"enemies":"Mind Bloom Boss Battle","floor":47.0,"turns":8.0},{"damage":9.0,"enemies":"Nemesis","floor":48.0,"turns":7.0},{"damage":72,"enemies":"Donu and Deca","floor":50,"turns":12}],"seed_played":"2093996984754622481","potions_obtained":[{"floor":1.0,"key":"Strength Potion"},{"floor":4.0,"key":"Poison Potion"},{"floor":13.0,"key":"SpeedPotion"},{"floor":16.0,"key":"Fire Potion"},{"floor":27.0,"key":"SteroidPotion"},{"floor":30.0,"key":"PowerPotion"},{"floor":31.0,"key":"SkillPotion"},{"floor":33.0,"key":"Regen Potion"},{"floor":45.0,"key":"Weak Potion"}],"is_trial":false,"path_per_floor":["M","?","M","M","$","R","?","?","T","R","M","R","E","M","R","B",null,"M","?","?","$","$","E","R","T","T","M","R","?","M","M","R","B",null,"M","?","M","?","$","R","M","R","T","R","E","R","?","E","R","B",null],"character_chosen":"DEFECT","items_purchased":["FocusPotion","Defragment","SpeedPotion","Fruit Juice","Lee\u0027s Waffle","Panacea"],"campfire_rested":5,"item_purchase_floors":[5,21,21,21,39,39],"current_hp_per_floor":[82,82,82,78,78,78,53,53,53,53,55,55,57,44,68,66,78,75,73,73,73,73,23,23,23,23,25,54,60,39,38,38,19,82,81,68,9,9,110,110,76,76,76,110,25,59,61,54,88,18],"gold":243,"neow_bonus":"ONE_RARE_RELIC","is_prod":false,"is_daily":false,"chose_seed":false,"campfire_upgraded":7,"win_rate":0,"timestamp":1548968979,"path_taken":["M","?","M","M","$","R","?","?","T","R","M","R","E","M","R","BOSS","M","?","?","?","$","E","R","?","T","M","R","?","M","M","R","BOSS","M","?","M","?","$","R","?","R","T","R","E","R","?","E","R","BOSS"],"build_version":"2019-01-23","purchased_purges":2,"victory":true,"max_hp_per_floor":[82,82,82,82,82,82,82,82,82,82,82,82,82,82,82,82,82,82,82,82,82,82,97,97,97,97,97,97,103,103,103,103,103,103,103,103,103,103,110,110,116,116,116,116,116,116,116,116,116,116],"card_choices":[{"not_picked":["Undo","Consume"],"picked":"Genetic Algorithm","floor":1.0},{"not_picked":["Barrage","Steam"],"picked":"Beam Cell","floor":3.0},{"not_picked":["Heatsinks","Lockon"],"picked":"Melter","floor":4.0},{"not_picked":["Streamline","White Noise"],"picked":"Coolheaded","floor":7.0},{"not_picked":["Coolheaded","Storm"],"picked":"Darkness","floor":11.0},{"not_picked":["Streamline","Static Discharge"],"picked":"Ball Lightning","floor":13.0},{"not_picked":["Double Energy","BootSequence"],"picked":"Rainbow","floor":14.0},{"not_picked":["Machine Learning","Reboot"],"picked":"Echo Form","floor":16.0},{"not_picked":["Conserve Battery","Beam Cell"],"picked":"Turbo","floor":17.0},{"not_picked":["Sweeping Beam","Beam Cell"],"picked":"Sunder","floor":17.0},{"not_picked":["Sunder","Ball Lightning"],"picked":"Go for the Eyes","floor":17.0},{"not_picked":["Reinforced Body","Streamline"],"picked":"Hologram","floor":17.0},{"not_picked":["FTL","Hologram","Rebound"],"picked":"SKIP","floor":18.0},{"not_picked":["Reprogram","Genetic Algorithm"],"picked":"Leap","floor":19.0},{"not_picked":["Rebound+1","Compile Driver"],"picked":"Defragment","floor":23.0},{"not_picked":["Core Surge","Darkness"],"picked":"Conserve Battery","floor":27.0},{"not_picked":["Cold Snap+1","FTL+1"],"picked":"Redo","floor":30.0},{"not_picked":["Hologram","Sweeping Beam+1"],"picked":"Loop","floor":31.0},{"not_picked":["Echo Form","Meteor Strike+1"],"picked":"Multi-Cast","floor":33.0},{"not_picked":["Rip and Tear+1"],"picked":"SKIP","floor":35.0},{"not_picked":[],"picked":"Glacier","floor":37.0},{"not_picked":["Hologram"],"picked":"SKIP","floor":41.0},{"not_picked":[],"picked":"White Noise","floor":45.0},{"not_picked":["Compile Driver+1"],"picked":"SKIP","floor":48.0}],"player_experience":213368,"relics_obtained":[{"floor":7.0,"key":"War Paint"},{"floor":9.0,"key":"Blood Vial"},{"floor":13.0,"key":"Vajra"},{"floor":19.0,"key":"Red Mask"},{"floor":23.0,"key":"Pear"},{"floor":25.0,"key":"Darkstone Periapt"},{"floor":26.0,"key":"Whetstone"},{"floor":43.0,"key":"Oddly Smooth Stone"},{"floor":45.0,"key":"Letter Opener"},{"floor":47.0,"key":"Emotion Chip"},{"floor":48.0,"key":"FossilizedHelix"}],"event_choices":[{"cards_removed":["Strike_B"],"damage_healed":0.0,"max_hp_gain":0.0,"max_hp_loss":0.0,"gold_gain":0.0,"event_name":"The Cleric","player_choice":"Card Removal","floor":2.0,"gold_loss":50.0,"damage_taken":0.0},{"damage_healed":0.0,"max_hp_gain":0.0,"max_hp_loss":0.0,"gold_gain":30.0,"event_name":"Dead Adventurer","player_choice":"Searched \u00272\u0027 times","floor":7.0,"gold_loss":0.0,"damage_taken":0.0},{"damage_healed":0.0,"max_hp_gain":0.0,"max_hp_loss":0.0,"gold_gain":0.0,"event_name":"Liars Game","player_choice":"Ignored","floor":8.0,"gold_loss":0.0,"damage_taken":0.0},{"damage_healed":0.0,"max_hp_gain":0.0,"max_hp_loss":0.0,"gold_gain":0.0,"event_name":"Masked Bandits","player_choice":"Fought Bandits","floor":19.0,"gold_loss":0.0,"damage_taken":0.0},{"damage_healed":0.0,"max_hp_gain":0.0,"max_hp_loss":0.0,"gold_gain":0.0,"event_name":"Addict","player_choice":"Stole Relic","floor":20.0,"gold_loss":0.0,"damage_taken":0.0,"relics_obtained":["Lantern"],"cards_obtained":["Shame"]},{"damage_healed":0.0,"max_hp_gain":0.0,"max_hp_loss":0.0,"gold_gain":0.0,"event_name":"The Mausoleum","player_choice":"Opened","floor":29.0,"gold_loss":0.0,"damage_taken":0.0,"relics_obtained":["Molten Egg 2"],"cards_obtained":["Writhe"]},{"damage_healed":0.0,"max_hp_gain":0.0,"max_hp_loss":0.0,"gold_gain":0.0,"event_name":"Winding Halls","player_choice":"Embrace Madness","floor":36.0,"gold_loss":0.0,"damage_taken":13.0,"cards_obtained":["Madness","Madness"]},{"damage_healed":0.0,"max_hp_gain":0.0,"max_hp_loss":0.0,"gold_gain":222.0,"event_name":"Tomb of Lord Red Mask","player_choice":"Wore Mask","floor":38.0,"gold_loss":0.0,"damage_taken":0.0},{"damage_healed":0.0,"max_hp_gain":0.0,"max_hp_loss":0.0,"gold_gain":0.0,"event_name":"MindBloom","player_choice":"Fight","floor":47.0,"gold_loss":0.0,"damage_taken":0.0}],"is_beta":false,"boss_relics":[{"not_picked":["Coffee Dripper","Tiny House"],"picked":"Orrery"},{"not_picked":["Snecko Eye","Lizard Tail"],"picked":"Busted Crown"}],"items_purged_floors":[21,39],"is_endless":false,"potions_floor_spawned":[1,4,13,16,27,30,31,33,45,47],"ascension_level":7}