{"gold_per_floor":[110,185,79,95,107,107,118,118,118,118,141,141,152,178,178,253,253,269,544,564,584,584,618,618,652,652,250,262,277,277,288,288,288],"floor_reached":33,"playtime":3949,"items_purged":["Strike_B"],"score":530,"play_id":"4dbe5d9e-7edc-4465-9e00-77a144b32e40","local_time":"20190107020106","is_ascension_mode":true,"campfire_choices":[{"data":"Zap","floor":6.0,"key":"SMITH"},{"data":"Creative AI","floor":8.0,"key":"SMITH"},{"data":"Dualcast","floor":12.0,"key":"SMITH"},{"data":"Go for the Eyes","floor":15.0,"key":"SMITH"},{"floor":24,"key":"REST"},{"data":"1","floor":32,"key":"LIFT"}],"neow_cost":"NONE","seed_source_timestamp":0,"circlet_count":0,"master_deck":["AscendersBane","Strike_B","Defend_B","Defend_B","Defend_B","Defend_B","Zap+1","Dualcast+1","Conserve Battery","Ball Lightning","Go for the Eyes+1","Creative AI+1","Chill","Electrodynamics","Leap","Coolheaded","Leap","Cold Snap","Cold Snap","Conserve Battery"],"special_seed":0,"relics":["Cracked Core","Meat on the Bone","Bag of Marbles","Bag of Preparation","Boot","Inserter","Spirit Poop","Pen Nib","Happy Flower","Bottled Flame","Girya"],"potions_floor_usage":[23,33,33],"damage_taken":[{"damage":6.0,"enemies":"2 Louse","floor":1.0,"turns":3.0},{"damage":2.0,"enemies":"Cultist","floor":4.0,"turns":4.0},{"damage":2.0,"enemies":"Jaw Worm","floor":5.0,"turns":3.0},{"damage":4.0,"enemies":"Large Slime","floor":7.0,"turns":4.0},{"damage":7.0,"enemies":"Red Slaver","floor":13.0,"turns":3.0},{"damage":20.0,"enemies":"Lagavulin","floor":14.0,"turns":7.0},{"damage":16.0,"enemies":"Hexaghost","floor":16.0,"turns":9.0},{"damage":13.0,"enemies":"2 Thieves","floor":18.0,"turns":4.0},{"damage":17.0,"enemies":"Shell Parasite","floor":20.0,"turns":7.0},{"damage":30,"enemies":"Centurion and Healer","floor":21,"turns":6},{"damage":18,"enemies":"Book of Stabbing","floor":23,"turns":8},{"damage":27,"enemies":"Slavers","floor":25,"turns":5},{"damage":20,"enemies":"Shelled Parasite and Fungi","floor":28,"turns":7},{"damage":3,"enemies":"Snake Plant","floor":29,"turns":5},{"damage":11,"enemies":"Colosseum Slavers","floor":30,"turns":5},{"damage":3,"enemies":"Centurion and Healer","floor":31,"turns":8},{"damage":42,"enemies":"Champ","floor":33,"turns":15}],"seed_played":"-8461589475784835318","potions_obtained":[{"floor":13.0,"key":"Block Potion"},{"floor":14.0,"key":"Energy Potion"},{"floor":20.0,"key":"Block Potion"},{"floor":25,"key":"LiquidBronze"},{"floor":31,"key":"Fruit Juice"}],"is_trial":false,"path_per_floor":["M","?","?","M","M","R","M","R","T","?","T","R","M","E","R","B",null,"M","?","M","M","?","E","R","E","T","$","M","M","?","M","R","B"],"character_chosen":"DEFECT","items_purchased":["Girya"],"campfire_rested":1,"item_purchase_floors":[27],"current_hp_per_floor":[58,47,47,45,43,43,39,39,39,39,39,39,44,36,36,32,61,48,48,43,25,25,19,40,25,25,25,17,26,27,36,36,0],"gold":288,"neow_bonus":"REMOVE_CARD","is_prod":false,"is_daily":false,"chose_seed":false,"campfire_upgraded":4,"win_rate":0,"timestamp":1546855266,"path_taken":["M","?","?","M","?","R","M","R","T","?","?","R","M","E","R","BOSS","M","?","?","M","?","E","R","E","T","$","M","?","?","M","R","BOSS"],"build_version":"2019-01-03v4","purchased_purges":1,"victory":false,"max_hp_per_floor":[71,71,71,71,71,71,71,71,71,71,71,71,71,71,71,71,71,71,71,71,71,71,71,71,71,71,71,71,71,71,71,71,76],"card_choices":[{"not_picked":["Rebound","Turbo"],"picked":"Conserve Battery","floor":1.0},{"not_picked":["Beam Cell","Steam"],"picked":"Ball Lightning","floor":4.0},{"not_picked":["Compile Driver","Streamline"],"picked":"Go for the Eyes","floor":5.0},{"not_picked":["Barrage","Doom and Gloom"],"picked":"Creative AI","floor":7.0},{"not_picked":["Reprogram","Redo","Gash"],"picked":"SKIP","floor":13.0},{"not_picked":["Compile Driver","Barrage"],"picked":"Chill","floor":14.0},{"not_picked":["Thunder Strike","All For One"],"picked":"Electrodynamics","floor":16.0},{"not_picked":["Chaos","Melter"],"picked":"Leap","floor":18.0},{"not_picked":["Rip and Tear","Sweeping Beam"],"picked":"Coolheaded","floor":20.0},{"not_picked":["Rebound","Gash"],"picked":"Leap","floor":21},{"not_picked":["Undo","Chaos","Capacitor"],"picked":"SKIP","floor":23},{"not_picked":["Aggregate","Scrape"],"picked":"Cold Snap","floor":25},{"not_picked":["Heatsinks","Static Discharge","Lockon"],"picked":"SKIP","floor":28},{"not_picked":["Stack","Doom and Gloom"],"picked":"Cold Snap","floor":29},{"not_picked":["Turbo+1","Doom and Gloom"],"picked":"Conserve Battery","floor":31}],"player_experience":1094564,"relics_obtained":[{"floor":9.0,"key":"Bag of Marbles"},{"floor":11.0,"key":"Bag of Preparation"},{"floor":14.0,"key":"Boot"},{"floor":23,"key":"Pen Nib"},{"floor":25,"key":"Happy Flower"},{"floor":26,"key":"Bottled Flame"}],"event_choices":[{"damage_healed":0.0,"max_hp_gain":0.0,"max_hp_loss":0.0,"gold_gain":75.0,"event_name":"World of Goop","player_choice":"Gather Gold","floor":2.0,"gold_loss":0.0,"damage_taken":11.0},{"damage_healed":0.0,"max_hp_gain":0.0,"max_hp_loss":0.0,"gold_gain":0.0,"event_name":"WeMeetAgain","player_choice":"Paid Gold","floor":3.0,"gold_loss":106.0,"damage_taken":0.0,"relics_obtained":["Meat on the Bone"]},{"cards_removed":["Strike_B"],"damage_healed":0.0,"max_hp_gain":0.0,"max_hp_loss":0.0,"gold_gain":0.0,"event_name":"Living Wall","player_choice":"Forget","floor":10.0,"gold_loss":0.0,"damage_taken":0.0},{"damage_healed":0.0,"max_hp_gain":0.0,"max_hp_loss":0.0,"gold_gain":275.0,"event_name":"Golden Shrine","player_choice":"Desecrate","floor":19.0,"gold_loss":0.0,"damage_taken":0.0,"cards_obtained":["Regret"]},{"cards_removed":["Regret"],"damage_healed":0,"gold_gain":0,"player_choice":"Offered Curse","damage_taken":0,"relics_obtained":["Spirit Poop"],"max_hp_gain":0,"max_hp_loss":0,"event_name":"Bonfire Elementals","floor":22,"gold_loss":0},{"damage_healed":0,"gold_gain":0,"player_choice":"Fight","damage_taken":0,"max_hp_gain":0,"max_hp_loss":0,"event_name":"Colosseum","floor":30,"gold_loss":0},{"damage_healed":0,"gold_gain":0,"player_choice":"Fled From Nobs","damage_taken":0,"max_hp_gain":0,"max_hp_loss":0,"event_name":"Colosseum","floor":30,"gold_loss":0}],"is_beta":false,"boss_relics":[{"not_picked":["Calling Bell","Nuclear Battery"],"picked":"Inserter"}],"items_purged_floors":[27],"is_endless":false,"potions_floor_spawned":[13,14,20,25,28,31],"killed_by":"Champ","ascension_level":17}