{"gold_per_floor":[111,121,133,144,159,159,159,159,159,209,228,249,249,249,249,249],"floor_reached":16,"playtime":577,"items_purged":[],"score":188,"play_id":"a78a82ea-1ce2-4e21-a966-a511199c50ae","local_time":"20190328024741","is_ascension_mode":true,"campfire_choices":[{"floor":6.0,"key":"REST"},{"data":"Zap","floor":13,"key":"SMITH"},{"data":"Dualcast","floor":15,"key":"SMITH"}],"neow_cost":"NONE","seed_source_timestamp":65453281265359,"circlet_count":0,"master_deck":["AscendersBane","Strike_B","Strike_B","Strike_B","Defend_B","Defend_B","Defend_B","Defend_B","Zap+1","Dualcast+1","Coolheaded","Reinforced Body","Ball Lightning","Loop","Go for the Eyes","BootSequence","Core Surge","Glacier"],"special_seed":0,"relics":["Cracked Core","Bag of Marbles","Golden Idol","Gremlin Horn"],"potions_floor_usage":[16],"damage_taken":[{"damage":2.0,"enemies":"Jaw Worm","floor":1.0,"turns":3.0},{"damage":0.0,"enemies":"2 Louse","floor":2.0,"turns":3.0},{"damage":1.0,"enemies":"Cultist","floor":3.0,"turns":3.0},{"damage":2.0,"enemies":"Large Slime","floor":4.0,"turns":5.0},{"damage":53.0,"enemies":"Gremlin Gang","floor":5.0,"turns":7.0},{"damage":2,"enemies":"Blue Slaver","floor":11,"turns":4},{"damage":1,"enemies":"Exordium Thugs","floor":12,"turns":4},{"damage":31,"enemies":"The Guardian","floor":16,"turns":12}],"seed_played":"-4975664963733689414","potions_obtained":[{"floor":2.0,"key":"FearPotion"},{"floor":3.0,"key":"Fruit Juice"},{"floor":11,"key":"SpeedPotion"}],"is_trial":false,"path_per_floor":["M","M","M","M","M","R","?","?","T","?","M","M","R","?","R","B"],"character_chosen":"DEFECT","items_purchased":[],"campfire_rested":1,"item_purchase_floors":[],"current_hp_per_floor":[62,62,61,64,11,33,33,33,33,33,31,30,30,30,30,0],"gold":249,"neow_bonus":"RANDOM_COMMON_RELIC","is_prod":false,"is_daily":false,"chose_seed":false,"campfire_upgraded":2,"win_rate":0,"timestamp":1553766461,"path_taken":["M","M","M","M","M","R","?","?","T","?","?","M","R","?","R","BOSS"],"build_version":"2019-01-23","purchased_purges":0,"victory":false,"max_hp_per_floor":[71,71,71,76,76,76,76,69,69,69,69,69,69,69,69,69],"card_choices":[{"not_picked":["Chaos","Double Energy"],"picked":"Coolheaded","floor":1.0},{"not_picked":["Streamline","Lockon"],"picked":"Reinforced Body","floor":2.0},{"not_picked":["Sweeping Beam","Force Field"],"picked":"Ball Lightning","floor":3.0},{"not_picked":["Rebound","Leap"],"picked":"Loop","floor":4.0},{"not_picked":["Fusion","Steam"],"picked":"Go for the Eyes","floor":5.0},{"not_picked":["Darkness","Coolheaded"],"picked":"BootSequence","floor":11},{"not_picked":["Fusion","Beam Cell"],"picked":"Core Surge","floor":12}],"player_experience":1255868,"relics_obtained":[{"floor":9,"key":"Gremlin Horn"}],"event_choices":[{"damage_healed":0,"gold_gain":0,"player_choice":"Searched \u00270\u0027 times","damage_taken":0,"max_hp_gain":0,"max_hp_loss":0,"event_name":"Dead Adventurer","floor":7,"gold_loss":0},{"damage_healed":0,"gold_gain":0,"player_choice":"Lose Max HP","damage_taken":0,"relics_obtained":["Golden Idol"],"max_hp_gain":0,"max_hp_loss":7,"event_name":"Golden Idol","floor":8,"gold_loss":0},{"damage_healed":0,"gold_gain":50,"player_choice":"Pray","damage_taken":0,"max_hp_gain":0,"max_hp_loss":0,"event_name":"Golden Shrine","floor":10,"gold_loss":0},{"damage_healed":0,"gold_gain":0,"cards_transformed":["Strike_B"],"player_choice":"Transformed","damage_taken":0,"max_hp_gain":0,"max_hp_loss":0,"event_name":"Transmorgrifier","floor":14,"gold_loss":0,"cards_obtained":["Glacier"]}],"is_beta":false,"boss_relics":[],"items_purged_floors":[],"is_endless":false,"potions_floor_spawned":[2,3,11],"killed_by":"The Guardian","ascension_level":20}