{"gold_per_floor":[115,115,133,133,58,97,97,136,136,136,24,42,62,87,87,176,176,197,27,47,47,47],"floor_reached":22,"playtime":804,"items_purged":["Strike_G","Strike_G","Venomology"],"score":369,"play_id":"ea92d63e-5a7a-42c0-9694-e4e6622d7048","local_time":"20190202024656","is_ascension_mode":true,"campfire_choices":[{"floor":7.0,"key":"REST"},{"floor":10.0,"key":"REST"},{"floor":15.0,"key":"REST"}],"neow_cost":"NONE","seed_source_timestamp":38169174005478,"circlet_count":0,"master_deck":["AscendersBane","Defend_G","Defend_G","Defend_G","Defend_G","Defend_G","Strike_G","Strike_G","Survivor","Neutralize","Deadly Poison","Deadly Poison","Glass Knife","Noxious Fumes","Escape Plan","Escape Plan","Tools of the Trade+1","Bouncing Flask","Backstab","Caltrops+1","Catalyst"],"special_seed":0,"relics":["Ring of the Snake","Snake Skull","Bloody Idol","Letter Opener","The Courier","Frozen Egg 2","Sozu"],"potions_floor_usage":[22],"damage_taken":[{"damage":2.0,"enemies":"2 Louse","floor":1.0,"turns":3.0},{"damage":9.0,"enemies":"Small Slimes","floor":3.0,"turns":7.0},{"damage":21.0,"enemies":"Lagavulin","floor":6.0,"turns":8.0},{"damage":24.0,"enemies":"Gremlin Nob","floor":8.0,"turns":4.0},{"damage":0.0,"enemies":"Jaw Worm","floor":12.0,"turns":4.0},{"damage":10.0,"enemies":"Exordium Thugs","floor":13.0,"turns":5.0},{"damage":3.0,"enemies":"Blue Slaver","floor":14.0,"turns":4.0},{"damage":3.0,"enemies":"Slime Boss","floor":16.0,"turns":7.0},{"damage":28.0,"enemies":"Chosen","floor":18.0,"turns":4.0},{"damage":19.0,"enemies":"Shell Parasite","floor":20.0,"turns":3.0},{"damage":9,"enemies":"Sentry and Sphere","floor":22,"turns":3}],"seed_played":"-5672052155506360826","potions_obtained":[{"floor":3.0,"key":"Dexterity Potion"},{"floor":8.0,"key":"PowerPotion"},{"floor":12.0,"key":"Strength Potion"},{"floor":16.0,"key":"SteroidPotion"}],"is_trial":false,"path_per_floor":["M","?","M","?","$","E","R","E","T","R","$","M","M","M","R","B",null,"M","$","M","?","M"],"character_chosen":"THE_SILENT","items_purchased":["Escape Plan","Caltrops+1"],"campfire_rested":3,"item_purchase_floors":[11,19],"current_hp_per_floor":[57,50,41,41,41,20,38,14,14,32,32,32,22,19,37,34,54,26,26,7,7,0],"gold":47,"neow_bonus":"RANDOM_COMMON_RELIC","is_prod":false,"is_daily":false,"chose_seed":false,"campfire_upgraded":0,"win_rate":0,"timestamp":1549104416,"path_taken":["M","?","M","?","$","E","R","E","T","R","$","M","M","M","R","BOSS","M","$","M","?","M"],"build_version":"2019-01-23","purchased_purges":3,"victory":false,"max_hp_per_floor":[66,66,66,60,60,60,60,60,60,60,60,60,60,60,60,60,60,60,60,60,60,60],"card_choices":[{"not_picked":["Heel Hook","Poisoned Stab"],"picked":"Deadly Poison","floor":1.0},{"not_picked":["Dodge and Roll","Underhanded Strike"],"picked":"Deadly Poison","floor":3.0},{"not_picked":["Infinite Blades","Quick Slash"],"picked":"Glass Knife","floor":6.0},{"not_picked":["Quick Slash","Sucker Punch"],"picked":"Noxious Fumes","floor":8.0},{"not_picked":["Blade Dance","Accuracy+1"],"picked":"Escape Plan","floor":12.0},{"not_picked":["Underhanded Strike","Cloak And Dagger"],"picked":"Tools of the Trade+1","floor":13.0},{"not_picked":["Slice","Dash"],"picked":"Bouncing Flask","floor":14.0},{"not_picked":["Doppelganger","Die Die Die"],"picked":"Venomology","floor":16.0},{"not_picked":["Dodge and Roll","Flying Knee"],"picked":"Backstab","floor":18.0},{"not_picked":["Dagger Spray","PiercingWail"],"picked":"Catalyst","floor":20.0}],"player_experience":1198077,"relics_obtained":[{"floor":6.0,"key":"Letter Opener"},{"floor":8.0,"key":"The Courier"},{"floor":9.0,"key":"Frozen Egg 2"}],"event_choices":[{"cards_removed":["Strike_G"],"damage_healed":0.0,"max_hp_gain":0.0,"max_hp_loss":0.0,"gold_gain":0.0,"event_name":"Golden Wing","player_choice":"Card Removal","floor":2.0,"gold_loss":0.0,"damage_taken":7.0},{"damage_healed":0.0,"max_hp_gain":0.0,"max_hp_loss":6.0,"gold_gain":0.0,"event_name":"Golden Idol","player_choice":"Lose Max HP","floor":4.0,"gold_loss":0.0,"damage_taken":0.0,"relics_obtained":["Golden Idol"]},{"damage_healed":0.0,"max_hp_gain":0.0,"max_hp_loss":0.0,"gold_gain":0.0,"event_name":"Forgotten Altar","player_choice":"Gave Idol","floor":21.0,"relics_lost":["Golden Idol"],"gold_loss":0.0,"damage_taken":0.0,"relics_obtained":["Bloody Idol"]}],"is_beta":false,"boss_relics":[{"not_picked":["Empty Cage","Coffee Dripper"],"picked":"Sozu"}],"items_purged_floors":[5,11,19],"is_endless":false,"potions_floor_spawned":[3,8,12,13,16,18],"killed_by":"Sentry and Sphere","ascension_level":18}