{"gold_per_floor":[110,122,122,9,9,23,49,49,49,63,17,17,43,62,62,159,159,179,189,13,13,13,13,13],"floor_reached":24,"playtime":1168,"items_purged":["Pain","Strike_B"],"score":286,"play_id":"37f5bf80-e324-4633-b14c-3777e40f8832","local_time":"20190201180248","is_ascension_mode":true,"campfire_choices":[{"data":"Zap","floor":12.0,"key":"SMITH"},{"floor":15.0,"key":"REST"},{"data":"Seek","floor":23,"key":"SMITH"}],"neow_cost":"NONE","seed_source_timestamp":27628499561637,"circlet_count":0,"master_deck":["Strike_B+1","Strike_B+1","Strike_B+1","Defend_B+1","Defend_B+1","Defend_B+1","Defend_B+1","Zap+1","Dualcast","Leap+1","Sunder","Coolheaded","FTL","Chill","Chaos","Steam","Conserve Battery","Seek+1","Redo","Ball Lightning+1","Auto Shields"],"special_seed":0,"relics":["Cracked Core","WarpedTongs","Singing Bowl","Question Card","Mummified Hand","Omamori","Cursed Key","Kunai"],"potions_floor_usage":[],"damage_taken":[{"damage":0.0,"enemies":"2 Louse","floor":1.0,"turns":3.0},{"damage":1.0,"enemies":"Cultist","floor":2.0,"turns":3.0},{"damage":2.0,"enemies":"Jaw Worm","floor":6.0,"turns":2.0},{"damage":6.0,"enemies":"Lagavulin","floor":7.0,"turns":8.0},{"damage":0.0,"enemies":"Blue Slaver","floor":10.0,"turns":4.0},{"damage":24.0,"enemies":"Gremlin Nob","floor":13.0,"turns":5.0},{"damage":0.0,"enemies":"Looter","floor":14.0,"turns":2.0},{"damage":3.0,"enemies":"The Guardian","floor":16.0,"turns":11.0},{"damage":20.0,"enemies":"2 Thieves","floor":18.0,"turns":4.0},{"damage":13,"enemies":"3 Byrds","floor":19,"turns":6},{"damage":41,"enemies":"Gremlin Leader","floor":24,"turns":7}],"seed_played":"-8770508382127656995","potions_obtained":[{"floor":2.0,"key":"SteroidPotion"},{"floor":6.0,"key":"FocusPotion"},{"floor":10.0,"key":"Ancient Potion"}],"is_trial":false,"path_per_floor":["M","M","?","$","?","M","E","T","T","M","$","R","E","M","R","B",null,"M","M","$","?","T","R","E"],"character_chosen":"DEFECT","items_purchased":["FTL","Steam","Auto Shields"],"campfire_rested":1,"item_purchase_floors":[4,11,20],"current_hp_per_floor":[68,67,67,67,52,50,46,46,46,46,46,46,22,24,47,44,70,50,37,37,37,37,37,0],"gold":13,"neow_bonus":"THREE_CARDS","is_prod":false,"is_daily":false,"chose_seed":false,"campfire_upgraded":2,"win_rate":0,"timestamp":1549040568,"path_taken":["M","M","?","?","?","M","E","?","T","M","$","R","E","M","R","BOSS","M","M","$","?","?","R","E"],"build_version":"2019-01-23","purchased_purges":2,"victory":false,"max_hp_per_floor":[75,75,75,75,75,75,77,77,77,77,77,77,77,79,79,79,79,79,79,79,79,79,79,79],"card_choices":[{"not_picked":["Static Discharge","Force Field"],"picked":"Leap","floor":0.0},{"not_picked":["Gash","Cold Snap"],"picked":"Sunder","floor":1.0},{"not_picked":["Steam Power","Ball Lightning"],"picked":"Coolheaded","floor":2.0},{"not_picked":["Streamline","Gash"],"picked":"Chill","floor":6.0},{"not_picked":["Heatsinks","Steam","Leap"],"picked":"Singing Bowl","floor":7.0},{"not_picked":["Rebound","Reprogram","Stack"],"picked":"Chaos","floor":10.0},{"not_picked":["Sweeping Beam","Ball Lightning","Leap"],"picked":"Conserve Battery","floor":13.0},{"not_picked":["Reprogram","Fusion","Recycle","Leap"],"picked":"Singing Bowl","floor":14.0},{"not_picked":["Creative AI","Amplify","All For One"],"picked":"Seek","floor":16.0},{"not_picked":["Chaos+1","Coolheaded","Steam"],"picked":"Redo","floor":18.0},{"not_picked":["Barrage","Gash+1","Hello World+1"],"picked":"Ball Lightning+1","floor":19}],"player_experience":240765,"relics_obtained":[{"floor":7.0,"key":"Singing Bowl"},{"floor":8.0,"key":"Question Card"},{"floor":9.0,"key":"Mummified Hand"},{"floor":13.0,"key":"Omamori"},{"floor":22,"key":"Kunai"}],"event_choices":[{"damage_healed":0.0,"max_hp_gain":0.0,"max_hp_loss":0.0,"gold_gain":0.0,"event_name":"Accursed Blacksmith","player_choice":"Rummage","floor":3.0,"gold_loss":0.0,"damage_taken":0.0,"relics_obtained":["WarpedTongs"],"cards_obtained":["Pain"]},{"damage_healed":0.0,"max_hp_gain":0.0,"max_hp_loss":0.0,"gold_gain":0.0,"event_name":"Shining Light","player_choice":"Entered Light","floor":5.0,"gold_loss":0.0,"damage_taken":15.0,"cards_upgraded":["Leap","Defend_B"]},{"damage_healed":0,"gold_gain":0,"player_choice":"Simplicity","damage_taken":0,"max_hp_gain":0,"max_hp_loss":0,"event_name":"Back to Basics","floor":21,"gold_loss":0,"cards_upgraded":["Strike_B","Strike_B","Strike_B","Defend_B","Defend_B","Defend_B"]}],"is_beta":false,"boss_relics":[{"not_picked":["Velvet Choker","Snecko Eye"],"picked":"Cursed Key"}],"items_purged_floors":[4,20],"is_endless":false,"potions_floor_spawned":[2,6,10,13,16,18],"killed_by":"Gremlin Leader","ascension_level":8}