{"gold_per_floor":[116,129,142,142,292,292,292,308,362,168,243,257,286,286,286,365,365,378,378,303,253,272,272,285,285,285,63,78,94,94,105,105,184,234,245,260,210,227,227,227,0,0,0,0,10,110,110,161,173,185],"floor_reached":51,"playtime":2179,"items_purged":["Doubt","Strike_B","Strike_B","Strike_B"],"score":1206,"play_id":"ef1f5f1b-dd61-45ab-9203-255ddd2d2134","local_time":"20190214232512","is_ascension_mode":true,"campfire_choices":[{"data":"Zap","floor":6.0,"key":"SMITH"},{"data":"Dualcast","floor":15.0,"key":"SMITH"},{"data":"Hologram","floor":23.0,"key":"SMITH"},{"data":"Ball Lightning","floor":25.0,"key":"SMITH"},{"data":"FTL","floor":30.0,"key":"SMITH"},{"data":"Defragment","floor":32.0,"key":"SMITH"},{"data":"White Noise","floor":40,"key":"SMITH"},{"data":"Coolheaded","floor":42,"key":"SMITH"},{"data":"Coolheaded","floor":44,"key":"SMITH"},{"data":"Apotheosis","floor":49,"key":"SMITH"}],"neow_cost":"NONE","seed_source_timestamp":55467570837612,"circlet_count":0,"master_deck":["AscendersBane","Strike_B","Defend_B","Defend_B","Defend_B","Defend_B","Zap+1","Dualcast+1","Ball Lightning+1","Coolheaded+1","Cold Snap","BootSequence","Conserve Battery","Self Repair","Coolheaded+1","Core Surge","Coolheaded+1","Hologram+1","FTL+1","Cold Snap","Echo Form","Defragment+1","White Noise+1","FTL+1","Echo Form","Conserve Battery+1","Parasite","Reinforced Body","Capacitor+1","Apotheosis+1"],"special_seed":0,"relics":["Cracked Core","Orichalcum","Smiling Mask","Regal Pillow","Meat on the Bone","Mercury Hourglass","Coffee Dripper","Shuriken","Happy Flower","Tiny House","Red Mask","Girya","StoneCalendar","MawBank"],"potions_floor_usage":[50,50],"damage_taken":[{"damage":8.0,"enemies":"Jaw Worm","floor":1.0,"turns":4.0},{"damage":2.0,"enemies":"2 Louse","floor":2.0,"turns":2.0},{"damage":0.0,"enemies":"Small Slimes","floor":3.0,"turns":3.0},{"damage":11.0,"enemies":"Blue Slaver","floor":8.0,"turns":4.0},{"damage":0.0,"enemies":"2 Fungi Beasts","floor":12.0,"turns":2.0},{"damage":16.0,"enemies":"Gremlin Nob","floor":13.0,"turns":4.0},{"damage":46.0,"enemies":"Hexaghost","floor":16.0,"turns":14.0},{"damage":8.0,"enemies":"Spheric Guardian","floor":18.0,"turns":5.0},{"damage":9.0,"enemies":"Chosen","floor":22.0,"turns":7.0},{"damage":26.0,"enemies":"3 Cultists","floor":24.0,"turns":6.0},{"damage":4.0,"enemies":"Shelled Parasite and Fungi","floor":28.0,"turns":6.0},{"damage":5.0,"enemies":"Sentry and Sphere","floor":29.0,"turns":4.0},{"damage":17.0,"enemies":"Snecko","floor":31.0,"turns":8.0},{"damage":17.0,"enemies":"Automaton","floor":33.0,"turns":9.0},{"damage":18.0,"enemies":"3 Shapes","floor":35.0,"turns":5.0},{"damage":8.0,"enemies":"Orb Walker","floor":36.0,"turns":3.0},{"damage":6.0,"enemies":"Transient","floor":38.0,"turns":6.0},{"damage":14,"enemies":"Writhing Mass","floor":45,"turns":5},{"damage":0,"enemies":"Mind Bloom Boss Battle","floor":46,"turns":7},{"damage":38,"enemies":"Donu and Deca","floor":50,"turns":9}],"seed_played":"-6833648040875775623","potions_obtained":[{"floor":1.0,"key":"PowerPotion"},{"floor":8.0,"key":"Strength Potion"},{"floor":16.0,"key":"SkillPotion"},{"floor":18.0,"key":"Fire Potion"},{"floor":29.0,"key":"FearPotion"},{"floor":33.0,"key":"GamblersBrew"},{"floor":34.0,"key":"Fire Potion"},{"floor":45,"key":"Block Potion"}],"is_trial":false,"path_per_floor":["M","M","M","?","?","R","?","M","T","$","T","M","E","?","R","B",null,"M","?","?","$","M","R","M","R","T","$","M","M","R","M","R","B",null,"M","M","$","M","?","R","?","R","T","R","M","?","?","T","R","B",null],"character_chosen":"DEFECT","items_purchased":["Conserve Battery","Self Repair","Happy Flower"],"campfire_rested":0,"item_purchase_floors":[10,10,27],"current_hp_per_floor":[56,54,54,28,28,28,45,34,34,34,34,53,44,49,49,22,63,62,62,62,62,60,60,53,53,53,53,56,58,58,41,41,43,71,60,52,52,53,53,53,53,53,53,53,58,65,65,65,65,49],"gold":197,"neow_bonus":"RANDOM_COMMON_RELIC","is_prod":false,"is_daily":false,"chose_seed":false,"campfire_upgraded":10,"win_rate":0,"timestamp":1550215512,"path_taken":["M","M","M","?","?","R","?","M","T","$","?","M","E","?","R","BOSS","M","?","?","?","M","R","M","R","T","$","M","?","R","M","R","BOSS","M","M","$","M","?","R","?","R","T","R","?","?","?","?","R","BOSS"],"build_version":"2019-01-23","purchased_purges":4,"victory":true,"max_hp_per_floor":[71,71,71,71,71,71,71,71,71,71,71,71,71,76,76,76,76,76,76,73,73,73,73,73,73,73,73,73,73,73,73,73,73,78,78,78,78,78,78,78,78,78,78,78,78,78,78,78,78,78],"card_choices":[{"not_picked":["Darkness","Sweeping Beam"],"picked":"Ball Lightning","floor":1.0},{"not_picked":["Rebound","Hologram"],"picked":"Coolheaded","floor":2.0},{"not_picked":["Core Surge","Chaos"],"picked":"Cold Snap","floor":3.0},{"not_picked":["Gash","Turbo"],"picked":"BootSequence","floor":8.0},{"not_picked":["Leap","Machine Learning","Heatsinks"],"picked":"SKIP","floor":12.0},{"not_picked":["BootSequence","Consume"],"picked":"Coolheaded","floor":13.0},{"not_picked":["Multi-Cast","Amplify"],"picked":"Core Surge","floor":16.0},{"not_picked":["Barrage+1","Hello World"],"picked":"Coolheaded","floor":18.0},{"not_picked":["Coolheaded","Gash"],"picked":"Hologram","floor":22.0},{"not_picked":["Barrage+1","Darkness"],"picked":"FTL","floor":24.0},{"not_picked":["White Noise","Turbo"],"picked":"Cold Snap","floor":28.0},{"not_picked":["Coolheaded","Conserve Battery"],"picked":"Echo Form","floor":29.0},{"not_picked":["Heatsinks","Ball Lightning"],"picked":"Defragment","floor":31.0},{"not_picked":["Self Repair","Stack"],"picked":"White Noise","floor":34.0},{"not_picked":["Compile Driver+1","Redo"],"picked":"FTL+1","floor":35.0},{"not_picked":["Redo","Sweeping Beam"],"picked":"Echo Form","floor":36.0},{"not_picked":["Reprogram","Sweeping Beam"],"picked":"Conserve Battery+1","floor":38.0},{"not_picked":["Lockon","Chaos"],"picked":"Reinforced Body","floor":45},{"not_picked":["Stack","Conserve Battery+1"],"picked":"Capacitor+1","floor":46},{"not_picked":["Secret Weapon","Panache"],"picked":"Apotheosis","floor":47}],"player_experience":1216084,"relics_obtained":[{"floor":9.0,"key":"Regal Pillow"},{"floor":11.0,"key":"Meat on the Bone"},{"floor":13.0,"key":"Mercury Hourglass"},{"floor":26.0,"key":"Shuriken"},{"floor":43,"key":"Girya"},{"floor":46,"key":"StoneCalendar"},{"floor":48,"key":"MawBank"}],"event_choices":[{"damage_healed":0.0,"max_hp_gain":0.0,"max_hp_loss":0.0,"gold_gain":0.0,"event_name":"Scrap Ooze","player_choice":"Success","floor":4.0,"gold_loss":0.0,"damage_taken":26.0,"relics_obtained":["Smiling Mask"]},{"damage_healed":0.0,"max_hp_gain":0.0,"max_hp_loss":0.0,"gold_gain":150.0,"event_name":"Liars Game","player_choice":"AGREE","floor":5.0,"gold_loss":0.0,"damage_taken":0.0,"cards_obtained":["Doubt"]},{"damage_healed":17.0,"max_hp_gain":0.0,"max_hp_loss":0.0,"gold_gain":0.0,"event_name":"Mushrooms","player_choice":"Healed and dodged fight","floor":7.0,"gold_loss":0.0,"damage_taken":0.0,"cards_obtained":["Parasite"]},{"damage_healed":0.0,"max_hp_gain":5.0,"max_hp_loss":0.0,"gold_gain":0.0,"event_name":"Big Fish","player_choice":"Donut","floor":14.0,"gold_loss":0.0,"damage_taken":0.0},{"damage_healed":0.0,"max_hp_gain":0.0,"max_hp_loss":0.0,"gold_gain":0.0,"event_name":"Vampires","player_choice":"Ignored","floor":19.0,"gold_loss":0.0,"damage_taken":0.0},{"cards_removed":["Parasite"],"damage_healed":0.0,"max_hp_gain":0.0,"max_hp_loss":0.0,"gold_gain":0.0,"event_name":"Beggar","player_choice":"Gave Gold","floor":20.0,"gold_loss":75.0,"damage_taken":0.0},{"damage_healed":0,"gold_gain":0,"player_choice":"Ignored","damage_taken":0,"max_hp_gain":0,"max_hp_loss":0,"event_name":"Mysterious Sphere","floor":39,"gold_loss":0},{"damage_healed":0,"gold_gain":0,"player_choice":"Paid","damage_taken":0,"relics_obtained":["Red Mask"],"max_hp_gain":0,"max_hp_loss":0,"event_name":"Tomb of Lord Red Mask","floor":41,"gold_loss":227},{"damage_healed":0,"gold_gain":0,"player_choice":"Fight","damage_taken":0,"max_hp_gain":0,"max_hp_loss":0,"event_name":"MindBloom","floor":46,"gold_loss":0},{"damage_healed":0,"gold_gain":0,"player_choice":"Memory 1","damage_taken":0,"max_hp_gain":0,"max_hp_loss":0,"event_name":"SensoryStone","floor":47,"gold_loss":0}],"is_beta":false,"boss_relics":[{"not_picked":["Eternal Feather","Orrery"],"picked":"Coffee Dripper"},{"not_picked":["Astrolabe","Pandora\u0027s Box"],"picked":"Tiny House"}],"items_purged_floors":[10,21,27,37],"is_endless":false,"potions_floor_spawned":[1,8,12,16,18,24,29,33,36,45],"ascension_level":18}