{"gold_per_floor":[109,121,135,150,169,202,202,215,215,227,241,241,11,23,23,120,120,136,156,356,376,153,153,179,179,179,179,194,194,205,232,232,330,330,341,591,513,513,513,513,526,526,538,550,577,605,617,645,657,669],"floor_reached":50,"playtime":3333,"items_purged":["Strike_B","Strike_B"],"score":806,"play_id":"c3844cc5-4d4a-4c7a-b8c2-465cd764f97b","local_time":"20180805023041","is_ascension_mode":true,"campfire_choices":[{"floor":7.0,"key":"REST"},{"floor":15.0,"key":"REST"},{"data":"Rainbow","floor":23.0,"key":"SMITH"},{"floor":25.0,"key":"REST"},{"data":"Chaos","floor":29.0,"key":"SMITH"},{"floor":32.0,"key":"REST"},{"floor":40.0,"key":"DIG"},{"floor":42.0,"key":"DIG"},{"data":"Capacitor","floor":44,"key":"SMITH"},{"floor":49,"key":"REST"}],"neow_cost":"NONE","seed_source_timestamp":0,"circlet_count":0,"master_deck":["Strike_B","Defend_B","Defend_B","Defend_B","Defend_B","Zap","Dualcast","AscendersBane","Capacitor+1","Cold Snap","Auto Shields","Barrage","Coolheaded","Cold Snap","Go for the Eyes","Conserve Battery","Coolheaded","Rainbow+1","BootSequence","Conserve Battery","Undo+1","Ball Lightning","Leap","Go for the Eyes","Chaos+1","Machine Learning","Regret","Ball Lightning","Barrage","Writhe","Conserve Battery+1","Cold Snap+1","Melter+1"],"special_seed":0,"relics":["Cracked Core","Bag of Marbles","Du-Vu Doll","Nunchaku","Boot","Regal Pillow","Velvet Choker","Singing Bowl","Mummified Hand","Shovel","Sozu","Ginger","Turnip","MawBank","Calipers","Meat on the Bone"],"potions_floor_usage":[],"damage_taken":[{"damage":0.0,"enemies":"Cultist","floor":1.0,"turns":2.0},{"damage":4.0,"enemies":"Small Slimes","floor":2.0,"turns":4.0},{"damage":3.0,"enemies":"2 Louse","floor":3.0,"turns":2.0},{"damage":7.0,"enemies":"Blue Slaver","floor":4.0,"turns":4.0},{"damage":17.0,"enemies":"Lots of Slimes","floor":5.0,"turns":3.0},{"damage":22.0,"enemies":"Lagavulin","floor":6.0,"turns":7.0},{"damage":7.0,"enemies":"2 Fungi Beasts","floor":8.0,"turns":4.0},{"damage":12.0,"enemies":"Exordium Wildlife","floor":10.0,"turns":5.0},{"damage":11.0,"enemies":"Lots of Slimes","floor":11.0,"turns":5.0},{"damage":0.0,"enemies":"Blue Slaver","floor":14.0,"turns":3.0},{"damage":31.0,"enemies":"Slime Boss","floor":16.0,"turns":12.0},{"damage":3.0,"enemies":"Chosen","floor":18.0,"turns":4.0},{"damage":1.0,"enemies":"Spheric Guardian","floor":19.0,"turns":4.0},{"damage":3.0,"enemies":"Centurion and Healer","floor":21.0,"turns":8.0},{"damage":31.0,"enemies":"Book of Stabbing","floor":24.0,"turns":7.0},{"damage":0.0,"enemies":"Snake Plant","floor":28.0,"turns":5.0},{"damage":21.0,"enemies":"Slaver and Parasite","floor":30.0,"turns":6.0},{"damage":16.0,"enemies":"Slavers","floor":31.0,"turns":6.0},{"damage":104.0,"enemies":"Automaton","floor":33.0,"turns":14.0},{"damage":7.0,"enemies":"Flame Bruiser 1 Orb","floor":35.0,"turns":6.0},{"damage":3.0,"enemies":"Orb Walker","floor":41.0,"turns":4.0},{"damage":5,"enemies":"Sphere and 2 Shapes","floor":45,"turns":4},{"damage":40,"enemies":"3 Darklings","floor":46,"turns":7},{"damage":19,"enemies":"4 Shapes","floor":48,"turns":8},{"damage":77,"enemies":"Donu and Deca","floor":50,"turns":6}],"seed_played":"4703655432030652704","potions_obtained":[{"floor":3.0,"key":"LiquidBronze"},{"floor":10.0,"key":"FairyPotion"},{"floor":14.0,"key":"Block Potion"},{"floor":16.0,"key":"FocusPotion"},{"floor":30.0,"key":"Weak Potion"},{"floor":31.0,"key":"LiquidBronze"},{"floor":33.0,"key":"SmokeBomb"}],"is_trial":false,"path_per_floor":["M","M","M","M","M","E","R","M","T","M","M","?","$","M","R","B",null,"M","M","?","M","$","R","E","R","T","?","M","R","M","E","R","B",null,"M","?","$","?","?","R","M","R","T","R","M","M","T","M","R"],"character_chosen":"DEFECT","items_purchased":["Regal Pillow","Ball Lightning","Leap","Go for the Eyes","Ball Lightning","Barrage"],"campfire_rested":5,"item_purchase_floors":[13,22,22,22,37,37],"current_hp_per_floor":[68,64,61,54,37,15,37,30,30,18,7,4,4,4,41,10,59,56,55,55,52,52,52,21,58,58,58,60,60,41,27,66,8,63,58,58,58,79,79,79,76,76,76,76,71,33,33,26,66,0],"gold":669,"neow_bonus":"RANDOM_COMMON_RELIC","is_prod":false,"is_daily":false,"chose_seed":false,"campfire_upgraded":3,"win_rate":0,"timestamp":1533461441,"path_taken":["M","?","?","M","M","E","R","M","T","M","M","?","$","M","R","BOSS","M","M","?","?","$","R","E","R","T","?","M","R","M","E","R","BOSS","M","?","$","?","?","R","M","R","T","R","M","M","?","M","R","BOSS"],"build_version":"2018-08-02","purchased_purges":2,"victory":false,"max_hp_per_floor":[75,75,75,75,75,75,75,75,75,75,75,75,75,75,75,75,75,75,75,75,75,75,75,75,75,75,75,77,77,79,81,81,81,81,83,83,83,83,83,83,83,83,83,83,83,85,85,85,85,85],"card_choices":[{"not_picked":["Beam Cell","BootSequence"],"picked":"Capacitor","floor":1.0},{"not_picked":["Steam","Chaos"],"picked":"Cold Snap","floor":2.0},{"not_picked":["Blizzard","Undo"],"picked":"Auto Shields","floor":3.0},{"not_picked":["Hello World","Defragment"],"picked":"Barrage","floor":4.0},{"not_picked":["Compile Driver","Sweeping Beam","Turbo"],"picked":"SKIP","floor":5.0},{"not_picked":["Darkness","Fusion"],"picked":"Coolheaded","floor":6.0},{"not_picked":["Turbo","White Noise"],"picked":"Cold Snap","floor":8.0},{"not_picked":["Aggregate","Creative AI"],"picked":"Go for the Eyes","floor":10.0},{"not_picked":["Streamline","Scrape"],"picked":"Conserve Battery","floor":11.0},{"not_picked":["Hologram","Genetic Algorithm"],"picked":"Coolheaded","floor":14.0},{"not_picked":["Electrodynamics","Buffer"],"picked":"Rainbow","floor":16.0},{"not_picked":["Beam Cell","Heatsinks+1"],"picked":"BootSequence","floor":18.0},{"not_picked":["Fusion","Tempest"],"picked":"Conserve Battery","floor":19.0},{"not_picked":["Ball Lightning","Streamline"],"picked":"Undo+1","floor":21.0},{"not_picked":["Streamline","Cold Snap"],"picked":"Chaos","floor":24.0},{"not_picked":["Recycle","Hyperbeam","Heatsinks"],"picked":"Singing Bowl","floor":28.0},{"not_picked":["Redo","Beam Cell","Stack"],"picked":"Singing Bowl","floor":30.0},{"not_picked":["Redo","Hello World","Steam"],"picked":"Singing Bowl","floor":31.0},{"not_picked":["Amplify","Biased Cognition"],"picked":"Machine Learning","floor":33.0},{"not_picked":["Beam Cell","Self Repair+1","Redo"],"picked":"Singing Bowl","floor":35.0},{"not_picked":["Chaos","Coolheaded"],"picked":"Conserve Battery+1","floor":41.0},{"not_picked":["Rebound+1","Gash"],"picked":"Cold Snap+1","floor":45},{"not_picked":["Ball Lightning","Skim+1","Turbo"],"picked":"Singing Bowl","floor":46},{"not_picked":["Turbo","Leap"],"picked":"Melter+1","floor":48}],"player_experience":712333,"relics_obtained":[{"floor":6.0,"key":"Du-Vu Doll"},{"floor":9.0,"key":"Nunchaku"},{"floor":24.0,"key":"Singing Bowl"},{"floor":26.0,"key":"Mummified Hand"},{"floor":31.0,"key":"Shovel"},{"floor":40.0,"key":"Turnip"},{"floor":42.0,"key":"MawBank"},{"floor":43.0,"key":"Calipers"},{"floor":47,"key":"Meat on the Bone"}],"event_choices":[{"event_name":"Scrap Ooze","player_choice":"success","floor":12.0,"damage_taken":3.0},{"event_name":"Wheel of Change","player_choice":"Gold","floor":20.0,"damage_taken":0.0},{"event_name":"Purifier","player_choice":"One Purge","floor":27.0,"damage_taken":0.0},{"event_name":"Golden Shrine","player_choice":"Desecrate","floor":36.0,"damage_taken":0.0},{"event_name":"Winding Halls","player_choice":"Writhe","floor":38.0,"damage_taken":0.0},{"event_name":"WeMeetAgain","player_choice":"Potion","floor":39.0,"damage_taken":0.0}],"is_beta":false,"boss_relics":[{"not_picked":["Pandora\u0027s Box","Ectoplasm"],"picked":"Velvet Choker"},{"not_picked":["FrozenCore","Philosopher\u0027s Stone"],"picked":"Sozu"}],"items_purged_floors":[13,22],"is_endless":false,"potions_floor_spawned":[3,10,14,16,19,30,31,33,35],"killed_by":"Donu and Deca","ascension_level":12}