{"gold_per_floor":[114,129,129,145,156,190,3,3,3,3,14,14,14,14,14,109,109,119,119,119],"floor_reached":20,"playtime":899,"items_purged":[],"score":275,"play_id":"c7d989cb-33c9-4d0a-ab98-52d10cdb8c66","local_time":"20180805013311","is_ascension_mode":true,"campfire_choices":[{"floor":8,"key":"REST"},{"data":"White Noise","floor":10,"key":"SMITH"},{"data":"1","floor":12,"key":"LIFT"},{"data":"2","floor":15,"key":"LIFT"}],"neow_cost":"NONE","seed_source_timestamp":0,"circlet_count":0,"master_deck":["Defend_B","Defend_B","Defend_B","Defend_B","Zap","Dualcast","AscendersBane","Seek","Doom and Gloom","Defragment","White Noise+1","Static Discharge","Ball Lightning","Steam Power","Rainbow","Ball Lightning","Writhe"],"special_seed":0,"relics":["Cracked Core","Girya","Oddly Smooth Stone","Torii","Emotion Chip","Empty Cage","Strawberry"],"potions_floor_usage":[16,16],"damage_taken":[{"damage":7,"enemies":"Jaw Worm","floor":1,"turns":3},{"damage":0,"enemies":"2 Louse","floor":2,"turns":2},{"damage":4,"enemies":"Small Slimes","floor":4,"turns":3},{"damage":9,"enemies":"Red Slaver","floor":5,"turns":4},{"damage":20,"enemies":"Lagavulin","floor":6,"turns":6},{"damage":0,"enemies":"Large Slime","floor":11,"turns":4},{"damage":24,"enemies":"Slime Boss","floor":16,"turns":7},{"damage":13,"enemies":"Chosen","floor":18,"turns":4},{"damage":62,"floor":20,"turns":3}],"seed_played":"6633926855459001113","potions_obtained":[{"floor":5,"key":"Block Potion"},{"floor":11,"key":"LiquidBronze"},{"floor":18,"key":"SpeedPotion"}],"is_trial":false,"path_per_floor":["M","M","?","M","M","E","$","R","T","R","M","R","?","?","R","B",null,"M","?"],"character_chosen":"DEFECT","items_purchased":["Oddly Smooth Stone","Static Discharge"],"campfire_rested":1,"item_purchase_floors":[7,7],"current_hp_per_floor":[61,61,54,50,41,21,21,43,43,43,43,43,36,36,36,12,59,46,53,0],"gold":119,"neow_bonus":"ONE_RANDOM_RARE_CARD","is_prod":false,"is_daily":false,"chose_seed":false,"campfire_upgraded":1,"win_rate":0,"timestamp":1533457991,"path_taken":["M","M","?","M","M","E","$","R","T","R","M","R","?","?","R","BOSS","M","?","?"],"build_version":"2018-08-02","purchased_purges":0,"victory":false,"max_hp_per_floor":[75,75,75,75,75,75,75,75,75,75,75,75,75,75,75,75,75,75,82,82],"card_choices":[{"not_picked":["Compile Driver","Turbo","Reprogram"],"picked":"SKIP","floor":1},{"not_picked":["Compile Driver","Sweeping Beam"],"picked":"Doom and Gloom","floor":2},{"not_picked":["Barrage","Lockon","Fusion"],"picked":"SKIP","floor":4},{"not_picked":["Sunder","Go for the Eyes"],"picked":"Defragment","floor":5},{"not_picked":["Leap","BootSequence"],"picked":"White Noise","floor":6},{"not_picked":["Rebound","Recycle"],"picked":"Ball Lightning","floor":11},{"not_picked":["Creative AI","Core Surge"],"picked":"Rainbow","floor":16},{"not_picked":["Beam Cell","Loop"],"picked":"Ball Lightning","floor":18}],"player_experience":711434,"relics_obtained":[{"floor":6,"key":"Girya"},{"floor":9,"key":"Torii"}],"event_choices":[{"event_name":"Golden Wing","player_choice":"Card Removal","floor":3,"damage_taken":0},{"event_name":"Scrap Ooze","player_choice":"success","floor":13,"damage_taken":7},{"event_name":"Transmorgrifier","player_choice":"Transform","floor":14,"damage_taken":0},{"event_name":"The Mausoleum","player_choice":"Yes","floor":19,"damage_taken":0},{"event_name":"Masked Bandits","player_choice":"Fought over 119 gold","floor":20,"damage_taken":0}],"is_beta":false,"boss_relics":[{"not_picked":["Tiny House","Eternal Feather"],"picked":"Empty Cage"}],"items_purged_floors":[],"is_endless":false,"potions_floor_spawned":[5,11,18],"ascension_level":12}