{"gold_per_floor":[109,109,123,198,16,16,31,64,87,87,100,135,135,193,193,298,298,313,86,86,101,119,119,133,0,0,25,25,52,66,95,95,192,192,203,203,86,86,103,103,122,122],"floor_reached":42,"playtime":3824,"items_purged":["Strike_G","Strike_G"],"score":734,"play_id":"f6eaf32a-d7f7-4414-9073-21d5d7b8e885","local_time":"20190402222006","is_ascension_mode":true,"campfire_choices":[{"data":"Catalyst","floor":6.0,"key":"SMITH"},{"data":"Footwork","floor":13.0,"key":"SMITH"},{"data":"Deadly Poison","floor":15.0,"key":"SMITH"},{"data":"Cloak And Dagger","floor":23.0,"key":"SMITH"},{"floor":28,"key":"REST"},{"data":"After Image","floor":32,"key":"SMITH"},{"data":"Cloak And Dagger","floor":40,"key":"SMITH"}],"neow_cost":"NONE","seed_source_timestamp":23989013862405,"circlet_count":0,"master_deck":["AscendersBane","Defend_G","Defend_G","Defend_G","Defend_G","Defend_G","Strike_G","Strike_G","Strike_G","Survivor","Neutralize","Deadly Poison+1","Catalyst+1","Footwork+1","Corpse Explosion","Bane","Blur","Cloak And Dagger+1","Endless Agony","After Image+1","Leg Sweep","Caltrops","After Image","Malaise","Noxious Fumes","PiercingWail","Acrobatics","Escape Plan","Night Terror","Cloak And Dagger+1","Footwork"],"special_seed":0,"relics":["Ring of the Snake","Potion Belt","Strawberry","Pen Nib","Happy Flower","Sozu","Regal Pillow","Bronze Scales","Smiling Mask","Centennial Puzzle","White Beast Statue"],"potions_floor_usage":[33,33,42],"damage_taken":[{"damage":4.0,"enemies":"Small Slimes","floor":1.0,"turns":6.0},{"damage":0.0,"enemies":"2 Louse","floor":3.0,"turns":5.0},{"damage":0.0,"enemies":"Cultist","floor":7.0,"turns":3.0},{"damage":18.0,"enemies":"3 Sentries","floor":8.0,"turns":3.0},{"damage":0.0,"enemies":"2 Fungi Beasts","floor":11.0,"turns":4.0},{"damage":12.0,"enemies":"Lagavulin","floor":12.0,"turns":6.0},{"damage":11.0,"enemies":"Lagavulin Event","floor":14.0,"turns":4.0},{"damage":16.0,"enemies":"Slime Boss","floor":16.0,"turns":13.0},{"damage":3.0,"enemies":"Spheric Guardian","floor":18.0,"turns":6.0},{"damage":13.0,"enemies":"Shell Parasite","floor":21.0,"turns":3.0},{"damage":10.0,"enemies":"Cultist and Chosen","floor":22.0,"turns":9.0},{"damage":0.0,"enemies":"Centurion and Healer","floor":24.0,"turns":4.0},{"damage":0,"enemies":"Book of Stabbing","floor":27,"turns":7},{"damage":9,"enemies":"Slavers","floor":29,"turns":2},{"damage":0,"enemies":"Snake Plant","floor":30,"turns":5},{"damage":8,"enemies":"Book of Stabbing","floor":31,"turns":6},{"damage":36,"enemies":"Collector","floor":33,"turns":11},{"damage":0,"enemies":"3 Shapes","floor":35,"turns":5},{"damage":10,"enemies":"3 Darklings","floor":39,"turns":4},{"damage":17,"enemies":"Writhing Mass","floor":41,"turns":7},{"damage":41,"enemies":"Reptomancer","floor":42,"turns":4}],"seed_played":"-6707644073639822553","potions_obtained":[{"floor":0.0,"key":"SpeedPotion"},{"floor":0.0,"key":"PowerPotion"},{"floor":0.0,"key":"Ancient Potion"},{"floor":12.0,"key":"Swift Potion"},{"floor":14.0,"key":"Block Potion"},{"floor":16.0,"key":"Ancient Potion"}],"is_trial":false,"path_per_floor":["M","?","M","?","$","R","M","E","T","?","M","E","R","?","R","B",null,"M","$","?","M","M","R","M","?","T","E","R","E","M","E","R","B",null,"M","?","$","?","M","R","M","E"],"character_chosen":"THE_SILENT","items_purchased":["Poisoned Stab","Catalyst","Footwork","Leg Sweep","Caltrops","Footwork"],"campfire_rested":1,"item_purchase_floors":[5,5,5,19,19,37],"current_hp_per_floor":[59,64,64,53,53,53,53,35,42,42,42,30,30,19,19,3,62,59,59,59,46,36,36,36,36,36,36,75,66,66,58,58,22,67,67,67,67,67,57,57,40,0],"gold":122,"neow_bonus":"THREE_SMALL_POTIONS","is_prod":false,"is_daily":false,"chose_seed":false,"campfire_upgraded":6,"win_rate":0,"timestamp":1554261606,"path_taken":["M","?","M","?","$","R","M","E","T","?","?","E","R","?","R","BOSS","M","$","?","?","M","R","M","?","T","E","R","E","M","E","R","BOSS","M","?","$","?","M","R","M","E"],"build_version":"2019-01-23","purchased_purges":2,"victory":false,"max_hp_per_floor":[70,75,75,75,75,75,75,75,82,82,82,82,82,82,82,82,82,82,82,82,82,82,82,82,82,82,82,82,82,82,82,82,82,82,82,78,78,78,78,78,78,78],"card_choices":[{"not_picked":["Choke","Expertise","Eviscerate"],"picked":"SKIP","floor":1.0},{"not_picked":["All Out Attack","Infinite Blades"],"picked":"Deadly Poison","floor":3.0},{"not_picked":["Flying Knee","Poisoned Stab"],"picked":"Corpse Explosion","floor":7.0},{"not_picked":["Tactician","Riddle With Holes"],"picked":"Bane","floor":8.0},{"not_picked":["Sucker Punch","Outmaneuver"],"picked":"Cloak And Dagger","floor":11.0},{"not_picked":["Prepared","Choke"],"picked":"Endless Agony","floor":12.0},{"not_picked":["A Thousand Cuts","Bullet Time"],"picked":"After Image","floor":16.0},{"not_picked":["Flying Knee","Dagger Spray","Outmaneuver"],"picked":"SKIP","floor":18.0},{"not_picked":["Bane","Slice","All Out Attack"],"picked":"SKIP","floor":21.0},{"not_picked":["Outmaneuver","Calculated Gamble+1"],"picked":"Malaise","floor":22.0},{"not_picked":["Heel Hook","Riddle With Holes"],"picked":"Noxious Fumes","floor":24.0},{"not_picked":["Prepared","Reflex"],"picked":"PiercingWail","floor":27},{"not_picked":["Heel Hook","Quick Slash","Masterful Stab"],"picked":"SKIP","floor":29},{"not_picked":["Bouncing Flask+1","Flying Knee"],"picked":"Acrobatics","floor":30},{"not_picked":["Crippling Poison","Bane"],"picked":"Escape Plan","floor":31},{"not_picked":["Phantasmal Killer","Doppelganger"],"picked":"Night Terror","floor":33},{"not_picked":["Prepared","Deadly Poison"],"picked":"Cloak And Dagger","floor":35},{"not_picked":["Terror","Reflex+1","Leg Sweep"],"picked":"SKIP","floor":39},{"not_picked":["Dagger Spray","Leg Sweep+1","Deflect"],"picked":"SKIP","floor":41},{"not_picked":["Dagger Spray","Leg Sweep+1","Deflect"],"picked":"SKIP","floor":41}],"player_experience":675086,"relics_obtained":[{"floor":8.0,"key":"Potion Belt"},{"floor":9.0,"key":"Strawberry"},{"floor":12.0,"key":"Pen Nib"},{"floor":14.0,"key":"Happy Flower"},{"floor":26,"key":"Regal Pillow"},{"floor":27,"key":"Bronze Scales"},{"floor":29,"key":"Smiling Mask"},{"floor":31,"key":"Centennial Puzzle"}],"event_choices":[{"damage_healed":0.0,"max_hp_gain":5.0,"max_hp_loss":0.0,"gold_gain":0.0,"event_name":"Big Fish","player_choice":"Donut","floor":2.0,"gold_loss":0.0,"damage_taken":0.0},{"damage_healed":0.0,"max_hp_gain":0.0,"max_hp_loss":0.0,"gold_gain":75.0,"event_name":"World of Goop","player_choice":"Gather Gold","floor":4.0,"gold_loss":0.0,"damage_taken":11.0},{"damage_healed":0.0,"max_hp_gain":0.0,"max_hp_loss":0.0,"gold_gain":0.0,"event_name":"Match and Keep!","player_choice":"1 cards matched","floor":10.0,"gold_loss":0.0,"damage_taken":0.0,"cards_obtained":["Blur"]},{"damage_healed":0.0,"max_hp_gain":0.0,"max_hp_loss":0.0,"gold_gain":0.0,"event_name":"Dead Adventurer","player_choice":"Searched \u00271\u0027 times","floor":14.0,"gold_loss":0.0,"damage_taken":0.0},{"damage_healed":0.0,"max_hp_gain":0.0,"max_hp_loss":0.0,"gold_gain":0.0,"event_name":"Duplicator","player_choice":"Copied","floor":20.0,"gold_loss":0.0,"damage_taken":0.0,"cards_obtained":["After Image"]},{"damage_healed":0,"gold_gain":0,"player_choice":"Paid Fearfully","damage_taken":0,"max_hp_gain":0,"max_hp_loss":0,"event_name":"Masked Bandits","floor":25,"gold_loss":133},{"damage_healed":0,"gold_gain":0,"player_choice":"Max HP","damage_taken":0,"max_hp_gain":0,"max_hp_loss":4,"event_name":"Winding Halls","floor":36,"gold_loss":0},{"cards_removed":["Poisoned Stab"],"damage_healed":0,"gold_gain":0,"player_choice":"Removed Attack","damage_taken":0,"max_hp_gain":0,"max_hp_loss":0,"event_name":"Falling","floor":38,"gold_loss":0}],"is_beta":false,"boss_relics":[{"not_picked":["Black Star","Ectoplasm"],"picked":"Sozu"},{"not_picked":["Calling Bell","Velvet Choker"],"picked":"White Beast Statue"}],"items_purged_floors":[19,37],"is_endless":false,"potions_floor_spawned":[1,7,12,14,16,27,29,30,33,35,39,41],"killed_by":"Reptomancer","ascension_level":10}