{"path_per_floor":["M","$","M","?","$","R","E","R","T","R","M","R","M","E","R","B",null,"M","$","M"],"character_chosen":"IRONCLAD","items_purchased":["Torii"],"gold_per_floor":[115,40,60,235,135,135,161,161,161,161,179,179,191,226,226,321,321,339,43,62,62],"floor_reached":21,"campfire_rested":0,"playtime":2091,"current_hp_per_floor":[80,80,80,80,80,80,80,80,80,80,80,80,80,69,69,43,71,66,66,56,0],"items_purged":["Strike_R","Doubt"],"gold":62,"score":265,"play_id":"9ed6e016-de9e-4679-bd93-5d9d9e991674","local_time":"20180416202503","is_prod":false,"is_daily":false,"chose_seed":false,"is_ascension_mode":true,"campfire_upgraded":5,"timestamp":1523935503,"path_taken":["M","$","?","?","$","R","E","R","T","R","M","R","M","E","R","BOSS","M","$","M","M"],"build_version":"2018-04-12","seed_source_timestamp":426614241966235,"purchased_purges":2,"victory":false,"master_deck":["Strike_R","Strike_R","Strike_R","Strike_R","Defend_R","Defend_R","Defend_R","Defend_R","Bash+1","Metallicize+1","Pommel Strike+1","Battle Trance+1","Clash","Disarm+1","Brutality+1","Iron Wave"],"max_hp_per_floor":[80,80,80,80,80,80,80,80,80,80,80,80,80,80,80,80,80,80,80,80,80],"relics":["Burning Blood","NeowsBlessing","Prayer Wheel","Frozen Egg 2","Orichalcum","Mark of Pain","Torii"],"card_choices":[{"not_picked":["Pommel Strike","Ghostly Armor"],"picked":"Metallicize","floor":3},{"not_picked":["Carnage","Armaments"],"picked":"Pommel Strike","floor":7},{"not_picked":["Carnage","Corruption"],"picked":"Battle Trance","floor":9},{"not_picked":["Shockwave","Reaper"],"picked":"Clash","floor":11},{"not_picked":["Infernal Blade","Intimidate"],"picked":"Disarm","floor":14},{"not_picked":["Immolate","Barricade"],"picked":"Brutality","floor":16},{"not_picked":["Second Wind","Power Through"],"picked":"Iron Wave","floor":18}],"player_experience":291431,"potions_floor_usage":[14,21,21,21],"damage_taken":[{"damage":0,"enemies":"Cultist","floor":1,"turns":1},{"damage":0,"enemies":"2 Louse","floor":3,"turns":1},{"damage":0,"enemies":"3 Sentries","floor":7,"turns":2},{"damage":5,"enemies":"Jaw Worm","floor":11,"turns":5},{"damage":2,"enemies":"Exordium Wildlife","floor":13,"turns":3},{"damage":17,"enemies":"Lagavulin","floor":14,"turns":7},{"damage":32,"enemies":"Slime Boss","floor":16,"turns":17},{"damage":11,"enemies":"Shell Parasite","floor":18,"turns":7},{"damage":16,"enemies":"3 Byrds","floor":20,"turns":8},{"damage":73,"enemies":"Sentry and Sphere","floor":21,"turns":11}],"event_choices":[{"event_name":"Liars Game","player_choice":"agreed","floor":4,"damage_taken":0}],"boss_relics":[{"not_picked":["Cursed Key","Velvet Choker"],"picked":"Mark of Pain"}],"potions_floor_spawned":[3,7,13,16],"seed_played":"7968436228750937531","killed_by":"Sentry and Sphere","ascension_level":5,"is_trial":false}