{"gold_per_floor":[417,427,457,0,14,40,40,58,58,58,58,34,34,51,51,124,124,134,59,69,69,69,69,119,137,137,37,37,49,49,61,61,61],"floor_reached":33,"playtime":1279,"items_purged":["Injury","Shame"],"score":429,"play_id":"7ab2ace1-a584-43c1-ac07-f23793a50bd6","local_time":"20190205191505","is_ascension_mode":true,"campfire_choices":[{"data":"True Grit","floor":7.0,"key":"SMITH"},{"floor":11.0,"key":"REST"},{"data":"Searing Blow+1","floor":15.0,"key":"SMITH"},{"data":"Searing Blow+2","floor":23.0,"key":"SMITH"},{"data":"Searing Blow+3","floor":28.0,"key":"SMITH"},{"floor":30.0,"key":"REST"},{"data":"Armaments","floor":32.0,"key":"SMITH"}],"neow_cost":"CURSE","seed_source_timestamp":375409564620758,"circlet_count":0,"master_deck":["AscendersBane","Strike_R","Strike_R","Strike_R","Strike_R","Defend_R","Defend_R","Defend_R","Defend_R","Bash","Metallicize","Searing Blow+4","True Grit+1","Inflame","Heavy Blade+1","Shrug It Off","Sword Boomerang+1","Offering","Clothesline+1","Spot Weakness","Armaments+1"],"special_seed":0,"relics":["Burning Blood","Old Coin","Tiny Chest","Molten Egg 2","Bottled Lightning","Letter Opener","Philosopher\u0027s Stone","Potion Belt","Meat on the Bone"],"potions_floor_usage":[33],"damage_taken":[{"damage":5.0,"enemies":"2 Louse","floor":1.0,"turns":4.0},{"damage":7.0,"enemies":"Small Slimes","floor":2.0,"turns":4.0},{"damage":10.0,"enemies":"Jaw Worm","floor":5.0,"turns":5.0},{"damage":47.0,"enemies":"Lagavulin","floor":6.0,"turns":7.0},{"damage":9.0,"enemies":"Large Slime","floor":8.0,"turns":6.0},{"damage":2.0,"enemies":"2 Fungi Beasts","floor":14.0,"turns":5.0},{"damage":26.0,"enemies":"Slime Boss","floor":16.0,"turns":11.0},{"damage":8.0,"enemies":"Spheric Guardian","floor":18.0,"turns":3.0},{"damage":6.0,"enemies":"Chosen","floor":20.0,"turns":3.0},{"damage":37.0,"enemies":"Snake Plant","floor":25.0,"turns":4.0},{"damage":19.0,"enemies":"3 Cultists","floor":29.0,"turns":5.0},{"damage":18.0,"enemies":"Sentry and Sphere","floor":31.0,"turns":3.0},{"damage":54,"enemies":"Collector","floor":33,"turns":6}],"seed_played":"-5624514573200182693","potions_obtained":[{"floor":1.0,"key":"GamblersBrew"},{"floor":5.0,"key":"Strength Potion"},{"floor":18.0,"key":"Swift Potion"},{"floor":31.0,"key":"EssenceOfSteel"}],"is_trial":false,"path_per_floor":["M","M","?","$","M","E","R","M","T","?","R","$","?","M","R","B",null,"M","?","M","$","?","R","?","M","T","$","R","M","R","M","R","B"],"character_chosen":"IRONCLAD","items_purchased":["Molten Egg 2","Searing Blow+1","Fire Potion","Shrug It Off"],"campfire_rested":2,"item_purchase_floors":[4,4,4,12],"current_hp_per_floor":[69,68,57,57,53,12,12,9,9,9,31,31,31,35,35,15,60,58,58,58,58,58,58,58,27,27,27,27,26,48,48,48,0],"gold":61,"neow_bonus":"ONE_RARE_RELIC","is_prod":false,"is_daily":false,"chose_seed":false,"campfire_upgraded":5,"win_rate":0,"timestamp":1549390505,"path_taken":["M","M","?","$","M","E","R","M","T","?","R","$","?","M","R","BOSS","M","?","M","$","?","R","?","M","T","$","R","M","R","M","R","BOSS"],"build_version":"2019-01-23","purchased_purges":2,"victory":false,"max_hp_per_floor":[75,75,75,75,75,75,75,75,75,75,75,75,75,75,75,75,75,75,75,75,75,75,75,75,75,75,75,75,75,75,75,75,75],"card_choices":[{"not_picked":["Havoc","Twin Strike"],"picked":"Metallicize","floor":1.0},{"not_picked":["Infernal Blade","Heavy Blade","Anger"],"picked":"SKIP","floor":2.0},{"not_picked":["Iron Wave+1","Flex"],"picked":"True Grit","floor":5.0},{"not_picked":["True Grit","Sword Boomerang+1"],"picked":"Inflame","floor":6.0},{"not_picked":["Combust","Rage"],"picked":"Heavy Blade+1","floor":8.0},{"not_picked":["Rampage+1","Fire Breathing"],"picked":"Sword Boomerang+1","floor":14.0},{"not_picked":["Dark Embrace","Brutality"],"picked":"Offering","floor":16.0},{"not_picked":["Headbutt+1","Perfected Strike+1","Twin Strike+1"],"picked":"SKIP","floor":18.0},{"not_picked":["Body Slam+1","True Grit"],"picked":"Clothesline+1","floor":20.0},{"not_picked":["Dual Wield","Wild Strike+1","Havoc"],"picked":"SKIP","floor":25.0},{"not_picked":["True Grit","Fiend Fire+1"],"picked":"Spot Weakness","floor":29.0},{"not_picked":["Clothesline+1","Heavy Blade+1"],"picked":"Armaments","floor":31.0}],"player_experience":312470,"relics_obtained":[{"floor":6.0,"key":"Bottled Lightning"},{"floor":9.0,"key":"Letter Opener"},{"floor":26.0,"key":"Meat on the Bone"}],"event_choices":[{"damage_healed":0.0,"max_hp_gain":0.0,"max_hp_loss":0.0,"gold_gain":0.0,"event_name":"Scrap Ooze","player_choice":"Success","floor":3.0,"gold_loss":0.0,"damage_taken":11.0,"relics_obtained":["Tiny Chest"]},{"damage_healed":0.0,"max_hp_gain":0.0,"max_hp_loss":0.0,"gold_gain":0.0,"event_name":"Dead Adventurer","player_choice":"Searched \u00270\u0027 times","floor":10.0,"gold_loss":0.0,"damage_taken":0.0},{"damage_healed":0.0,"max_hp_gain":0.0,"max_hp_loss":0.0,"gold_gain":0.0,"event_name":"Liars Game","player_choice":"Ignored","floor":13.0,"gold_loss":0.0,"damage_taken":0.0},{"cards_removed":["Strike_R"],"damage_healed":0.0,"max_hp_gain":0.0,"max_hp_loss":0.0,"gold_gain":0.0,"event_name":"Beggar","player_choice":"Gave Gold","floor":19.0,"gold_loss":75.0,"damage_taken":0.0},{"damage_healed":0.0,"max_hp_gain":0.0,"max_hp_loss":0.0,"gold_gain":0.0,"event_name":"Addict","player_choice":"Stole Relic","floor":22.0,"gold_loss":0.0,"damage_taken":0.0,"relics_obtained":["Potion Belt"],"cards_obtained":["Shame"]},{"damage_healed":0.0,"max_hp_gain":0.0,"max_hp_loss":0.0,"gold_gain":50.0,"event_name":"Nest","player_choice":"Stole From Cult","floor":24.0,"gold_loss":0.0,"damage_taken":0.0}],"is_beta":false,"boss_relics":[{"not_picked":["Eternal Feather","Busted Crown"],"picked":"Philosopher\u0027s Stone"}],"items_purged_floors":[4,27],"is_endless":false,"potions_floor_spawned":[1,5,18,31],"killed_by":"Collector","ascension_level":15}