{"gold_per_floor":[119,119,394,411,427,427,437,437,437,437,457,472,472,11,11,88,88,98,118,118,131,144,179,196,196,243,270,270,295,14,31,31,107,107,123,123,143,157,157,157,171,171,196,196,44,74,174,209,209,209,209,209,18,45,45],"floor_reached":56,"playtime":9248,"items_purged":["Regret","Strike_B"],"score":2138,"play_id":"61e1ff5f-23df-480e-a244-d2acd1e8e4a4","local_time":"20190315161819","is_ascension_mode":true,"campfire_choices":[{"data":"Zap","floor":6.0,"key":"SMITH"},{"data":"Genetic Algorithm","floor":8.0,"key":"SMITH"},{"data":"Coolheaded","floor":10.0,"key":"SMITH"},{"floor":13.0,"key":"REST"},{"data":"Hologram","floor":15.0,"key":"SMITH"},{"data":"Go for the Eyes","floor":25.0,"key":"SMITH"},{"data":"Turbo","floor":28.0,"key":"SMITH"},{"data":"Capacitor","floor":32.0,"key":"SMITH"},{"data":"Doom and Gloom","floor":40.0,"key":"SMITH"},{"data":"Electrodynamics","floor":42.0,"key":"SMITH"},{"floor":44.0,"key":"RECALL"},{"data":"Defragment","floor":49.0,"key":"SMITH"},{"data":"Capacitor","floor":52.0,"key":"SMITH"}],"neow_cost":"TEN_PERCENT_HP_LOSS","seed_source_timestamp":0,"circlet_count":0,"master_deck":["AscendersBane","Defend_B","Defend_B","Defend_B","Defend_B","Zap+1","Dualcast","Hologram+1","Genetic Algorithm+1","Coolheaded+1","Conserve Battery","Capacitor+1","Blizzard","Turbo+1","Skim","Electrodynamics+1","Consume+1","Biased Cognition+1","Self Repair+1","Ball Lightning","Undo","Go for the Eyes+1","Capacitor+1","Glacier","Recycle","Conserve Battery","Doom and Gloom+1","Core Surge","Hologram","Meteor Strike","Defragment+1","Compile Driver","Echo Form","Blind"],"special_seed":0,"relics":["Cracked Core","Calipers","StoneCalendar","Torii","DataDisk","Astrolabe","FaceOfCleric","Bag of Preparation","Centennial Puzzle","Blue Candle","Bottled Lightning","Runic Capacitor","Snecko Eye","Dead Branch","Ancient Tea Set","Nunchaku","Pen Nib","Letter Opener"],"potions_floor_usage":[54,55],"damage_taken":[{"damage":1.0,"enemies":"Cultist","floor":1.0,"turns":3.0},{"damage":2.0,"enemies":"Small Slimes","floor":4.0,"turns":3.0},{"damage":8.0,"enemies":"Jaw Worm","floor":5.0,"turns":3.0},{"damage":12.0,"enemies":"2 Fungi Beasts","floor":7.0,"turns":3.0},{"damage":17.0,"enemies":"Large Slime","floor":11.0,"turns":7.0},{"damage":9.0,"enemies":"3 Louse","floor":12.0,"turns":5.0},{"damage":10.0,"enemies":"The Guardian","floor":16.0,"turns":16.0},{"damage":19.0,"enemies":"2 Thieves","floor":18.0,"turns":3.0},{"damage":0.0,"enemies":"Spheric Guardian","floor":19.0,"turns":6.0},{"damage":24.0,"enemies":"Snake Plant","floor":21.0,"turns":5.0},{"damage":0.0,"enemies":"Centurion and Healer","floor":22.0,"turns":7.0},{"damage":34.0,"enemies":"Slavers","floor":23.0,"turns":3.0},{"damage":0.0,"enemies":"Cultist and Chosen","floor":24.0,"turns":3.0},{"damage":1.0,"enemies":"Gremlin Leader","floor":27.0,"turns":6.0},{"damage":1.0,"enemies":"Slavers","floor":29.0,"turns":3.0},{"damage":0.0,"enemies":"Snake Plant","floor":31.0,"turns":4.0},{"damage":7.0,"enemies":"Automaton","floor":33.0,"turns":9.0},{"damage":1.0,"enemies":"3 Darklings","floor":35.0,"turns":3.0},{"damage":0.0,"enemies":"3 Shapes","floor":37.0,"turns":4.0},{"damage":0.0,"enemies":"Jaw Worm Horde","floor":38.0,"turns":2.0},{"damage":0.0,"enemies":"Transient","floor":41.0,"turns":6.0},{"damage":0.0,"enemies":"Giant Head","floor":46.0,"turns":6.0},{"damage":0.0,"enemies":"Mind Bloom Boss Battle","floor":47.0,"turns":6.0},{"damage":1.0,"enemies":"Nemesis","floor":48.0,"turns":7.0},{"damage":0.0,"enemies":"Awakened One","floor":50.0,"turns":8.0},{"damage":30,"enemies":"Shield and Spear","floor":54,"turns":6},{"damage":20,"enemies":"The Heart","floor":55,"turns":7}],"seed_played":"4878527074796116415","potions_obtained":[{"floor":1.0,"key":"Dexterity Potion"},{"floor":4.0,"key":"PowerPotion"},{"floor":22.0,"key":"Regen Potion"},{"floor":24.0,"key":"AttackPotion"}],"is_trial":false,"path_per_floor":["M","?","?","M","M","R","M","R","T","R","M","M","R","$","R","B",null,"M","M","?","M","M","E","M","R","T","E","R","E","$","M","R","B",null,"M","T","M","M","?","R","M","R","T","R","$","E","?","E","R","B",null,"R","$","E","B",null],"character_chosen":"DEFECT","items_purchased":["DataDisk","Blizzard","Turbo","Skim","Runic Capacitor","Conserve Battery","Meteor Strike","Blind"],"campfire_rested":1,"item_purchase_floors":[14,14,14,14,30,30,45,53],"current_hp_per_floor":[63,52,52,50,42,42,30,30,30,30,13,4,23,23,23,13,51,42,52,52,39,40,26,37,37,37,47,47,57,57,68,68,72,72,73,73,74,75,75,75,76,76,76,76,76,77,78,79,79,80,80,80,80,61,52],"gold":45,"neow_bonus":"ONE_RARE_RELIC","is_prod":false,"is_daily":false,"chose_seed":false,"campfire_upgraded":11,"win_rate":0,"timestamp":1552663099,"path_taken":["M","?","?","?","M","R","M","R","T","R","M","M","R","$","R","BOSS","M","M","?","?","M","E","?","R","T","E","R","E","$","M","R","BOSS","M","?","M","M","?","R","M","R","T","R","$","E","?","E","R","BOSS","R","$","E","BOSS"],"build_version":"2019-01-23","purchased_purges":2,"victory":true,"max_hp_per_floor":[64,64,64,64,64,64,64,64,64,64,64,64,64,64,64,64,64,64,64,64,65,66,67,68,68,68,69,69,70,70,71,71,72,72,73,73,74,75,75,75,76,76,76,76,76,77,78,79,79,80,80,80,80,81,82],"card_choices":[{"not_picked":["Double Energy","Rebound"],"picked":"Hologram","floor":1.0},{"not_picked":["Blizzard","Gash"],"picked":"Genetic Algorithm","floor":4.0},{"not_picked":["Steam","Go for the Eyes"],"picked":"Coolheaded","floor":5.0},{"not_picked":["Stack","Loop"],"picked":"Cold Snap","floor":7.0},{"not_picked":["BootSequence","Steam Power"],"picked":"Conserve Battery","floor":11.0},{"not_picked":["Conserve Battery","Beam Cell"],"picked":"Capacitor","floor":12.0},{"not_picked":["Hyperbeam","Seek"],"picked":"Electrodynamics","floor":16.0},{"not_picked":["Sweeping Beam","Barrage"],"picked":"Ball Lightning","floor":18.0},{"not_picked":["Redo","Cold Snap"],"picked":"Undo","floor":19.0},{"not_picked":["Sweeping Beam","Streamline"],"picked":"Go for the Eyes","floor":21.0},{"not_picked":["Recycle","Stack","Aggregate"],"picked":"SKIP","floor":22.0},{"not_picked":["Go for the Eyes","Chaos","Redo"],"picked":"SKIP","floor":23.0},{"not_picked":["Amplify","Beam Cell"],"picked":"Capacitor","floor":24.0},{"not_picked":["Leap","Melter"],"picked":"Glacier","floor":27.0},{"not_picked":["Coolheaded","Sweeping Beam","Recycle"],"picked":"SKIP","floor":29.0},{"not_picked":["Coolheaded","Sweeping Beam"],"picked":"Recycle","floor":29.0},{"not_picked":["Cold Snap","Chill"],"picked":"Doom and Gloom","floor":31.0},{"not_picked":["Echo Form","Electrodynamics"],"picked":"Core Surge","floor":33.0},{"not_picked":["Streamline","Steam+1","Cold Snap"],"picked":"SKIP","floor":35.0},{"not_picked":["Leap","Hello World+1","Compile Driver"],"picked":"SKIP","floor":37.0},{"not_picked":["Ball Lightning","Stack","Coolheaded+1"],"picked":"SKIP","floor":38.0},{"not_picked":["Cold Snap","Redo"],"picked":"Hologram","floor":41.0},{"not_picked":["Consume","Gash"],"picked":"Defragment","floor":46.0},{"not_picked":["Hologram","Ball Lightning+1"],"picked":"Compile Driver","floor":47.0},{"not_picked":["Conserve Battery","Barrage"],"picked":"Echo Form","floor":48.0},{"not_picked":["Barrage","Streamline","Reprogram"],"picked":"SKIP","floor":54}],"player_experience":493671,"relics_obtained":[{"floor":9.0,"key":"Torii"},{"floor":23.0,"key":"Bag of Preparation"},{"floor":26.0,"key":"Centennial Puzzle"},{"floor":27.0,"key":"Blue Candle"},{"floor":29.0,"key":"Bottled Lightning"},{"floor":36.0,"key":"Dead Branch"},{"floor":46.0,"key":"Ancient Tea Set"},{"floor":47.0,"key":"Nunchaku"},{"floor":48.0,"key":"Pen Nib"},{"floor":54,"key":"Letter Opener"}],"event_choices":[{"damage_healed":0.0,"max_hp_gain":0.0,"max_hp_loss":0.0,"gold_gain":0.0,"event_name":"Scrap Ooze","player_choice":"Success","floor":2.0,"gold_loss":0.0,"damage_taken":11.0,"relics_obtained":["StoneCalendar"]},{"damage_healed":0.0,"max_hp_gain":0.0,"max_hp_loss":0.0,"gold_gain":275.0,"event_name":"Golden Shrine","player_choice":"Desecrate","floor":3.0,"gold_loss":0.0,"damage_taken":0.0,"cards_obtained":["Regret"]},{"damage_healed":0.0,"max_hp_gain":0.0,"max_hp_loss":0.0,"gold_gain":0.0,"event_name":"FaceTrader","player_choice":"Trade","floor":20.0,"gold_loss":0.0,"damage_taken":0.0,"relics_obtained":["FaceOfCleric"]},{"cards_removed":["Cold Snap"],"damage_healed":0.0,"max_hp_gain":0.0,"max_hp_loss":0.0,"gold_gain":0.0,"event_name":"Falling","player_choice":"Removed Attack","floor":39.0,"gold_loss":0.0,"damage_taken":0.0},{"damage_healed":0.0,"max_hp_gain":0.0,"max_hp_loss":0.0,"gold_gain":0.0,"event_name":"MindBloom","player_choice":"Fight","floor":47.0,"gold_loss":0.0,"damage_taken":0.0}],"is_beta":false,"boss_relics":[{"not_picked":["Runic Pyramid","Philosopher\u0027s Stone"],"picked":"Astrolabe"},{"not_picked":["Empty Cage","White Beast Statue"],"picked":"Snecko Eye"}],"items_purged_floors":[14,53],"is_endless":false,"potions_floor_spawned":[1,4,5,18,22,24,29,37,41,46],"ascension_level":17}