{"gold_per_floor":[116,128,143,162,179,179,196,231,257,332,332,332],"floor_reached":12,"playtime":521,"items_purged":[],"score":144,"play_id":"9f110048-9a50-416f-be67-ed39317211c2","local_time":"20180816133652","is_ascension_mode":true,"campfire_choices":[{"data":"Clothesline","floor":6,"key":"SMITH"}],"neow_cost":"NONE","seed_source_timestamp":5979559332517,"circlet_count":0,"master_deck":["Strike_R","Strike_R","Strike_R","Strike_R","Defend_R","Defend_R","Defend_R","Defend_R","Bash","AscendersBane","Clothesline+1","Blood for Blood","Wild Strike","Fire Breathing","Offering","Fire Breathing"],"relics":["Burning Blood","Vajra","Boot"],"potions_floor_usage":[5,7,8],"damage_taken":[{"damage":18,"enemies":"Jaw Worm","floor":1,"turns":5},{"damage":0,"enemies":"Small Slimes","floor":2,"turns":3},{"damage":9,"enemies":"2 Louse","floor":3,"turns":3},{"damage":13,"enemies":"Blue Slaver","floor":4,"turns":5},{"damage":1,"enemies":"3 Louse","floor":5,"turns":2},{"damage":20,"enemies":"Lots of Slimes","floor":7,"turns":4},{"damage":24,"enemies":"Lagavulin","floor":8,"turns":6},{"damage":21,"enemies":"3 Sentries","floor":12,"turns":2}],"seed_played":"-899197742621111014","potions_obtained":[{"floor":2,"key":"AttackPotion"},{"floor":4,"key":"Block Potion"},{"floor":5,"key":"LiquidBronze"}],"is_trial":false,"path_per_floor":["M","M","M","M","M","R","M","E","T","?","?"],"character_chosen":"IRONCLAD","items_purchased":[],"campfire_rested":0,"item_purchase_floors":[],"current_hp_per_floor":[63,69,66,59,64,64,50,32,32,21,21,0],"gold":332,"neow_bonus":"TEN_PERCENT_HP_BONUS","is_prod":false,"is_daily":false,"chose_seed":false,"campfire_upgraded":1,"win_rate":0,"timestamp":1534451812,"path_taken":["M","M","M","M","M","R","M","E","T","?","?","E"],"build_version":"2018-08-09","purchased_purges":0,"victory":false,"max_hp_per_floor":[82,82,82,82,82,82,82,82,82,82,82,82],"card_choices":[{"not_picked":["Shrug It Off","True Grit"],"picked":"Clothesline","floor":1},{"not_picked":["Twin Strike","Perfected Strike","Headbutt"],"picked":"SKIP","floor":2},{"not_picked":["Armaments","Sword Boomerang"],"picked":"Blood for Blood","floor":3},{"not_picked":["Flex","Sever Soul","Armaments"],"picked":"SKIP","floor":4},{"not_picked":["Rampage","Heavy Blade"],"picked":"Wild Strike","floor":5},{"not_picked":["Havoc","Twin Strike"],"picked":"Fire Breathing","floor":7},{"not_picked":["Wild Strike","Flex"],"picked":"Offering","floor":8}],"player_experience":762790,"relics_obtained":[{"floor":8,"key":"Vajra"},{"floor":9,"key":"Boot"}],"event_choices":[{"event_name":"World of Goop","player_choice":"Gather Gold","floor":10,"damage_taken":0},{"event_name":"Living Wall","player_choice":"Change","floor":11,"damage_taken":0}],"is_beta":false,"boss_relics":[],"items_purged_floors":[],"is_endless":false,"potions_floor_spawned":[2,4,5],"killed_by":"3 Sentries","ascension_level":15}