{"gold_per_floor":[115,128,146,160,160,160,179,179,205,75,75,75,75,75,75,75],"floor_reached":16,"playtime":2180,"items_purged":["Strike_B"],"score":176,"play_id":"677fc1cc-6343-4033-88db-d35c1d8bda04","local_time":"20190227201310","is_ascension_mode":true,"campfire_choices":[{"data":"Zap","floor":6.0,"key":"SMITH"},{"floor":8,"key":"REST"},{"data":"Dualcast","floor":12,"key":"SMITH"},{"floor":15,"key":"REST"}],"neow_cost":"PERCENT_DAMAGE","seed_source_timestamp":43301878534228,"circlet_count":0,"master_deck":["AscendersBane","Defend_B","Defend_B","Defend_B","Defend_B+1","Zap+1","Dualcast+1","Capacitor","Leap","Cold Snap","Steam","FTL","Cold Snap","Coolheaded+1","Buffer"],"special_seed":0,"relics":["Cracked Core","Dream Catcher","Blood Vial","The Courier"],"potions_floor_usage":[7],"damage_taken":[{"damage":1.0,"enemies":"Cultist","floor":1.0,"turns":3.0},{"damage":14.0,"enemies":"Small Slimes","floor":2.0,"turns":4.0},{"damage":2.0,"enemies":"2 Louse","floor":3.0,"turns":3.0},{"damage":0.0,"enemies":"Gremlin Gang","floor":4.0,"turns":3.0},{"damage":16,"enemies":"Large Slime","floor":7,"turns":8},{"damage":39,"enemies":"Hexaghost","floor":16,"turns":15}],"seed_played":"-5921247209285759968","potions_obtained":[{"floor":1.0,"key":"GamblersBrew"},{"floor":2.0,"key":"Swift Potion"},{"floor":3.0,"key":"Explosive Potion"}],"is_trial":false,"path_per_floor":["M","M","M","M","T","R","M","R","T","$","?","R","?","T","R","B"],"character_chosen":"DEFECT","items_purchased":["Coolheaded"],"campfire_rested":2,"item_purchase_floors":[10],"current_hp_per_floor":[45,31,29,29,29,29,13,34,34,34,27,27,6,6,27,0],"gold":75,"neow_bonus":"REMOVE_TWO","is_prod":false,"is_daily":false,"chose_seed":false,"campfire_upgraded":2,"win_rate":0,"timestamp":1551327190,"path_taken":["M","M","M","M","?","R","M","R","T","$","?","R","?","?","R","BOSS"],"build_version":"2019-01-23","purchased_purges":1,"victory":false,"max_hp_per_floor":[71,71,71,71,71,71,71,71,71,71,71,71,71,71,71,71],"card_choices":[{"not_picked":["Conserve Battery","Sunder"],"picked":"Capacitor","floor":1.0},{"not_picked":["Blizzard","Redo"],"picked":"Leap","floor":2.0},{"not_picked":["Conserve Battery","Ball Lightning"],"picked":"Cold Snap","floor":3.0},{"not_picked":["Sweeping Beam","Stack"],"picked":"Steam","floor":4.0},{"not_picked":["Undo","Steam"],"picked":"FTL","floor":7},{"not_picked":["Force Field","Undo"],"picked":"Cold Snap","floor":8},{"not_picked":["Turbo","Go for the Eyes"],"picked":"Buffer","floor":15}],"player_experience":1237030,"relics_obtained":[{"floor":5.0,"key":"Dream Catcher"},{"floor":9,"key":"Blood Vial"},{"floor":14,"key":"The Courier"}],"event_choices":[{"cards_removed":["Strike_B"],"damage_healed":0,"gold_gain":0,"player_choice":"Card Removal","damage_taken":7,"max_hp_gain":0,"max_hp_loss":0,"event_name":"Golden Wing","floor":11,"gold_loss":0},{"damage_healed":0,"gold_gain":0,"player_choice":"Entered Light","damage_taken":21,"max_hp_gain":0,"max_hp_loss":0,"event_name":"Shining Light","floor":13,"gold_loss":0,"cards_upgraded":["Defend_B","Coolheaded"]}],"is_beta":false,"boss_relics":[],"items_purged_floors":[10],"is_endless":false,"potions_floor_spawned":[1,2,3],"killed_by":"Hexaghost","ascension_level":19}