{"gold_per_floor":[113,129,148,160,180,180,180,195,195,195,195,195,206,186,186,262,262,274,287,47,65,100,100,127,127],"floor_reached":25,"playtime":1066,"items_purged":["Pain"],"score":409,"play_id":"81e08c9c-0906-4055-9f97-b2717b4e056a","local_time":"20190125144346","is_ascension_mode":true,"campfire_choices":[{"data":"Inflame","floor":6,"key":"SMITH"},{"data":"Bash","floor":10,"key":"SMITH"},{"data":"Carnage","floor":12,"key":"SMITH"},{"floor":15,"key":"REST"},{"data":"Metallicize","floor":23,"key":"SMITH"}],"neow_cost":"NONE","seed_source_timestamp":10272511467094,"circlet_count":0,"master_deck":["AscendersBane","Strike_R","Strike_R","Strike_R","Strike_R","Defend_R","Defend_R","Defend_R","Defend_R","Bash+1","Inflame+1","Carnage+1","Shrug It Off","Sword Boomerang","Pummel","Clothesline","Reaper","Inflame","True Grit","Blood for Blood","Metallicize+1","Heavy Blade+1"],"relics":["Burning Blood","WarpedTongs","Bottled Flame","Sozu","Red Mask","Torii"],"potions_floor_usage":[13,16,16],"damage_taken":[{"damage":3,"enemies":"2 Louse","floor":1,"turns":4},{"damage":7,"enemies":"Cultist","floor":2,"turns":4},{"damage":9,"enemies":"Jaw Worm","floor":3,"turns":5},{"damage":12,"enemies":"Looter","floor":4,"turns":3},{"damage":38,"enemies":"Gremlin Gang","floor":5,"turns":8},{"damage":20,"enemies":"Exordium Thugs","floor":8,"turns":4},{"damage":15,"enemies":"2 Fungi Beasts","floor":13,"turns":2},{"damage":9,"enemies":"Hexaghost","floor":16,"turns":11},{"damage":3,"enemies":"Chosen","floor":18,"turns":3},{"damage":41,"enemies":"Shell Parasite","floor":19,"turns":6},{"damage":12,"enemies":"Centurion and Healer","floor":21,"turns":7},{"damage":42,"enemies":"Masked Bandits","floor":22,"turns":5},{"damage":42,"enemies":"Slavers","floor":24,"turns":9},{"damage":12,"enemies":"Sentry and Sphere","floor":25,"turns":3}],"seed_played":"9116475409389748969","potions_obtained":[{"floor":2,"key":"BloodPotion"},{"floor":8,"key":"Poison Potion"},{"floor":13,"key":"Block Potion"}],"is_trial":false,"path_per_floor":["M","M","M","M","M","R","?","M","T","R","?","R","M","?","R","B",null,"M","M","$","M","?","R","E","M"],"character_chosen":"IRONCLAD","items_purchased":["Inflame","True Grit","Blood for Blood"],"campfire_rested":1,"item_purchase_floors":[20,20,20],"current_hp_per_floor":[71,70,67,61,29,29,29,15,15,15,15,15,13,13,35,32,64,75,47,47,63,39,39,11,0],"gold":127,"neow_bonus":"REMOVE_CARD","is_prod":false,"is_daily":false,"chose_seed":false,"campfire_upgraded":4,"win_rate":0,"timestamp":1548456226,"path_taken":["M","M","M","M","M","R","?","?","T","R","?","R","M","?","R","BOSS","M","M","$","?","?","R","E","M"],"build_version":"2019-01-23","purchased_purges":1,"victory":false,"max_hp_per_floor":[75,75,75,75,75,75,75,75,75,75,75,75,75,75,75,75,75,75,75,75,75,75,75,75,75],"card_choices":[{"not_picked":["Thunderclap","Clash","Twin Strike"],"picked":"SKIP","floor":1},{"not_picked":["Entrench","Dual Wield"],"picked":"Inflame","floor":2},{"not_picked":["Twin Strike","Thunderclap"],"picked":"Carnage","floor":3},{"not_picked":["Twin Strike","Wild Strike"],"picked":"Shrug It Off","floor":4},{"not_picked":["Exhume","Anger"],"picked":"Sword Boomerang","floor":5},{"not_picked":["Headbutt","Warcry"],"picked":"Pummel","floor":8},{"not_picked":["Body Slam","Feel No Pain"],"picked":"Clothesline","floor":13},{"not_picked":["Impervious","Dark Embrace"],"picked":"Reaper","floor":16},{"not_picked":["Anger","Fire Breathing","Sword Boomerang"],"picked":"SKIP","floor":18},{"not_picked":["Sword Boomerang","Anger","Headbutt"],"picked":"SKIP","floor":19},{"not_picked":["Clash","Cleave","Dark Embrace"],"picked":"SKIP","floor":21},{"not_picked":["Heavy Blade","Combust+1"],"picked":"Metallicize","floor":22},{"not_picked":["Evolve","Clothesline"],"picked":"Heavy Blade+1","floor":24}],"player_experience":1161316,"relics_obtained":[{"floor":9,"key":"Bottled Flame"},{"floor":22,"key":"Red Mask"},{"floor":24,"key":"Torii"}],"event_choices":[{"damage_healed":0,"gold_gain":0,"player_choice":"Rummage","damage_taken":0,"relics_obtained":["WarpedTongs"],"max_hp_gain":0,"max_hp_loss":0,"event_name":"Accursed Blacksmith","floor":7,"gold_loss":0,"cards_obtained":["Pain"]},{"damage_healed":0,"gold_gain":0,"player_choice":"Ignored","damage_taken":0,"max_hp_gain":0,"max_hp_loss":0,"event_name":"Shining Light","floor":11,"gold_loss":0},{"damage_healed":0,"gold_gain":0,"player_choice":"Bought 1 Potion","damage_taken":0,"max_hp_gain":0,"max_hp_loss":0,"event_name":"The Woman in Blue","floor":14,"gold_loss":0},{"damage_healed":0,"gold_gain":0,"player_choice":"Fought Bandits","damage_taken":0,"max_hp_gain":0,"max_hp_loss":0,"event_name":"Masked Bandits","floor":22,"gold_loss":0}],"is_beta":false,"boss_relics":[{"not_picked":["Pandora\u0027s Box","Empty Cage"],"picked":"Sozu"}],"items_purged_floors":[20],"is_endless":false,"potions_floor_spawned":[2,8,13,19,24],"killed_by":"Sentry and Sphere","ascension_level":18}