{"path_per_floor":["M","?","M","?","M","R","M","M","T","$","R","?","$","E","R"],"character_chosen":"THE_SILENT","items_purchased":["Apotheosis","Backflip"],"gold_per_floor":[112,112,125,125,149,149,167,182,205,25,25,200,100,139,139,139],"floor_reached":16,"campfire_rested":1,"playtime":849,"current_hp_per_floor":[68,68,68,68,67,67,49,32,32,32,32,32,32,27,50,0],"items_purged":["Regret"],"gold":139,"score":150,"play_id":"97af9b7b-2fa1-4a89-9e6a-eccb7dbef0cc","local_time":"20180520192106","is_prod":false,"is_daily":false,"chose_seed":false,"is_ascension_mode":true,"campfire_upgraded":2,"timestamp":1526869266,"campfire_choices":[{"data":"Neutralize","floor":6,"key":"SMITH"},{"data":"Apotheosis","floor":11,"key":"SMITH"},{"floor":15,"key":"REST"}],"path_taken":["M","?","M","?","M","R","?","M","T","?","R","?","$","E","R","BOSS"],"build_version":"2018-05-17","seed_source_timestamp":241658390509030,"purchased_purges":1,"victory":false,"master_deck":["Defend_G","Defend_G","Defend_G","Defend_G","Defend_G","Strike_G","Strike_G","Strike_G+1","Strike_G","Strike_G+1","Survivor","Neutralize+1","AscendersBane","Underhanded Strike","Injury","Footwork","Heel Hook","Dagger Throw","Leg Sweep","Apotheosis+1","Doubt","Backflip","Backflip"],"max_hp_per_floor":[77,77,77,77,77,77,77,77,77,77,77,77,77,77,77,77],"relics":["Ring of the Snake","Golden Idol","Art of War","Anchor","Whetstone"],"card_choices":[{"not_picked":["Eviscerate","PiercingWail"],"picked":"Underhanded Strike","floor":1},{"not_picked":["Blur","Sucker Punch"],"picked":"Footwork","floor":3},{"not_picked":["Poisoned Stab","Predator"],"picked":"Heel Hook","floor":5},{"not_picked":["Bane","Blur"],"picked":"Dagger Throw","floor":7},{"not_picked":["Bane","Dodge and Roll"],"picked":"Leg Sweep","floor":8},{"not_picked":["Escape Plan","Deflect"],"picked":"Backflip","floor":14}],"player_experience":462099,"potions_floor_usage":[14],"damage_taken":[{"damage":2,"enemies":"Jaw Worm","floor":1,"turns":4},{"damage":0,"enemies":"2 Louse","floor":3,"turns":3},{"damage":1,"enemies":"Small Slimes","floor":5,"turns":5},{"damage":18,"enemies":"Red Slaver","floor":7,"turns":5},{"damage":17,"enemies":"Exordium Thugs","floor":8,"turns":8},{"damage":5,"enemies":"Gremlin Nob","floor":14,"turns":4},{"damage":56,"enemies":"Hexaghost","floor":16,"turns":19}],"relics_obtained":[{"floor":9,"key":"Anchor"},{"floor":14,"key":"Whetstone"}],"event_choices":[{"event_name":"Golden Idol","player_choice":"Take Wound","floor":2,"damage_taken":0},{"event_name":"Big Fish","player_choice":"Box","floor":4,"damage_taken":0},{"event_name":"Liars Game","player_choice":"agreed","floor":12,"damage_taken":0}],"boss_relics":[],"potions_floor_spawned":[5,7,8],"seed_played":"-8980188172514152918","killed_by":"Hexaghost","ascension_level":10,"potions_obtained":[{"floor":5,"key":"GhostInAJar"},{"floor":7,"key":"Explosive Potion"},{"floor":8,"key":"Block Potion"}],"is_trial":false}