{"path_per_floor":["M","M","?","$","M","E","R","E","T","M","E","M","R","M","R","B",null,"M","M","?","M","?"],"character_chosen":"THE_SILENT","items_purchased":["Whetstone"],"gold_per_floor":[217,233,233,3,14,39,39,67,67,83,108,127,127,137,137,239,239,252,268,268,286,201],"floor_reached":23,"campfire_rested":1,"playtime":1917,"current_hp_per_floor":[70,70,70,70,70,41,62,52,52,52,49,49,49,64,64,42,70,31,23,23,15,15],"items_purged":["Defend_G"],"gold":201,"score":224,"play_id":"5f187c40-740e-4e23-9cfe-672289e613f5","is_prod":false,"is_daily":false,"is_ascension_mode":true,"campfire_upgraded":2,"path_taken":["M","M","?","$","M","E","R","E","T","M","E","M","R","M","R","BOSS","M","M","?","M","?","E"],"build_version":"2018-02-22-PROD2","purchased_purges":1,"victory":false,"master_deck":["Defend_G","Defend_G+1","Defend_G","Defend_G","Strike_G","Strike_G","Strike_G+1","Strike_G","Survivor","Neutralize+1","Flying Knee","Acrobatics","Dagger Spray","Flying Knee+1","Burst+1","Dagger Spray+1","Backflip+1","Dash+1","Outmaneuver+1","Adrenaline","Writhe","Pain","Decay","Dodge and Roll+1","Backflip","Leg Sweep"],"max_hp_per_floor":[70,70,70,70,70,70,70,70,70,70,70,70,70,70,70,70,70,70,70,70,70,70],"relics":["Ring of the Snake","Whetstone","Molten Egg 2","Letter Opener","Frozen Eye","Juzu Bracelet","Calling Bell","Tough Bandages","Art of War","War Paint","Ancient Tea Set"],"card_choices":[{"not_picked":["Deadly Poison","Dagger Throw"],"picked":"Flying Knee"},{"not_picked":["Night Terror","Dagger Throw"],"picked":"Acrobatics"},{"not_picked":["Outmaneuver","Masterful Stab"],"picked":"Dagger Spray"},{"not_picked":["Dodge and Roll","Accuracy"],"picked":"Flying Knee"},{"not_picked":["Bane","Calculated Gamble"],"picked":"Burst"},{"not_picked":["Prepared","Bouncing Flask"],"picked":"Dagger Spray"},{"not_picked":["Deflect","Slice"],"picked":"Backflip"},{"not_picked":["Poisoned Stab","Flechettes"],"picked":"Dash"},{"not_picked":["Deadly Poison","Deflect"],"picked":"Outmaneuver"},{"not_picked":["Corpse Explosion","A Thousand Cuts"],"picked":"Adrenaline"},{"not_picked":["Cloak And Dagger","Dagger Spray"],"picked":"Dodge and Roll"},{"not_picked":["Skewer","Blade Dance"],"picked":"Backflip"},{"not_picked":["Slice","Dagger Throw"],"picked":"Leg Sweep"}],"player_experience":93980,"potions_floor_usage":[11,14,14,23,23],"damage_taken":[{"damage":0,"enemies":"Cultist","floor":1,"turns":4},{"damage":0,"enemies":"Jaw Worm","floor":2,"turns":4},{"damage":0,"enemies":"Small Slimes","floor":5,"turns":3},{"damage":29,"enemies":"Lagavulin","floor":6,"turns":10},{"damage":10,"enemies":"Gremlin Nob","floor":8,"turns":4},{"damage":0,"enemies":"Blue Slaver","floor":10,"turns":3},{"damage":3,"enemies":"3 Sentries","floor":11,"turns":3},{"damage":0,"enemies":"3 Louse","floor":12,"turns":2},{"damage":0,"enemies":"Gremlin Gang","floor":14,"turns":8},{"damage":22,"enemies":"Slime Boss","floor":16,"turns":8},{"damage":39,"enemies":"Spheric Guardian","floor":18,"turns":6},{"damage":8,"enemies":"Shell Parasite","floor":19,"turns":6},{"damage":8,"enemies":"Snake Plant","floor":21,"turns":6},{"damage":21,"enemies":"Slavers","floor":23,"turns":3}],"event_choices":[{"event_name":"Living Wall","player_choice":"Forget","floor":3,"damage_taken":0},{"event_name":"Accursed Blacksmith","player_choice":"Ignore","floor":20,"damage_taken":0},{"event_name":"Addict","player_choice":"Obtained Relic","floor":22,"damage_taken":0}],"boss_relics":[{"not_picked":["Velvet Choker","Ectoplasm"],"picked":"Calling Bell"}],"potions_floor_spawned":[8,10,11,12,14],"seed_played":"4081137286338158999","killed_by":"Slavers","ascension_level":1,"is_trial":false}