{"path_per_floor":["M","?","M","?","$","R","E","?","T","?","E","M","R","$","R","B",null,"M","M","M","?","?","R","E","R","T","R","E","M","T","M","R","B",null,"M","M","?","?","M","R","E","R","T","E","?","M","E","M","R","B"],"character_chosen":"IRONCLAD","items_purchased":["Shrug It Off","Singing Bowl"],"gold_per_floor":[117,117,135,135,15,15,47,47,70,245,280,296,296,42,42,138,138,138,78,78,3,3,3,3,3,3,3,3,3,3,3,3,3,3,3,3,3,3,3,3,3,3,3,3,3,3,3,3,3,3],"floor_reached":51,"campfire_rested":2,"playtime":3565,"current_hp_per_floor":[78,78,80,80,80,80,80,73,73,73,48,50,50,50,50,34,69,77,70,61,61,61,61,67,67,69,69,37,45,45,31,74,21,77,77,77,77,77,57,57,49,92,92,91,79,69,67,74,74,23],"items_purged":["Strike_R","Regret"],"gold":3,"score":1065,"play_id":"37711bf4-3b0a-4d36-a334-ef953757e635","local_time":"20180420001745","is_prod":false,"is_daily":false,"chose_seed":false,"is_ascension_mode":true,"campfire_upgraded":8,"timestamp":1524208665,"path_taken":["M","?","?","?","$","R","E","?","T","?","E","M","R","$","R","BOSS","M","M","M","?","?","R","E","R","T","R","E","M","?","M","R","BOSS","M","M","?","?","M","R","E","R","T","E","?","M","E","M","R","BOSS"],"build_version":"2018-04-19","seed_source_timestamp":698279433910576,"purchased_purges":2,"victory":true,"master_deck":["Defend_R","Defend_R","Defend_R","Defend_R","Bash+1","Fire Breathing+1","Power Through","Shrug It Off","Shrug It Off","Carnage+1","Clothesline+1","Demon Form+1","Carnage+1","Pommel Strike","Battle Trance+1","Iron Wave+1","Bloodletting+1","Berserk","Corruption+1","Spot Weakness+1","Metallicize+1","Clash+1","Metallicize+1","Uppercut+1","Iron Wave+1","Shrug It Off+1","True Grit+1","Madness","Madness","Heavy Blade+1","Disarm+1"],"max_hp_per_floor":[80,80,80,80,80,80,80,80,80,80,80,80,80,80,80,80,80,82,82,82,82,82,82,89,89,91,91,91,93,93,95,95,95,95,95,95,95,95,95,95,95,95,95,95,95,95,95,97,97,97],"relics":["Burning Blood","NeowsBlessing","Prayer Wheel","Regal Pillow","Art of War","Dodecahedron","Singing Bowl","Ectoplasm","Strawberry","Anchor","Lantern","Happy Flower","Astrolabe","Bronze Scales","Bag of Preparation","The Courier","Juzu Bracelet"],"card_choices":[{"not_picked":["Twin Strike","Anger"],"picked":"Fire Breathing","floor":1},{"not_picked":["Body Slam","Searing Blow"],"picked":"Power Through","floor":3},{"not_picked":["Heavy Blade","Anger"],"picked":"Shrug It Off","floor":7},{"not_picked":["Entrench","Spot Weakness"],"picked":"Carnage","floor":9},{"not_picked":["Fire Breathing","Hemokinesis"],"picked":"Clothesline","floor":12},{"not_picked":["Limit Break","Exhume"],"picked":"Demon Form","floor":16},{"not_picked":["Sentinel","Headbutt"],"picked":"Carnage","floor":19},{"not_picked":["Shrug It Off","Armaments"],"picked":"Pommel Strike","floor":20},{"not_picked":["Flame Barrier","Combust"],"picked":"Battle Trance","floor":24},{"not_picked":["Warcry","Twin Strike"],"picked":"Iron Wave","floor":28},{"not_picked":["Anger","Ghostly Armor"],"picked":"Bloodletting","floor":30},{"not_picked":["Immolate","Fiend Fire"],"picked":"Berserk","floor":33},{"not_picked":["Pommel Strike","Power Through"],"picked":"Metallicize","floor":35},{"not_picked":["Reckless Charge","True Grit"],"picked":"Clash","floor":36},{"not_picked":["Havoc","Sword Boomerang"],"picked":"Uppercut","floor":39},{"not_picked":["Dropkick","Flex"],"picked":"Iron Wave","floor":41},{"not_picked":["Dual Wield","True Grit"],"picked":"Shrug It Off","floor":43},{"not_picked":["Sword Boomerang","Dual Wield"],"picked":"True Grit","floor":44},{"not_picked":["Twin Strike","Second Wind"],"picked":"Heavy Blade","floor":46},{"not_picked":["Sever Soul","Berserk"],"picked":"Disarm","floor":47}],"player_experience":317283,"potions_floor_usage":[11,16,24,24,28,31,33,46,47,47,50],"damage_taken":[{"damage":0,"enemies":"Jaw Worm","floor":1,"turns":1},{"damage":0,"enemies":"2 Louse","floor":3,"turns":1},{"damage":0,"enemies":"Lagavulin","floor":7,"turns":2},{"damage":46,"enemies":"3 Sentries","floor":11,"turns":12},{"damage":4,"enemies":"Cultist","floor":12,"turns":4},{"damage":22,"enemies":"Slime Boss","floor":16,"turns":9},{"damage":0,"enemies":"Chosen","floor":18,"turns":3},{"damage":13,"enemies":"2 Thieves","floor":19,"turns":4},{"damage":15,"enemies":"Centurion and Healer","floor":20,"turns":6},{"damage":22,"enemies":"Book of Stabbing","floor":24,"turns":7},{"damage":38,"enemies":"Gremlin Leader","floor":28,"turns":8},{"damage":0,"enemies":"Snake Plant","floor":29,"turns":3},{"damage":22,"enemies":"Cultist and Chosen","floor":31,"turns":6},{"damage":59,"enemies":"Champ","floor":33,"turns":9},{"damage":6,"enemies":"Orb Walker","floor":35,"turns":3},{"damage":6,"enemies":"3 Shapes","floor":36,"turns":6},{"damage":26,"enemies":"3 Darklings","floor":39,"turns":5},{"damage":14,"enemies":"Giant Head","floor":41,"turns":7},{"damage":7,"enemies":"Nemesis","floor":44,"turns":5},{"damage":16,"enemies":"Sphere and 2 Shapes","floor":46,"turns":5},{"damage":8,"enemies":"Giant Head","floor":47,"turns":7},{"damage":1,"enemies":"4 Shapes","floor":48,"turns":7},{"damage":57,"enemies":"Time Eater","floor":50,"turns":10}],"event_choices":[{"event_name":"Big Fish","player_choice":"Box","floor":2,"damage_taken":0},{"event_name":"The Woman in Blue","player_choice":"Bought 0 Potions","floor":4,"damage_taken":0},{"event_name":"Golden Wing","player_choice":"Card Removal","floor":8,"damage_taken":0},{"event_name":"Liars Game","player_choice":"agreed","floor":10,"damage_taken":0},{"event_name":"Beggar","player_choice":"Gave Gold","floor":21,"damage_taken":0},{"event_name":"Drug Dealer","player_choice":"Ignored","floor":22,"damage_taken":0},{"event_name":"Duplicator","player_choice":"One dupe","floor":37,"damage_taken":0},{"event_name":"Winding Halls","player_choice":"Embrace Madness","floor":45,"damage_taken":0}],"boss_relics":[{"not_picked":["Orrery","Black Star"],"picked":"Ectoplasm"},{"not_picked":["Tiny House","Philosopher\u0027s Stone"],"picked":"Astrolabe"}],"potions_floor_spawned":[3,7,11,12,19,24,29,33,39,44,46],"seed_played":"-2446949650874749986","ascension_level":6,"is_trial":false}