{"gold_per_floor":[118,78,102,102,120,120,140,150,150,150,176,190,190,225,225,330,330,345,23,42,42,57,57,83,83,151,151,185,203,203,214,214,312,312,328,381,391,404,414,414,414,444,470,470,167,187,205,225,225,225],"floor_reached":51,"playtime":4550,"items_purged":["Strike_B","Strike_B"],"score":974,"play_id":"1b81d620-4016-404d-b14d-e3f4aacf1caf","local_time":"20180802130509","is_ascension_mode":true,"campfire_choices":[{"data":"Zap","floor":6,"key":"SMITH"},{"data":"Dualcast","floor":10,"key":"SMITH"},{"data":"Coolheaded","floor":13,"key":"SMITH"},{"data":"Chill","floor":15,"key":"SMITH"},{"data":"Hologram","floor":23,"key":"SMITH"},{"data":"Seek","floor":25,"key":"SMITH"},{"data":"Steam Power","floor":27,"key":"SMITH"},{"floor":32,"key":"REST"},{"data":"Go for the Eyes","floor":40,"key":"SMITH"},{"data":"FTL","floor":49,"key":"SMITH"}],"neow_cost":"FIFTY_PERCENT_DAMAGE","seed_source_timestamp":58113749577632,"circlet_count":0,"master_deck":["Strike_B","Defend_B","Defend_B","Defend_B+1","Zap+1","Dualcast+1","All For One","Leap","BootSequence+1","Chill+1","Gash","Coolheaded+1","Seek+1","Hologram+1","Gash","Steam Power+1","Steam","Compile Driver","All For One","Reboot","Go for the Eyes+1","Gash","Flash of Steel","Secret Technique","Trip","Steam Power+1","FTL+1"],"relics":["Cracked Core","Oddly Smooth Stone","Ancient Tea Set","Centennial Puzzle","Happy Flower","Empty Cage","War Paint","Nilry\u0027s Codex","Bag of Preparation","Shuriken","Bottled Flame","Sozu","Bird Faced Urn","Blood Vial","Boot","Medical Kit"],"potions_floor_usage":[8,11,16,16,16,29,33,50,50,50],"damage_taken":[{"damage":0,"enemies":"Small Slimes","floor":1,"turns":3},{"damage":0,"enemies":"Cultist","floor":5,"turns":3},{"damage":0,"enemies":"Jaw Worm","floor":7,"turns":2},{"damage":0,"enemies":"Looter","floor":8,"turns":3},{"damage":6,"enemies":"Lagavulin","floor":11,"turns":5},{"damage":0,"enemies":"2 Fungi Beasts","floor":12,"turns":3},{"damage":1,"enemies":"3 Sentries","floor":14,"turns":7},{"damage":18,"enemies":"The Guardian","floor":16,"turns":11},{"damage":0,"enemies":"Chosen","floor":18,"turns":4},{"damage":0,"enemies":"Shell Parasite","floor":20,"turns":4},{"damage":15,"enemies":"Sentry and Sphere","floor":22,"turns":5},{"damage":2,"enemies":"Slavers","floor":24,"turns":5},{"damage":7,"enemies":"Book of Stabbing","floor":28,"turns":5},{"damage":0,"enemies":"Snake Plant","floor":29,"turns":2},{"damage":0,"enemies":"Centurion and Healer","floor":31,"turns":5},{"damage":0,"enemies":"Collector","floor":33,"turns":5},{"damage":0,"enemies":"3 Darklings","floor":35,"turns":2},{"damage":13,"floor":36,"turns":4},{"damage":0,"enemies":"Orb Walker","floor":37,"turns":2},{"damage":0,"enemies":"Sphere and 2 Shapes","floor":38,"turns":4},{"damage":0,"enemies":"Spire Growth","floor":39,"turns":4},{"damage":0,"enemies":"Nemesis","floor":42,"turns":3},{"damage":0,"floor":44,"turns":1},{"damage":0,"enemies":"3 Darklings","floor":46,"turns":3},{"damage":0,"enemies":"Transient","floor":47,"turns":5},{"damage":0,"enemies":"Spire Growth","floor":48,"turns":1},{"damage":12,"enemies":"Donu and Deca","floor":50,"turns":4}],"seed_played":"4460949924428520935","potions_obtained":[{"floor":2,"key":"Explosive Potion"},{"floor":2,"key":"Swift Potion"},{"floor":2,"key":"LiquidBronze"},{"floor":7,"key":"Block Potion"},{"floor":11,"key":"Poison Potion"},{"floor":12,"key":"Dexterity Potion"},{"floor":14,"key":"Explosive Potion"},{"floor":24,"key":"PowerPotion"},{"floor":28,"key":"PowerPotion"},{"floor":29,"key":"LiquidBronze"},{"floor":31,"key":"LiquidBronze"},{"floor":33,"key":"LiquidBronze"}],"is_trial":false,"path_per_floor":["M","?","T","?","M","R","M","M","T","R","E","M","R","E","R","B",null,"M","$","M","?","M","R","E","R","T","R","E","M","?","M","R","B",null,"M","?","M","M","M","R","?","E","T","?","$","M","M","M","R","B"],"character_chosen":"DEFECT","items_purchased":["Gash","Steam Power","War Paint","Medical Kit"],"campfire_rested":1,"item_purchase_floors":[19,19,19,45],"current_hp_per_floor":[38,38,38,63,63,63,63,63,63,63,57,57,57,56,56,38,66,66,66,66,50,35,35,33,33,33,33,26,26,26,26,48,48,68,68,55,64,64,64,64,54,54,54,56,56,58,60,62,62,52],"gold":225,"neow_bonus":"THREE_RARE_CARDS","is_prod":false,"is_daily":false,"chose_seed":false,"campfire_upgraded":9,"win_rate":0,"timestamp":1533233109,"path_taken":["M","?","?","?","M","R","M","M","T","R","E","M","R","E","R","BOSS","M","$","M","?","?","R","E","R","T","R","E","M","?","M","R","BOSS","M","?","M","M","?","R","?","E","T","?","$","M","?","M","R","BOSS"],"build_version":"2018-07-26","purchased_purges":2,"victory":true,"max_hp_per_floor":[75,75,75,75,75,75,75,75,75,75,75,75,75,75,75,75,75,75,75,75,75,75,75,75,75,75,75,75,75,75,75,75,75,75,75,75,75,75,75,75,75,75,75,75,75,75,75,75,75,75],"card_choices":[{"not_picked":["Creative AI","Fission"],"picked":"All For One","floor":0},{"not_picked":["Conserve Battery","Aggregate"],"picked":"Leap","floor":1},{"not_picked":["Cold Snap","Defragment"],"picked":"BootSequence","floor":5},{"not_picked":["Beam Cell","Coolheaded"],"picked":"Chill","floor":7},{"not_picked":["Genetic Algorithm","Multi-Cast"],"picked":"Gash","floor":8},{"not_picked":["Conserve Battery","Defragment"],"picked":"Coolheaded","floor":11},{"not_picked":["Ball Lightning","Cold Snap","Conserve Battery"],"picked":"SKIP","floor":12},{"not_picked":["Stack","Chill","Thunder Strike"],"picked":"SKIP","floor":14},{"not_picked":["Echo Form","Amplify"],"picked":"Seek","floor":16},{"not_picked":["Sweeping Beam","Genetic Algorithm+1"],"picked":"Hologram","floor":18},{"not_picked":["Chaos","Cold Snap","Chill+1"],"picked":"SKIP","floor":20},{"not_picked":["Recycle","Cold Snap"],"picked":"Steam","floor":22},{"not_picked":["Hologram","Rebound+1"],"picked":"Compile Driver","floor":24},{"not_picked":["Stack+1","Self Repair","Undo"],"picked":"SKIP","floor":28},{"not_picked":["Barrage","Streamline+1","Compile Driver"],"picked":"SKIP","floor":29},{"not_picked":["Barrage","Streamline+1","Compile Driver"],"picked":"SKIP","floor":29},{"not_picked":["Reinforced Body","Rip and Tear"],"picked":"All For One","floor":31},{"not_picked":["Buffer","Thunder Strike"],"picked":"Reboot","floor":33},{"not_picked":["Sweeping Beam+1","Barrage+1","Turbo"],"picked":"SKIP","floor":35},{"not_picked":["Coolheaded+1","Turbo+1"],"picked":"Go for the Eyes","floor":37},{"not_picked":["Steam+1","Stack"],"picked":"Gash","floor":38},{"not_picked":["Redo+1","Steam+1","Fusion"],"picked":"SKIP","floor":39},{"not_picked":["Swift Strike","Sadistic Nature"],"picked":"Flash of Steel","floor":41},{"not_picked":["Enlightenment","Transmutation"],"picked":"Secret Technique","floor":41},{"not_picked":["Apotheosis","Dark Shackles"],"picked":"Trip","floor":41},{"not_picked":["Sweeping Beam","Streamline","Reprogram"],"picked":"SKIP","floor":42},{"not_picked":["Sweeping Beam+1","Steam+1"],"picked":"Steam Power+1","floor":46},{"not_picked":["Hologram+1","Conserve Battery+1"],"picked":"FTL","floor":47},{"not_picked":["Steam+1","Leap+1","Sweeping Beam"],"picked":"SKIP","floor":48}],"player_experience":308841,"relics_obtained":[{"floor":3,"key":"Oddly Smooth Stone"},{"floor":9,"key":"Ancient Tea Set"},{"floor":11,"key":"Centennial Puzzle"},{"floor":14,"key":"Happy Flower"},{"floor":21,"key":"Nilry\u0027s Codex"},{"floor":24,"key":"Bag of Preparation"},{"floor":26,"key":"Shuriken"},{"floor":28,"key":"Bottled Flame"},{"floor":36,"key":"Bird Faced Urn"},{"floor":42,"key":"Blood Vial"},{"floor":43,"key":"Boot"}],"event_choices":[{"event_name":"The Woman in Blue","player_choice":"Bought 3 Potions","floor":2,"damage_taken":0},{"event_name":"Big Fish","player_choice":"Banana","floor":4,"damage_taken":0},{"event_name":"Cursed Tome","player_choice":"Obtained Book","floor":21,"damage_taken":0},{"event_name":"The Mausoleum","player_choice":"No","floor":30,"damage_taken":0},{"event_name":"Mysterious Sphere","player_choice":"Fight","floor":36,"damage_taken":0},{"event_name":"SensoryStone","player_choice":"Memory 3","floor":41,"damage_taken":0},{"event_name":"MindBloom","player_choice":"Fight","floor":44,"damage_taken":0}],"is_beta":false,"boss_relics":[{"not_picked":["Snecko Eye","Philosopher\u0027s Stone"],"picked":"Empty Cage"},{"not_picked":["Velvet Choker","Tiny House"],"picked":"Sozu"}],"items_purged_floors":[19,45],"is_endless":false,"potions_floor_spawned":[7,11,12,14,24,28,29,31,33,35,37,38,39,44,48],"ascension_level":5}