{"path_per_floor":["M","?","?","M","$","R","M","E","T","?","M","R","E","M","R","B",null,"M","M"],"character_chosen":"THE_SILENT","items_purchased":["Blind","Caltrops"],"gold_per_floor":[113,113,288,302,50,50,68,97,148,148,118,118,159,173,173,296,296,316,295],"floor_reached":20,"campfire_rested":1,"playtime":2337,"current_hp_per_floor":[70,70,70,68,68,68,67,32,32,32,30,30,18,17,36,4,65,37,13],"items_purged":["Strike_G"],"gold":295,"score":182,"play_id":"59bd60a7-3b65-4fb9-9493-749b1dafcb0d","is_prod":false,"is_daily":false,"is_ascension_mode":false,"campfire_upgraded":2,"path_taken":["M","?","?","M","$","R","M","E","T","?","M","R","E","?","R","BOSS","M","M","M"],"build_version":"2018-02-08-PROD1","purchased_purges":1,"victory":false,"master_deck":["Defend_G","Defend_G","Defend_G","Defend_G","Defend_G","Strike_G+1","Strike_G","Strike_G","Survivor","Neutralize+1","Infinite Blades+1","Terror","Doubt","Infinite Blades","Blind","Caltrops+1","Caltrops+1","Crippling Poison","Bane","Dodge and Roll","Blur","Bullet Time","Dodge and Roll","Prepared"],"max_hp_per_floor":[70,70,70,70,70,70,70,70,70,65,65,65,65,65,65,65,65,65,65],"relics":["Ring of the Snake","Whetstone","Ancient Tea Set","Golden Idol","Toolbox","Black Star"],"card_choices":[{"not_picked":["Dodge and Roll","Prepared"],"picked":"Terror"},{"not_picked":["All Out Attack","Backflip"],"picked":"Infinite Blades"},{"not_picked":["Malaise","Slice"],"picked":"Caltrops"},{"not_picked":["PiercingWail","Unload"],"picked":"Crippling Poison"},{"not_picked":["Deflect","Masterful Stab"],"picked":"Bane"},{"not_picked":["Slice","Riddle With Holes"],"picked":"Dodge and Roll"},{"not_picked":["Masterful Stab","PiercingWail"],"picked":"Blur"},{"not_picked":["After Image","Tools of the Trade"],"picked":"Bullet Time"},{"not_picked":["Catalyst","Flying Knee"],"picked":"Dodge and Roll"},{"not_picked":["Quick Slash","Dodge and Roll"],"picked":"Prepared"}],"player_experience":25598,"potions_floor_usage":[16,20,20,20],"damage_taken":[{"damage":0,"enemies":"2 Louse","floor":1,"turns":3},{"damage":2,"enemies":"Blue Slaver","floor":4,"turns":5},{"damage":1,"enemies":"Cultist","floor":7,"turns":3},{"damage":35,"enemies":"3 Sentries","floor":8,"turns":7},{"damage":2,"enemies":"Looter","floor":11,"turns":4},{"damage":12,"enemies":"Gremlin Nob","floor":13,"turns":4},{"damage":1,"enemies":"3 Louse","floor":14,"turns":4},{"damage":32,"enemies":"Slime Boss","floor":16,"turns":11},{"damage":28,"enemies":"Chosen","floor":18,"turns":6},{"damage":24,"enemies":"2 Thieves","floor":19,"turns":5},{"damage":13,"enemies":"Snecko","floor":20,"turns":5}],"event_choices":[{"event_name":"Upgrade Shrine","player_choice":"Upgraded","floor":2,"damage_taken":0},{"event_name":"Liars Game","player_choice":"agreed","floor":3,"damage_taken":0},{"event_name":"Golden Idol","player_choice":"Lose Max HP","floor":10,"damage_taken":0}],"boss_relics":[{"not_picked":["Tiny House","Runic Pyramid"],"picked":"Black Star"}],"potions_floor_spawned":[4,13,14,19],"seed_played":"4485898329239972813","killed_by":"Snecko","ascension_level":0,"is_trial":false}