{"gold_per_floor":[18,18,37,51,51,51,89,102,102,102,125,144,144,32,32,125,125,149,21,21,21,21,21,56,56,106,106,1,1,20,45,45,138,138,153,178,201,221,221,221,259,259,309,333,333,2,27,27,27,27],"floor_reached":51,"playtime":3003,"items_purged":["Strike_R"],"score":1283,"play_id":"04053f05-179d-42ed-b209-76eddc947280","local_time":"20190312155837","is_ascension_mode":true,"campfire_choices":[{"data":"Whirlwind","floor":6.0,"key":"SMITH"},{"data":"Uppercut","floor":13.0,"key":"SMITH"},{"floor":15.0,"key":"REST"},{"data":"Seeing Red","floor":23.0,"key":"SMITH"},{"data":"True Grit","floor":27.0,"key":"SMITH"},{"data":"J.A.X.","floor":29.0,"key":"SMITH"},{"data":"True Grit","floor":32.0,"key":"SMITH"},{"data":"Seeing Red","floor":40.0,"key":"SMITH"},{"data":"Double Tap","floor":42.0,"key":"SMITH"},{"floor":45.0,"key":"REST"},{"data":"Shockwave","floor":49.0,"key":"SMITH"}],"neow_cost":"NO_GOLD","seed_source_timestamp":0,"circlet_count":0,"master_deck":["AscendersBane","Strike_R","Defend_R","Defend_R","Bash","Whirlwind+1","Shrug It Off","Warcry","Uppercut+1","True Grit+1","Seeing Red+1","True Grit+1","Fiend Fire","Feel No Pain","J.A.X.+1","Seeing Red+1","Shrug It Off","Feel No Pain","Metallicize","Double Tap+1","Demon Form+1","Pommel Strike+1","Impervious+1","Shockwave+1","Headbutt","Sword Boomerang","Heavy Blade","Offering","Sword Boomerang+1"],"special_seed":0,"relics":["Burning Blood","Bronze Scales","Golden Idol","Torii","Shuriken","Philosopher\u0027s Stone","Bird Faced Urn","Centennial Puzzle","Astrolabe","Omamori","PreservedInsect","Incense Burner"],"potions_floor_usage":[],"damage_taken":[{"damage":8.0,"enemies":"2 Louse","floor":1.0,"turns":4.0},{"damage":7.0,"enemies":"Jaw Worm","floor":3.0,"turns":4.0},{"damage":3.0,"enemies":"Small Slimes","floor":4.0,"turns":3.0},{"damage":32.0,"enemies":"Gremlin Nob","floor":7.0,"turns":4.0},{"damage":18.0,"enemies":"Exordium Thugs","floor":8.0,"turns":5.0},{"damage":9.0,"enemies":"Blue Slaver","floor":11.0,"turns":3.0},{"damage":2.0,"enemies":"Looter","floor":12.0,"turns":3.0},{"damage":8.0,"enemies":"The Guardian","floor":16.0,"turns":12.0},{"damage":9.0,"enemies":"Shell Parasite","floor":18.0,"turns":6.0},{"damage":24.0,"enemies":"Slavers","floor":24.0,"turns":6.0},{"damage":3.0,"enemies":"2 Thieves","floor":30.0,"turns":1.0},{"damage":7.0,"enemies":"3 Cultists","floor":31.0,"turns":4.0},{"damage":37.0,"enemies":"Automaton","floor":33.0,"turns":10.0},{"damage":13.0,"enemies":"3 Darklings","floor":35.0,"turns":5.0},{"damage":7.0,"enemies":"3 Shapes","floor":36.0,"turns":10.0},{"damage":15.0,"enemies":"Sphere and 2 Shapes","floor":37.0,"turns":5.0},{"damage":5.0,"enemies":"Writhing Mass","floor":38.0,"turns":8.0},{"damage":41.0,"enemies":"Reptomancer","floor":41.0,"turns":5.0},{"damage":32.0,"enemies":"Spire Growth","floor":44.0,"turns":5.0},{"damage":20.0,"enemies":"3 Darklings","floor":47.0,"turns":7.0},{"damage":47,"enemies":"Time Eater","floor":50,"turns":9}],"seed_played":"-1797624737545776359","potions_obtained":[{"floor":4.0,"key":"Strength Potion"},{"floor":7.0,"key":"Regen Potion"},{"floor":12.0,"key":"Energy Potion"},{"floor":31.0,"key":"EssenceOfSteel"},{"floor":33.0,"key":"Fire Potion"},{"floor":35.0,"key":"EssenceOfSteel"},{"floor":41.0,"key":"SpeedPotion"}],"is_trial":false,"path_per_floor":["M","?","M","M","?","R","E","M","T","?","M","M","R","$","R","B",null,"M","$","?","?","T","R","E","$","T","R","$","R","M","M","R","B",null,"M","M","M","M","?","R","E","R","T","M","R","$","M","?","R","B",null],"character_chosen":"IRONCLAD","items_purchased":["Seeing Red","True Grit","Feel No Pain","Block Potion","Shrug It Off","Incense Burner"],"campfire_rested":2,"item_purchase_floors":[14,14,19,19,28,46],"current_hp_per_floor":[66,40,39,42,42,42,16,18,18,18,15,19,19,19,39,37,60,57,57,57,57,57,57,41,41,41,41,41,41,44,43,43,18,56,55,60,57,66,66,66,37,37,37,19,39,39,31,56,56,21],"gold":27,"neow_bonus":"REMOVE_TWO","is_prod":false,"is_daily":false,"chose_seed":false,"campfire_upgraded":9,"win_rate":0,"timestamp":1552402717,"path_taken":["M","?","M","M","?","R","E","M","T","?","?","M","R","$","R","BOSS","M","$","?","?","?","R","E","?","T","R","$","R","?","M","R","BOSS","M","M","M","M","?","R","E","R","T","M","R","$","M","?","R","BOSS"],"build_version":"2019-01-23","purchased_purges":1,"victory":true,"max_hp_per_floor":[75,75,75,75,68,68,68,68,68,68,68,68,68,68,68,68,68,68,68,68,68,68,68,68,68,68,68,68,68,68,68,68,68,68,68,68,68,68,68,68,68,68,68,68,68,68,68,56,56,56],"card_choices":[{"not_picked":["Body Slam","Carnage"],"picked":"Whirlwind","floor":1.0},{"not_picked":["Wild Strike","Warcry"],"picked":"Shrug It Off","floor":3.0},{"not_picked":["Bloodletting","Heavy Blade","Havoc"],"picked":"SKIP","floor":4.0},{"not_picked":["Armaments","Burning Pact"],"picked":"Warcry","floor":7.0},{"not_picked":["Clothesline","Clash"],"picked":"Uppercut","floor":8.0},{"not_picked":["Metallicize","Shockwave","Headbutt"],"picked":"SKIP","floor":11.0},{"not_picked":["Cleave","Iron Wave"],"picked":"True Grit","floor":12.0},{"not_picked":["Demon Form","Bludgeon"],"picked":"Fiend Fire","floor":16.0},{"not_picked":["Uppercut","Body Slam","Flex"],"picked":"SKIP","floor":18.0},{"not_picked":["Blood for Blood+1","Shockwave"],"picked":"Seeing Red","floor":24.0},{"not_picked":["Cleave","Rupture"],"picked":"Feel No Pain","floor":30.0},{"not_picked":["Wild Strike","Warcry"],"picked":"Metallicize","floor":31.0},{"not_picked":["Barricade","Demon Form"],"picked":"Double Tap","floor":33.0},{"not_picked":["Combust+1","Sever Soul"],"picked":"Shockwave","floor":35.0},{"not_picked":["Iron Wave","Blood for Blood+1"],"picked":"Headbutt","floor":36.0},{"not_picked":["Combust","Warcry"],"picked":"Sword Boomerang","floor":37.0},{"not_picked":["Armaments+1","Clash"],"picked":"Heavy Blade","floor":38.0},{"not_picked":["Metallicize+1","Heavy Blade+1"],"picked":"Offering","floor":41.0},{"not_picked":["Headbutt+1","Iron Wave","Perfected Strike"],"picked":"SKIP","floor":44.0},{"not_picked":["Pummel","Cleave+1"],"picked":"Sword Boomerang+1","floor":47.0}],"player_experience":490668,"relics_obtained":[{"floor":7.0,"key":"Torii"},{"floor":9.0,"key":"Shuriken"},{"floor":22.0,"key":"Bird Faced Urn"},{"floor":24.0,"key":"Centennial Puzzle"},{"floor":41.0,"key":"Omamori"},{"floor":43.0,"key":"PreservedInsect"}],"event_choices":[{"damage_healed":0.0,"max_hp_gain":0.0,"max_hp_loss":0.0,"gold_gain":0.0,"event_name":"Scrap Ooze","player_choice":"Success","floor":2.0,"gold_loss":0.0,"damage_taken":26.0,"relics_obtained":["Bronze Scales"]},{"damage_healed":0.0,"max_hp_gain":0.0,"max_hp_loss":7.0,"gold_gain":0.0,"event_name":"Golden Idol","player_choice":"Lose Max HP","floor":5.0,"gold_loss":0.0,"damage_taken":0.0,"relics_obtained":["Golden Idol"]},{"damage_healed":0.0,"max_hp_gain":0.0,"max_hp_loss":0.0,"gold_gain":0.0,"event_name":"Shining Light","player_choice":"Ignored","floor":10.0,"gold_loss":0.0,"damage_taken":0.0},{"damage_healed":0.0,"max_hp_gain":0.0,"max_hp_loss":0.0,"gold_gain":0.0,"event_name":"Drug Dealer","player_choice":"Obtain J.A.X.","floor":20.0,"gold_loss":0.0,"damage_taken":0.0,"cards_obtained":["J.A.X."]},{"damage_healed":0.0,"max_hp_gain":0.0,"max_hp_loss":0.0,"gold_gain":0.0,"event_name":"Tomb of Lord Red Mask","player_choice":"Ignored","floor":39.0,"gold_loss":0.0,"damage_taken":0.0},{"damage_healed":56.0,"max_hp_gain":0.0,"max_hp_loss":12.0,"gold_gain":0.0,"event_name":"The Moai Head","player_choice":"Heal","floor":48.0,"gold_loss":0.0,"damage_taken":0.0}],"is_beta":false,"boss_relics":[{"not_picked":["Lizard Tail","Sozu"],"picked":"Philosopher\u0027s Stone"},{"not_picked":["Snecko Eye","Runic Dome"],"picked":"Astrolabe"}],"items_purged_floors":[28],"is_endless":false,"potions_floor_spawned":[4,7,12,31,33,35,37,41],"ascension_level":19}