{"gold_per_floor":[209,134,134,134,34,73,91,125,198,198,198,231,254,278,278,404,404,422,422,436,451,326,326,342,681,681,706,726,760,773,523,523,651,651,672,672,497,516,529,529,572,697,697,697,139,180,200,231,231,231],"floor_reached":51,"playtime":2710,"items_purged":["Strike_R","Defend_R","Strike_R","Strike_R","Strike_R+1"],"score":910,"play_id":"c93a0747-22e2-443a-8a38-8f020beb8f3a","local_time":"20190418182020","is_ascension_mode":true,"campfire_choices":[{"data":"Rampage","floor":11.0,"key":"SMITH"},{"floor":15.0,"key":"REST"},{"data":"Rampage","floor":23.0,"key":"SMITH"},{"floor":32,"key":"REST"},{"data":"Exhume","floor":40,"key":"SMITH"},{"data":"Impervious","floor":44,"key":"SMITH"},{"floor":49,"key":"REST"}],"neow_cost":"NONE","seed_source_timestamp":22088010098341,"circlet_count":0,"master_deck":["Defend_R+1","Defend_R","Defend_R","Bash+1","Rampage+1","Rampage+1","Dropkick+1","Offering","Exhume+1","Dropkick+1","Impervious+1","True Grit"],"special_seed":0,"relics":["Burning Blood","Golden Idol","Oddly Smooth Stone","PreservedInsect","Pear","Ancient Tea Set","Runic Pyramid","Old Coin","Boot","Dead Branch","Sozu","Bag of Preparation","Mango","Mercury Hourglass","Ginger","ClockworkSouvenir","Blue Candle","Prayer Wheel"],"potions_floor_usage":[33,50,50],"damage_taken":[{"damage":0.0,"enemies":"Small Slimes","floor":1.0,"turns":3.0},{"damage":46.0,"enemies":"Lagavulin","floor":6.0,"turns":7.0},{"damage":2.0,"enemies":"Jaw Worm","floor":7.0,"turns":3.0},{"damage":24.0,"enemies":"Gremlin Nob","floor":8.0,"turns":4.0},{"damage":18.0,"enemies":"Lagavulin","floor":12.0,"turns":5.0},{"damage":6.0,"enemies":"Cultist","floor":13.0,"turns":4.0},{"damage":2.0,"enemies":"Looter","floor":14.0,"turns":3.0},{"damage":28.0,"enemies":"The Guardian","floor":16.0,"turns":8.0},{"damage":19.0,"enemies":"3 Byrds","floor":18.0,"turns":5.0},{"damage":10.0,"enemies":"Chosen","floor":20.0,"turns":3.0},{"damage":34.0,"enemies":"Shelled Parasite and Fungi","floor":21.0,"turns":7.0},{"damage":15.0,"enemies":"Sentry and Sphere","floor":24.0,"turns":6.0},{"damage":27.0,"enemies":"Slavers","floor":25.0,"turns":4.0},{"damage":3.0,"enemies":"Centurion and Healer","floor":27.0,"turns":4.0},{"damage":10.0,"enemies":"Shelled Parasite and Fungi","floor":28.0,"turns":5.0},{"damage":18,"enemies":"Book of Stabbing","floor":29,"turns":4},{"damage":6,"enemies":"Snecko","floor":30,"turns":2},{"damage":22,"enemies":"Champ","floor":33,"turns":5},{"damage":12,"enemies":"3 Darklings","floor":35,"turns":2},{"damage":19,"enemies":"3 Shapes","floor":38,"turns":3},{"damage":6,"enemies":"Writhing Mass","floor":39,"turns":3},{"damage":6,"enemies":"Giant Head","floor":41,"turns":2},{"damage":6,"enemies":"Mind Bloom Boss Battle","floor":42,"turns":3},{"damage":18,"enemies":"Nemesis","floor":46,"turns":2},{"damage":10,"enemies":"Spire Growth","floor":47,"turns":3},{"damage":25,"enemies":"Giant Head","floor":48,"turns":3},{"damage":48,"enemies":"Time Eater","floor":50,"turns":12}],"seed_played":"5271513969095766074","potions_obtained":[{"floor":1.0,"key":"BloodPotion"},{"floor":12.0,"key":"Weak Potion"},{"floor":14.0,"key":"SkillPotion"},{"floor":16.0,"key":"Regen Potion"},{"floor":18.0,"key":"SpeedPotion"},{"floor":24.0,"key":"Explosive Potion"},{"floor":25.0,"key":"Energy Potion"},{"floor":27.0,"key":"Weak Potion"},{"floor":30,"key":"FearPotion"}],"is_trial":false,"path_per_floor":["M","$","?","?","$","E","M","E","T","?","R","E","M","M","R","B",null,"M","?","M","M","$","R","M","E","T","M","M","E","M","$","R","B",null,"M","?","$","M","M","R","E","?","T","R","$","E","M","E","R","B",null],"character_chosen":"IRONCLAD","items_purchased":["Energy Potion","SpeedPotion","Ginger","True Grit","ClockworkSouvenir"],"campfire_rested":3,"item_purchase_floors":[31,31,45,45,45],"current_hp_per_floor":[80,80,64,64,64,24,28,10,20,20,20,8,16,20,45,23,84,71,71,67,54,54,54,45,24,24,27,23,11,11,11,36,20,84,78,78,78,65,65,65,65,79,79,79,79,67,63,44,73,31],"gold":231,"neow_bonus":"HUNDRED_GOLD","is_prod":false,"is_daily":false,"chose_seed":false,"campfire_upgraded":4,"win_rate":0,"timestamp":1555629620,"path_taken":["M","$","?","?","$","E","M","E","T","?","R","E","M","?","R","BOSS","M","?","M","M","$","R","M","E","T","?","M","E","M","$","R","BOSS","M","?","$","M","?","R","E","?","T","R","$","E","M","E","R","BOSS"],"build_version":"2019-01-23","purchased_purges":5,"victory":true,"max_hp_per_floor":[80,80,80,74,74,74,74,74,84,84,84,84,84,84,84,84,84,84,84,84,84,84,84,84,84,84,84,84,84,84,84,84,84,84,84,84,84,84,84,84,84,98,98,98,98,98,98,98,98,98],"card_choices":[{"not_picked":["Rampage","Hemokinesis","Wild Strike"],"picked":"SKIP","floor":1.0},{"not_picked":["Metallicize","Armaments","Wild Strike"],"picked":"SKIP","floor":6.0},{"not_picked":["Ghostly Armor","Clothesline","Flex"],"picked":"SKIP","floor":7.0},{"not_picked":["Fire Breathing","Battle Trance","Sword Boomerang"],"picked":"SKIP","floor":8.0},{"not_picked":["Offering","Wild Strike"],"picked":"Rampage","floor":12.0},{"not_picked":["Entrench","Headbutt","Havoc"],"picked":"SKIP","floor":13.0},{"not_picked":["Pummel","Fire Breathing","Pommel Strike"],"picked":"SKIP","floor":14.0},{"not_picked":["Perfected Strike","Wild Strike","Havoc+1"],"picked":"SKIP","floor":18.0},{"not_picked":["Havoc","Dual Wield","Warcry"],"picked":"SKIP","floor":20.0},{"not_picked":["Burning Pact","Flex","Body Slam"],"picked":"SKIP","floor":21.0},{"not_picked":["Entrench","Twin Strike","Clash"],"picked":"SKIP","floor":24.0},{"not_picked":["Perfected Strike","Flex","Shockwave+1"],"picked":"SKIP","floor":25.0},{"not_picked":["Twin Strike+1","Body Slam","True Grit+1"],"picked":"SKIP","floor":27.0},{"not_picked":["Sever Soul+1","Twin Strike"],"picked":"Dropkick+1","floor":28.0},{"not_picked":["Clash","Brutality"],"picked":"Offering","floor":29},{"not_picked":["Seeing Red","Corruption","Wild Strike"],"picked":"SKIP","floor":30},{"not_picked":["Barricade","Juggernaut"],"picked":"Exhume","floor":33},{"not_picked":["Flex","Cleave","Shockwave"],"picked":"SKIP","floor":35},{"not_picked":["Clash+1","Thunderclap+1","Sword Boomerang+1"],"picked":"SKIP","floor":38},{"not_picked":["True Grit+1","Iron Wave","Heavy Blade"],"picked":"SKIP","floor":39},{"not_picked":["Rupture","Sever Soul+1"],"picked":"Impervious","floor":41},{"not_picked":["Burning Pact","Warcry","True Grit"],"picked":"SKIP","floor":46},{"not_picked":["Clash+1","Body Slam+1","Shrug It Off+1"],"picked":"SKIP","floor":47},{"not_picked":["Warcry+1","Armaments+1","Rage+1"],"picked":"SKIP","floor":48}],"player_experience":774457,"relics_obtained":[{"floor":6.0,"key":"Oddly Smooth Stone"},{"floor":8.0,"key":"PreservedInsect"},{"floor":9.0,"key":"Pear"},{"floor":12.0,"key":"Ancient Tea Set"},{"floor":25.0,"key":"Old Coin"},{"floor":26.0,"key":"Boot"},{"floor":29,"key":"Dead Branch"},{"floor":41,"key":"Bag of Preparation"},{"floor":42,"key":"Mango"},{"floor":43,"key":"Mercury Hourglass"},{"floor":46,"key":"Blue Candle"},{"floor":48,"key":"Prayer Wheel"}],"event_choices":[{"damage_healed":0.0,"max_hp_gain":0.0,"max_hp_loss":0.0,"gold_gain":0.0,"event_name":"Shining Light","player_choice":"Entered Light","floor":3.0,"gold_loss":0.0,"damage_taken":16.0,"cards_upgraded":["Defend_R","Strike_R"]},{"damage_healed":0.0,"max_hp_gain":0.0,"max_hp_loss":6.0,"gold_gain":0.0,"event_name":"Golden Idol","player_choice":"Lose Max HP","floor":4.0,"gold_loss":0.0,"damage_taken":0.0,"relics_obtained":["Golden Idol"]},{"damage_healed":0.0,"max_hp_gain":0.0,"max_hp_loss":0.0,"gold_gain":0.0,"cards_transformed":["Strike_R"],"event_name":"Transmorgrifier","player_choice":"Transformed","floor":10.0,"gold_loss":0.0,"damage_taken":0.0,"cards_obtained":["Rampage"]},{"damage_healed":0.0,"max_hp_gain":0.0,"max_hp_loss":0.0,"gold_gain":0.0,"event_name":"Accursed Blacksmith","player_choice":"Forge","floor":19.0,"gold_loss":0.0,"damage_taken":0.0,"cards_upgraded":["Bash"]},{"damage_healed":0,"gold_gain":0,"player_choice":"Copied","damage_taken":0,"max_hp_gain":0,"max_hp_loss":0,"event_name":"Duplicator","floor":36,"gold_loss":0,"cards_obtained":["Dropkick"]},{"damage_healed":0,"gold_gain":0,"player_choice":"Fight","damage_taken":0,"max_hp_gain":0,"max_hp_loss":0,"event_name":"MindBloom","floor":42,"gold_loss":0}],"is_beta":false,"boss_relics":[{"not_picked":["Calling Bell","Orrery"],"picked":"Runic Pyramid"},{"not_picked":["Busted Crown","Tiny House"],"picked":"Sozu"}],"items_purged_floors":[2,5,22,31,37],"is_endless":false,"potions_floor_spawned":[1,12,14,16,18,24,25,27,30,38,39,47,48],"ascension_level":1}