{"path_per_floor":["M","?","M","?","M","E","R","?","T","M","M","M","R","M","R"],"character_chosen":"THE_SILENT","items_purchased":[],"gold_per_floor":[113,188,202,202,227,271,271,271,352,375,390,410,410,425,425,425],"floor_reached":16,"campfire_rested":1,"playtime":1056,"current_hp_per_floor":[70,59,59,42,42,18,18,11,21,21,21,17,17,15,39,0],"items_purged":[],"gold":425,"score":104,"play_id":"2955d6c2-3707-4270-ab79-f13437b3a9f1","local_time":"20180325212412","is_prod":false,"is_daily":false,"is_ascension_mode":false,"campfire_upgraded":2,"timestamp":1522038252,"path_taken":["M","?","M","?","M","E","R","?","T","M","?","M","R","M","R","BOSS"],"build_version":"2018-03-22v2","purchased_purges":0,"victory":false,"master_deck":["Defend_G","Defend_G","Defend_G","Defend_G","Defend_G","Strike_G","Strike_G","Strike_G","Strike_G","Survivor","Neutralize+1","Quick Slash","Flying Knee","Venomology+1","Quick Slash","Dagger Throw","Prepared"],"max_hp_per_floor":[70,70,70,70,70,70,70,70,80,80,80,80,80,80,80,80],"relics":["Ring of the Snake","Golden Idol","Gremlin Horn","Pear"],"card_choices":[{"not_picked":["Deadly Poison","Deflect"],"picked":"Quick Slash","floor":1},{"not_picked":["Distraction","Infinite Blades"],"picked":"Flying Knee","floor":3},{"not_picked":["Noxious Fumes","Accuracy"],"picked":"Venomology","floor":6},{"not_picked":["Catalyst","Escape Plan"],"picked":"Quick Slash","floor":10},{"not_picked":["Dash","Quick Slash"],"picked":"Dagger Throw","floor":11},{"not_picked":["Finisher","Skewer"],"picked":"Prepared","floor":14}],"player_experience":161453,"potions_floor_usage":[6,12,14,14,14,16,16,16],"damage_taken":[{"damage":0,"enemies":"2 Louse","floor":1,"turns":3},{"damage":0,"enemies":"Jaw Worm","floor":3,"turns":3},{"damage":0,"enemies":"Small Slimes","floor":5,"turns":2},{"damage":39,"enemies":"Gremlin Nob","floor":6,"turns":6},{"damage":0,"enemies":"2 Fungi Beasts","floor":10,"turns":4},{"damage":0,"enemies":"3 Louse","floor":11,"turns":4},{"damage":4,"enemies":"Blue Slaver","floor":12,"turns":3},{"damage":2,"enemies":"Exordium Thugs","floor":14,"turns":4},{"damage":41,"enemies":"Slime Boss","floor":16,"turns":9}],"event_choices":[{"event_name":"World of Goop","player_choice":"Gather Gold","floor":2,"damage_taken":0},{"event_name":"Golden Idol","player_choice":"Take Damage","floor":4,"damage_taken":0},{"event_name":"Golden Wing","player_choice":"Card Removal","floor":8,"damage_taken":0}],"boss_relics":[],"potions_floor_spawned":[3,11,12,14],"seed_played":"202780563427156124","killed_by":"Slime Boss","ascension_level":0,"is_trial":false}