{"gold_per_floor":[14,14,33,33,50,50,82,82,82,7,17,52,69,69,69,170,170,190,190,56,72,85,85,119,131,169,78,78,98,98,118,118,218,218,230,245,245,102,202,202,220,235,290,290,290,324,324,324,324,324],"floor_reached":51,"playtime":2610,"items_purged":["Defend_G","Defend_G"],"score":728,"play_id":"6241ab6a-ef87-4254-ace3-6ecf3f719e6a","local_time":"20190417002347","is_ascension_mode":false,"campfire_choices":[{"data":"Infinite Blades","floor":6,"key":"SMITH"},{"data":"Cloak And Dagger","floor":8,"key":"SMITH"},{"floor":15,"key":"REST"},{"data":"Adrenaline","floor":23,"key":"SMITH"},{"data":"Infinite Blades","floor":25,"key":"SMITH"},{"data":"Infinite Blades","floor":28,"key":"SMITH"},{"data":"Choke","floor":30,"key":"SMITH"},{"floor":32,"key":"REST"},{"data":"Adrenaline","floor":40,"key":"SMITH"},{"floor":44,"key":"REST"},{"data":"Cloak And Dagger","floor":47,"key":"SMITH"},{"floor":49,"key":"REST"}],"neow_cost":"NO_GOLD","seed_source_timestamp":537016102965987,"circlet_count":0,"master_deck":["Defend_G","Defend_G","Strike_G","Strike_G","Strike_G","Strike_G","Survivor","Neutralize","Infinite Blades+1","Cloak And Dagger+1","Cloak And Dagger+1","Adrenaline+1","Infinite Blades+1","Backstab","Endless Agony","Choke+1","Infinite Blades+1","Blade Dance","Blade Dance","Adrenaline+1","Blade Dance+1","Trip"],"relics":["Ring of the Snake","Incense Burner","Bag of Preparation","Bottled Lightning","Kunai","Bottled Flame","Question Card","Lizard Tail","MawBank","Vajra","WristBlade","Bronze Scales","Thread and Needle","Orichalcum","Unceasing Top"],"potions_floor_usage":[16,16,24,33,33,50,50],"damage_taken":[{"damage":9,"enemies":"2 Louse","floor":1,"turns":3},{"damage":0,"enemies":"Cultist","floor":3,"turns":4},{"damage":0,"enemies":"Small Slimes","floor":5,"turns":3},{"damage":19,"enemies":"Gremlin Nob","floor":7,"turns":5},{"damage":1,"enemies":"Looter","floor":11,"turns":3},{"damage":16,"enemies":"3 Sentries","floor":12,"turns":8},{"damage":1,"enemies":"Red Slaver","floor":13,"turns":3},{"damage":28,"enemies":"The Guardian","floor":16,"turns":12},{"damage":8,"enemies":"Spheric Guardian","floor":18,"turns":4},{"damage":1,"enemies":"3 Byrds","floor":21,"turns":5},{"damage":26,"enemies":"Snake Plant","floor":22,"turns":9},{"damage":41,"enemies":"Gremlin Leader","floor":24,"turns":6},{"damage":3,"enemies":"Shelled Parasite and Fungi","floor":29,"turns":3},{"damage":6,"enemies":"Cultist and Chosen","floor":31,"turns":3},{"damage":28,"enemies":"Champ","floor":33,"turns":12},{"damage":0,"enemies":"Orb Walker","floor":35,"turns":2},{"damage":20,"enemies":"3 Darklings","floor":36,"turns":4},{"damage":18,"enemies":"Mind Bloom Boss Battle","floor":39,"turns":4},{"damage":1,"enemies":"Jaw Worm Horde","floor":41,"turns":3},{"damage":6,"enemies":"Spire Growth","floor":42,"turns":3},{"damage":1,"enemies":"Nemesis","floor":46,"turns":5},{"damage":22,"enemies":"Donu and Deca","floor":50,"turns":7}],"seed_played":"8148982984995350060","potions_obtained":[{"floor":3,"key":"Swift Potion"},{"floor":5,"key":"Explosive Potion"},{"floor":11,"key":"SpeedPotion"},{"floor":12,"key":"Strength Potion"},{"floor":19,"key":"Swift Potion"},{"floor":19,"key":"Weak Potion"},{"floor":22,"key":"Energy Potion"},{"floor":29,"key":"FearPotion"},{"floor":42,"key":"Poison Potion"},{"floor":46,"key":"EssenceOfSteel"}],"is_trial":false,"path_per_floor":["M","?","M","T","M","R","E","R","T","$","M","E","M","?","R","B",null,"M","?","$","M","M","R","E","R","T","$","R","M","R","M","R","B",null,"M","M","?","$","?","R","M","M","T","R","?","E","R","?","R","B",null],"character_chosen":"THE_SILENT","items_purchased":["Infinite Blades","Choke","Infinite Blades","Bronze Scales"],"campfire_rested":4,"item_purchase_floors":[20,27,27,38],"current_hp_per_floor":[61,61,61,61,61,61,42,42,42,42,41,25,24,24,45,17,70,62,62,62,61,35,35,31,31,31,31,31,28,28,22,43,15,70,70,50,50,50,32,32,31,25,25,46,46,45,45,45,64,42],"gold":324,"neow_bonus":"ONE_RARE_RELIC","is_prod":false,"is_daily":false,"chose_seed":false,"campfire_upgraded":8,"win_rate":0.0,"timestamp":1555475027,"path_taken":["M","?","?","?","M","R","E","R","T","$","M","E","M","?","R","BOSS","M","?","$","?","M","R","E","R","T","$","R","M","R","M","R","BOSS","M","M","?","$","?","R","M","M","T","R","?","E","R","?","R","BOSS"],"build_version":"2019-01-23","purchased_purges":2,"victory":true,"max_hp_per_floor":[70,70,70,70,70,70,70,70,70,70,70,70,70,70,70,70,70,70,70,70,70,70,70,70,70,70,70,70,70,70,70,70,70,70,70,70,70,70,70,70,70,70,70,70,66,66,66,66,66,66],"card_choices":[{"not_picked":["Sucker Punch","Backflip"],"picked":"Infinite Blades","floor":1},{"not_picked":["Underhanded Strike","Tactician"],"picked":"Cloak And Dagger","floor":3},{"not_picked":["Escape Plan","Bane","Dodge and Roll"],"picked":"SKIP","floor":5},{"not_picked":["PiercingWail","Doppelganger","Dash"],"picked":"SKIP","floor":7},{"not_picked":["Sucker Punch","Flying Knee","Dash"],"picked":"SKIP","floor":11},{"not_picked":["Backflip","Expertise"],"picked":"Cloak And Dagger","floor":12},{"not_picked":["Endless Agony","Acrobatics","Deadly Poison","Dodge and Roll"],"picked":"SKIP","floor":13},{"not_picked":["Corpse Explosion","Die Die Die","Glass Knife"],"picked":"Adrenaline","floor":16},{"not_picked":["Slice","Bane","Backflip","Crippling Poison"],"picked":"SKIP","floor":18},{"not_picked":["Dagger Throw","Deadly Poison","Sucker Punch+1","Dagger Spray"],"picked":"SKIP","floor":21},{"not_picked":["Reflex","Dagger Throw","Leg Sweep"],"picked":"Backstab","floor":22},{"not_picked":["Bane","Corpse Explosion","Distraction"],"picked":"Endless Agony","floor":24},{"not_picked":["Acrobatics","All Out Attack","Caltrops"],"picked":"Blade Dance","floor":29},{"not_picked":["Deadly Poison","Eviscerate","Crippling Poison+1"],"picked":"Blade Dance","floor":31},{"not_picked":["Glass Knife","Unload","Wraith Form v2"],"picked":"Adrenaline","floor":33},{"not_picked":["Sucker Punch+1","Dash+1","Slice"],"picked":"Blade Dance+1","floor":35},{"not_picked":["Underhanded Strike","Noxious Fumes+1","Quick Slash","Catalyst+1"],"picked":"SKIP","floor":36},{"not_picked":["Transmutation","Metamorphosis","Bandage Up"],"picked":"Trip","floor":37},{"not_picked":["Calculated Gamble","Flechettes","Bane","Underhanded Strike"],"picked":"SKIP","floor":41},{"not_picked":["Endless Agony+1","Deadly Poison+1","Dagger Spray","Backflip+1"],"picked":"SKIP","floor":42},{"not_picked":["Poisoned Stab","Catalyst","Dash","Sucker Punch"],"picked":"SKIP","floor":46}],"player_experience":41617,"relics_obtained":[{"floor":2,"key":"Bag of Preparation"},{"floor":4,"key":"Bottled Lightning"},{"floor":7,"key":"Kunai"},{"floor":9,"key":"Bottled Flame"},{"floor":12,"key":"Question Card"},{"floor":24,"key":"MawBank"},{"floor":26,"key":"Vajra"},{"floor":39,"key":"Thread and Needle"},{"floor":43,"key":"Orichalcum"},{"floor":46,"key":"Unceasing Top"}],"event_choices":[{"damage_healed":0,"gold_gain":0,"player_choice":"Relic","damage_taken":0,"max_hp_gain":0,"max_hp_loss":0,"event_name":"Wheel of Change","floor":2,"gold_loss":0},{"cards_removed":["Defend_G"],"damage_healed":0,"gold_gain":0,"player_choice":"Forget","damage_taken":0,"max_hp_gain":0,"max_hp_loss":0,"event_name":"Living Wall","floor":14,"gold_loss":0},{"damage_healed":0,"gold_gain":0,"player_choice":"Got Potions","damage_taken":0,"max_hp_gain":0,"max_hp_loss":0,"event_name":"Lab","floor":19,"gold_loss":0},{"damage_healed":0,"gold_gain":0,"player_choice":"Memory 1","damage_taken":0,"max_hp_gain":0,"max_hp_loss":0,"event_name":"SensoryStone","floor":37,"gold_loss":0},{"damage_healed":0,"gold_gain":0,"player_choice":"Fight","damage_taken":0,"max_hp_gain":0,"max_hp_loss":0,"event_name":"MindBloom","floor":39,"gold_loss":0},{"damage_healed":0,"gold_gain":0,"player_choice":"Max HP","damage_taken":0,"max_hp_gain":0,"max_hp_loss":4,"event_name":"Winding Halls","floor":45,"gold_loss":0},{"cards_removed":["Strike_G"],"damage_healed":0,"gold_gain":0,"player_choice":"Removed Attack","damage_taken":0,"max_hp_gain":0,"max_hp_loss":0,"event_name":"Falling","floor":48,"gold_loss":0}],"is_beta":false,"boss_relics":[{"not_picked":["Ectoplasm","Velvet Choker"],"picked":"Lizard Tail"},{"not_picked":["Runic Dome","Cursed Key"],"picked":"WristBlade"}],"items_purged_floors":[10,20],"is_endless":false,"potions_floor_spawned":[3,5,11,12,22,29,42,46],"ascension_level":0}