{"gold_per_floor":[117,117,117,42,59,59,92,92,118,118,131,161,171,189,189,265,265,265,27,27,27,27,27,27,27,27,27,27,27,27,27,27,27,27,27,27,27,27,27,27,27,27,27,27,27,27,27,27,27,27],"floor_reached":51,"playtime":4187,"items_purged":["Strike_G","Strike_G"],"score":1423,"play_id":"d6cb2958-6f26-490a-8df3-76030b739cf4","local_time":"20190423190051","is_ascension_mode":true,"campfire_choices":[{"data":"Neutralize","floor":6.0,"key":"SMITH"},{"data":"Cloak And Dagger","floor":8.0,"key":"SMITH"},{"data":"Poisoned Stab","floor":10.0,"key":"SMITH"},{"floor":15.0,"key":"REST"},{"data":"Envenom","floor":23.0,"key":"SMITH"},{"floor":25.0,"key":"REST"},{"data":"Catalyst","floor":29.0,"key":"SMITH"},{"floor":32.0,"key":"REST"},{"data":"Footwork","floor":42.0,"key":"SMITH"},{"data":"Noxious Fumes","floor":44.0,"key":"SMITH"},{"data":"Calculated Gamble","floor":49,"key":"SMITH"}],"neow_cost":"PERCENT_DAMAGE","seed_source_timestamp":12742045241683,"circlet_count":0,"master_deck":["AscendersBane","Defend_G","Defend_G","Defend_G","Defend_G","Defend_G","Strike_G","Strike_G","Strike_G","Survivor","Neutralize+1","Cloak And Dagger+1","Dash","Footwork+1","Poisoned Stab+1","Crippling Poison","Envenom+1","Bouncing Flask","Catalyst+1","Infinite Blades","Noxious Fumes+1","Leg Sweep","Blur","Dodge and Roll","Corpse Explosion","Dramatic Entrance","Calculated Gamble+1","Doubt"],"special_seed":0,"relics":["Ring of the Snake","Bronze Scales","Art of War","Anchor","Oddly Smooth Stone","Ectoplasm","Du-Vu Doll","Blue Candle","PreservedInsect","Runic Pyramid","Mummified Hand","Tingsha","Singing Bowl"],"potions_floor_usage":[48,48],"damage_taken":[{"damage":0.0,"enemies":"2 Louse","floor":1.0,"turns":4.0},{"damage":0.0,"enemies":"Small Slimes","floor":5.0,"turns":3.0},{"damage":12.0,"enemies":"Lagavulin","floor":7.0,"turns":10.0},{"damage":0.0,"enemies":"Cultist","floor":11.0,"turns":2.0},{"damage":26.0,"enemies":"Gremlin Nob","floor":12.0,"turns":5.0},{"damage":0.0,"enemies":"Red Slaver","floor":13.0,"turns":3.0},{"damage":0.0,"enemies":"Gremlin Gang","floor":14.0,"turns":5.0},{"damage":0.0,"enemies":"The Guardian","floor":16.0,"turns":10.0},{"damage":5.0,"enemies":"Spheric Guardian","floor":18.0,"turns":5.0},{"damage":4.0,"enemies":"Shell Parasite","floor":20.0,"turns":4.0},{"damage":14.0,"enemies":"Snake Plant","floor":21.0,"turns":4.0},{"damage":22.0,"enemies":"Gremlin Leader","floor":24.0,"turns":8.0},{"damage":0.0,"enemies":"Centurion and Healer","floor":27.0,"turns":6.0},{"damage":8.0,"enemies":"Book of Stabbing","floor":28.0,"turns":5.0},{"damage":1.0,"enemies":"Snecko","floor":30.0,"turns":4.0},{"damage":7.0,"enemies":"Snake Plant","floor":31.0,"turns":3.0},{"damage":48.0,"enemies":"Collector","floor":33.0,"turns":11.0},{"damage":9.0,"enemies":"3 Darklings","floor":35.0,"turns":2.0},{"damage":0.0,"enemies":"3 Shapes","floor":36.0,"turns":6.0},{"damage":12.0,"enemies":"Giant Head","floor":40.0,"turns":9.0},{"damage":0.0,"enemies":"Spire Growth","floor":45.0,"turns":5.0},{"damage":4,"enemies":"Reptomancer","floor":48,"turns":7},{"damage":49,"enemies":"Awakened One","floor":50,"turns":17}],"seed_played":"3524658092153587312","potions_obtained":[{"floor":5.0,"key":"SteroidPotion"},{"floor":7.0,"key":"Dexterity Potion"},{"floor":13.0,"key":"Weak Potion"},{"floor":16.0,"key":"Energy Potion"},{"floor":18.0,"key":"SteroidPotion"},{"floor":21.0,"key":"SpeedPotion"},{"floor":24.0,"key":"LiquidBronze"},{"floor":35.0,"key":"Fire Potion"},{"floor":36.0,"key":"SpeedPotion"}],"is_trial":false,"path_per_floor":["M","?","?","$","M","R","E","R","T","R","M","E","M","M","R","B",null,"M","$","M","M","?","R","E","R","T","M","E","R","M","M","R","B",null,"M","M","?","$","?","E","$","R","T","R","M","?","$","E","R","B",null],"character_chosen":"THE_SILENT","items_purchased":["Catalyst","Infinite Blades"],"campfire_rested":3,"item_purchase_floors":[19,19],"current_hp_per_floor":[56,49,49,49,49,49,37,37,37,37,37,11,11,11,34,34,67,62,62,58,44,44,44,22,45,45,45,37,37,36,29,52,4,60,51,51,51,51,51,39,39,39,39,39,39,74,74,72,72,23],"gold":27,"neow_bonus":"TWENTY_PERCENT_HP_BONUS","is_prod":false,"is_daily":false,"chose_seed":false,"campfire_upgraded":8,"win_rate":0,"timestamp":1556064051,"path_taken":["M","?","?","$","M","R","E","R","T","R","M","E","M","M","R","BOSS","M","$","M","M","?","R","E","R","T","?","E","R","M","M","R","BOSS","M","?","?","$","?","E","?","R","T","R","M","?","$","E","R","BOSS"],"build_version":"2019-01-23","purchased_purges":2,"victory":true,"max_hp_per_floor":[78,78,78,78,78,78,78,78,78,78,78,78,78,78,78,78,78,78,78,78,78,78,78,78,78,78,78,78,78,78,78,78,78,78,78,78,78,78,74,74,74,74,74,74,74,74,74,76,76,76],"card_choices":[{"not_picked":["Acrobatics","Choke"],"picked":"Cloak And Dagger","floor":1.0},{"not_picked":["Bane","Deadly Poison"],"picked":"Footwork","floor":5.0},{"not_picked":["Terror","Underhanded Strike"],"picked":"Poisoned Stab","floor":7.0},{"not_picked":["Blade Dance","Bane","Cloak And Dagger"],"picked":"SKIP","floor":11.0},{"not_picked":["Bouncing Flask","Finisher","Storm of Steel"],"picked":"SKIP","floor":12.0},{"not_picked":["Bane","Acrobatics"],"picked":"Crippling Poison","floor":13.0},{"not_picked":["Quick Slash","Blade Dance","Skewer"],"picked":"SKIP","floor":14.0},{"not_picked":["Wraith Form v2","Bullet Time"],"picked":"Envenom","floor":16.0},{"not_picked":["Blade Dance","Underhanded Strike"],"picked":"Bouncing Flask","floor":18.0},{"not_picked":["Sucker Punch","Dagger Spray","Flying Knee"],"picked":"SKIP","floor":20.0},{"not_picked":["PiercingWail+1","Deadly Poison"],"picked":"Noxious Fumes","floor":21.0},{"not_picked":["Backflip","Bouncing Flask"],"picked":"Leg Sweep","floor":24.0},{"not_picked":["Backflip","Cloak And Dagger"],"picked":"Blur","floor":27.0},{"not_picked":["Flechettes","Sucker Punch","A Thousand Cuts"],"picked":"SKIP","floor":28.0},{"not_picked":["Sucker Punch","Tactician+1","Deadly Poison"],"picked":"SKIP","floor":30.0},{"not_picked":["Sucker Punch","Quick Slash"],"picked":"Dodge and Roll","floor":31.0},{"not_picked":["A Thousand Cuts","Venomology"],"picked":"Corpse Explosion","floor":33.0},{"not_picked":["Deflect","Dagger Spray","Poisoned Stab"],"picked":"SKIP","floor":35.0},{"not_picked":["Acrobatics","Blade Dance+1","Deflect"],"picked":"SKIP","floor":36.0},{"not_picked":["Panacea","Mayhem"],"picked":"Dramatic Entrance","floor":37.0},{"not_picked":["All Out Attack","Quick Slash","Deflect"],"picked":"SKIP","floor":40.0},{"not_picked":["Endless Agony+1","Blur"],"picked":"Calculated Gamble","floor":45.0},{"not_picked":["Dagger Spray","Poisoned Stab","Outmaneuver"],"picked":"Singing Bowl","floor":48}],"player_experience":803043,"relics_obtained":[{"floor":7.0,"key":"Art of War"},{"floor":9.0,"key":"Anchor"},{"floor":12.0,"key":"Oddly Smooth Stone"},{"floor":24.0,"key":"Du-Vu Doll"},{"floor":26.0,"key":"Blue Candle"},{"floor":28.0,"key":"PreservedInsect"},{"floor":40.0,"key":"Mummified Hand"},{"floor":43.0,"key":"Tingsha"},{"floor":48,"key":"Singing Bowl"}],"event_choices":[{"damage_healed":0.0,"max_hp_gain":0.0,"max_hp_loss":0.0,"gold_gain":0.0,"event_name":"Scrap Ooze","player_choice":"Success","floor":2.0,"gold_loss":0.0,"damage_taken":7.0,"relics_obtained":["Bronze Scales"]},{"damage_healed":0.0,"max_hp_gain":0.0,"max_hp_loss":0.0,"gold_gain":0.0,"event_name":"Match and Keep!","player_choice":"1 cards matched","floor":3.0,"gold_loss":0.0,"damage_taken":0.0,"cards_obtained":["Dash"]},{"damage_healed":0.0,"max_hp_gain":0.0,"max_hp_loss":0.0,"gold_gain":0.0,"event_name":"Match and Keep!","player_choice":"1 cards matched","floor":3.0,"gold_loss":0.0,"damage_taken":0.0,"cards_obtained":["Dash"]},{"damage_healed":0.0,"max_hp_gain":0.0,"max_hp_loss":0.0,"gold_gain":0.0,"event_name":"Match and Keep!","player_choice":"0 cards matched","floor":22.0,"gold_loss":0.0,"damage_taken":0.0,"cards_obtained":[]},{"damage_healed":0.0,"max_hp_gain":0.0,"max_hp_loss":0.0,"gold_gain":0.0,"event_name":"SensoryStone","player_choice":"Memory 1","floor":37.0,"gold_loss":0.0,"damage_taken":0.0},{"damage_healed":0.0,"max_hp_gain":0.0,"max_hp_loss":4.0,"gold_gain":0.0,"event_name":"Winding Halls","player_choice":"Max HP","floor":39.0,"gold_loss":0.0,"damage_taken":0.0},{"damage_healed":35.0,"max_hp_gain":0.0,"max_hp_loss":0.0,"gold_gain":0.0,"event_name":"MindBloom","player_choice":"Heal","floor":46.0,"gold_loss":0.0,"damage_taken":0.0,"cards_obtained":["Doubt"]}],"is_beta":false,"boss_relics":[{"not_picked":["Tiny House","HoveringKite"],"picked":"Ectoplasm"},{"not_picked":["Empty Cage","Pandora\u0027s Box"],"picked":"Runic Pyramid"}],"items_purged_floors":[4,19],"is_endless":false,"potions_floor_spawned":[5,7,13,16,18,21,24,35,36],"ascension_level":14}