{"gold_per_floor":[10,21,33,43,55,55,67,96,122,122,47,47,63,80,80,185,185,204,204,217,240,253,253,253],"floor_reached":24,"playtime":3170,"items_purged":["Strike_B"],"score":242,"play_id":"c5453d58-1785-4218-bc1e-bb472cff129b","local_time":"20180718215607","is_ascension_mode":true,"campfire_choices":[{"data":"Genetic Algorithm","floor":6.0,"key":"SMITH"},{"data":"Electrodynamics","floor":12.0,"key":"SMITH"},{"data":"Zap","floor":15.0,"key":"SMITH"},{"data":"Chaos","floor":23,"key":"SMITH"}],"neow_cost":"NO_GOLD","seed_source_timestamp":0,"circlet_count":0,"master_deck":["Strike_B","Strike_B","Defend_B","Defend_B","Defend_B","Defend_B","Zap+1","Dualcast","Auto Shields","Genetic Algorithm+1","Cold Snap","Capacitor","Electrodynamics+1","Leap","White Noise","Ball Lightning","Leap","Multi-Cast","Cold Snap","Redo","Chaos+1","Go for the Eyes","Conserve Battery","Darkness+1","Conserve Battery","Cold Snap"],"special_seed":0,"relics":["Cracked Core","Anchor","Omamori","Orrery","Oddly Smooth Stone"],"potions_floor_usage":[18,20,24],"damage_taken":[{"damage":8.0,"enemies":"Small Slimes","floor":1.0,"turns":3.0},{"damage":0.0,"enemies":"Cultist","floor":2.0,"turns":3.0},{"damage":4.0,"enemies":"2 Louse","floor":3.0,"turns":3.0},{"damage":4.0,"enemies":"Blue Slaver","floor":4.0,"turns":6.0},{"damage":28.0,"enemies":"Exordium Wildlife","floor":5.0,"turns":6.0},{"damage":7.0,"enemies":"Lots of Slimes","floor":7.0,"turns":2.0},{"damage":4.0,"enemies":"3 Sentries","floor":8.0,"turns":3.0},{"damage":0.0,"enemies":"3 Louse","floor":13.0,"turns":3.0},{"damage":0.0,"enemies":"Red Slaver","floor":14.0,"turns":3.0},{"damage":4.0,"enemies":"Hexaghost","floor":16.0,"turns":10.0},{"damage":5,"enemies":"2 Thieves","floor":18,"turns":3},{"damage":0,"enemies":"3 Byrds","floor":20,"turns":1},{"damage":20,"enemies":"Snake Plant","floor":22,"turns":5},{"damage":78,"enemies":"Gremlin Leader","floor":24,"turns":12}],"seed_played":"7765198923129168798","potions_obtained":[{"floor":2.0,"key":"Energy Potion"},{"floor":4.0,"key":"Swift Potion"},{"floor":13.0,"key":"Swift Potion"},{"floor":20,"key":"LiquidBronze"}],"is_trial":false,"path_per_floor":["M","M","M","M","M","R","M","E","T","?","$","R","M","M","R","B",null,"M","?","M","T","M","R"],"character_chosen":"DEFECT","items_purchased":[],"campfire_rested":0,"item_purchase_floors":[],"current_hp_per_floor":[81,81,77,73,45,45,38,34,34,34,34,34,34,34,34,30,89,84,84,84,84,64,64,0],"gold":253,"neow_bonus":"TWENTY_PERCENT_HP_BONUS","is_prod":false,"is_daily":false,"chose_seed":false,"campfire_upgraded":4,"win_rate":0,"timestamp":1531976167,"path_taken":["M","M","M","M","M","R","M","E","T","?","$","R","?","M","R","BOSS","M","?","M","?","?","R","E"],"build_version":"2018-07-12","purchased_purges":1,"victory":false,"max_hp_per_floor":[89,89,89,89,89,89,89,89,89,89,89,89,89,89,89,89,89,89,89,89,89,89,89,89],"card_choices":[{"not_picked":["Compile Driver","Reprogram"],"picked":"Auto Shields","floor":1.0},{"not_picked":["Redo","Ball Lightning"],"picked":"Genetic Algorithm","floor":2.0},{"not_picked":["Rip and Tear","Conserve Battery"],"picked":"Cold Snap","floor":3.0},{"not_picked":["Rip and Tear","Beam Cell"],"picked":"Capacitor","floor":4.0},{"not_picked":["Sweeping Beam","Cold Snap"],"picked":"Electrodynamics","floor":5.0},{"not_picked":["Undo","Lockon","Reprogram"],"picked":"SKIP","floor":7.0},{"not_picked":["Gash","Blizzard"],"picked":"Leap","floor":8.0},{"not_picked":["Redo","Coolheaded"],"picked":"Ball Lightning","floor":13.0},{"not_picked":["Stack","Chill"],"picked":"Leap","floor":14.0},{"not_picked":["Electrodynamics","Biased Cognition"],"picked":"Multi-Cast","floor":16.0},{"not_picked":["Compile Driver","Capacitor"],"picked":"Cold Snap","floor":17.0},{"not_picked":["Ball Lightning","Beam Cell"],"picked":"Redo","floor":17.0},{"not_picked":["Coolheaded","Sweeping Beam"],"picked":"Chaos","floor":17.0},{"not_picked":["Hologram","Barrage"],"picked":"Go for the Eyes","floor":17.0},{"not_picked":["Reprogram","Seek"],"picked":"Conserve Battery","floor":17.0},{"not_picked":["Turbo","Aggregate"],"picked":"Darkness+1","floor":18},{"not_picked":["Leap","Gash"],"picked":"Conserve Battery","floor":20},{"not_picked":["Coolheaded","Capacitor"],"picked":"Cold Snap","floor":22}],"player_experience":634409,"relics_obtained":[{"floor":8.0,"key":"Anchor"},{"floor":9.0,"key":"Omamori"},{"floor":21,"key":"Oddly Smooth Stone"}],"event_choices":[{"event_name":"Transmorgrifier","player_choice":"Transform","floor":10.0,"damage_taken":0.0},{"event_name":"Ghosts","player_choice":"Ignored","floor":19,"damage_taken":0}],"boss_relics":[{"not_picked":["Lizard Tail","White Beast Statue"],"picked":"Orrery"}],"items_purged_floors":[11],"is_endless":false,"potions_floor_spawned":[2,4,13,14,20],"killed_by":"Gremlin Leader","ascension_level":4}