{"gold_per_floor":[111,4,4,20,20,20,45,45,69,97,111,124,450,468,468,542,542,542,251,251,251,151,151,151,151,151,151,151,151,151,101,101,101,101,101,101,101,78,78,78,78,78,78,29,0,0,0,0,0,0],"floor_reached":51,"playtime":3002,"items_purged":["Strike_G","Strike_G"],"score":1471,"play_id":"b2fd408f-ef58-4653-b03c-7af47ce0175b","local_time":"20181016193505","is_ascension_mode":true,"campfire_choices":[{"data":"Dagger Spray","floor":6.0,"key":"SMITH"},{"floor":8.0,"key":"REST"},{"data":"Footwork","floor":15.0,"key":"SMITH"},{"data":"A Thousand Cuts","floor":23.0,"key":"SMITH"},{"data":"Dash","floor":25.0,"key":"SMITH"},{"data":"Dash","floor":27.0,"key":"SMITH"},{"data":"Well Laid Plans","floor":32.0,"key":"SMITH"},{"data":"Envenom","floor":49,"key":"SMITH"}],"neow_cost":"NONE","seed_source_timestamp":0,"circlet_count":0,"master_deck":["Defend_G","Defend_G","Defend_G+1","Defend_G","Defend_G","Strike_G","Strike_G+1","Survivor","Neutralize","AscendersBane","Dash+1","Footwork+1","Cloak And Dagger+1","Dagger Spray+1","Adrenaline","Dash+1","Leg Sweep","Dagger Throw","Crippling Poison","A Thousand Cuts+1","Well Laid Plans+1","Escape Plan","Dash+1","Envenom+1","Distraction+1","Blade Dance","PiercingWail","Backstab","Poisoned Stab+1","Die Die Die+1","Doubt"],"special_seed":0,"relics":["Ring of the Snake","Boot","Letter Opener","Happy Flower","Oddly Smooth Stone","Old Coin","Ectoplasm","Whetstone","Singing Bowl","Blue Candle","Matryoshka","Orichalcum","War Paint","Regal Pillow","Coffee Dripper","Molten Egg 2","Bag of Marbles","MawBank","Red Mask"],"potions_floor_usage":[47,50,50],"damage_taken":[{"damage":12.0,"enemies":"Jaw Worm","floor":1.0,"turns":8.0},{"damage":2.0,"enemies":"Small Slimes","floor":4.0,"turns":5.0},{"damage":26.0,"enemies":"Gremlin Nob","floor":7.0,"turns":6.0},{"damage":4.0,"enemies":"Lagavulin","floor":10.0,"turns":9.0},{"damage":0.0,"enemies":"Cultist","floor":11.0,"turns":4.0},{"damage":0.0,"enemies":"3 Louse","floor":12.0,"turns":2.0},{"damage":2.0,"enemies":"3 Sentries","floor":13.0,"turns":7.0},{"damage":0.0,"enemies":"2 Fungi Beasts","floor":14.0,"turns":4.0},{"damage":0.0,"enemies":"Slime Boss","floor":16.0,"turns":13.0},{"damage":3.0,"enemies":"3 Byrds","floor":18.0,"turns":4.0},{"damage":2.0,"enemies":"Spheric Guardian","floor":21.0,"turns":4.0},{"damage":0.0,"enemies":"Book of Stabbing","floor":24.0,"turns":6.0},{"damage":11.0,"enemies":"Slavers","floor":28.0,"turns":4.0},{"damage":10.0,"enemies":"Gremlin Leader","floor":30.0,"turns":8.0},{"damage":0.0,"enemies":"Automaton","floor":33.0,"turns":10.0},{"damage":1.0,"enemies":"3 Darklings","floor":35.0,"turns":5.0},{"damage":0.0,"enemies":"3 Shapes","floor":36.0,"turns":2.0},{"damage":18.0,"enemies":"Reptomancer","floor":39.0,"turns":6.0},{"damage":16.0,"enemies":"Giant Head","floor":40.0,"turns":10.0},{"damage":5.0,"enemies":"Maw","floor":42.0,"turns":8.0},{"damage":1,"enemies":"Spire Growth","floor":46,"turns":5},{"damage":17,"enemies":"Transient","floor":47,"turns":5},{"damage":16,"enemies":"Awakened One","floor":50,"turns":17}],"seed_played":"-2797373770261109260","potions_obtained":[{"floor":10.0,"key":"EssenceOfSteel"},{"floor":11.0,"key":"Poison Potion"},{"floor":12.0,"key":"Fire Potion"},{"floor":24.0,"key":"EssenceOfSteel"},{"floor":28.0,"key":"Dexterity Potion"},{"floor":33.0,"key":"SkillPotion"},{"floor":35.0,"key":"Fruit Juice"},{"floor":46,"key":"Fruit Juice"},{"floor":47,"key":"SpeedPotion"}],"is_trial":false,"path_per_floor":["M","$","?","M","?","R","E","R","T","E","M","M","E","M","R","B",null,"M","$","?","M","$","R","E","R","T","R","E","T","E","?","R","B",null,"M","M","$","$","M","E","?","M","T","$","?","M","M","?","R","B"],"character_chosen":"THE_SILENT","items_purchased":["Footwork","Cloak And Dagger","Well Laid Plans","Whetstone","PiercingWail","Dexterity Potion"],"campfire_rested":1,"item_purchase_floors":[2,2,19,19,38,44],"current_hp_per_floor":[47,47,40,38,38,38,12,31,31,27,27,27,25,25,25,25,56,53,53,53,51,51,51,51,51,51,51,42,42,34,34,34,34,61,60,60,60,60,47,33,33,30,30,30,30,29,17,84,84,68],"gold":0,"neow_bonus":"RANDOM_COMMON_RELIC","is_prod":false,"is_daily":false,"chose_seed":false,"campfire_upgraded":7,"win_rate":0,"timestamp":1539743705,"path_taken":["M","$","?","M","?","R","E","R","T","E","M","M","E","M","R","BOSS","M","$","?","M","$","R","E","R","T","R","E","?","E","?","R","BOSS","M","M","?","$","M","E","?","M","T","$","?","?","?","?","R","BOSS"],"build_version":"2018-10-11","purchased_purges":2,"victory":true,"max_hp_per_floor":[66,66,66,66,66,66,66,66,66,66,66,66,66,66,66,66,66,66,66,66,66,66,66,66,66,66,66,68,68,70,70,70,70,70,70,70,70,70,75,77,77,79,79,79,79,79,84,84,84,84],"card_choices":[{"not_picked":["Bane","Masterful Stab"],"picked":"Dash","floor":1.0},{"not_picked":["Prepared","Dodge and Roll"],"picked":"Dagger Spray","floor":4.0},{"not_picked":["Acrobatics","Endless Agony"],"picked":"Adrenaline","floor":7.0},{"not_picked":["Dagger Throw","Underhanded Strike"],"picked":"Dash","floor":10.0},{"not_picked":["Acrobatics","Bane"],"picked":"Leg Sweep","floor":11.0},{"not_picked":["Acrobatics","Slice"],"picked":"Dagger Throw","floor":12.0},{"not_picked":["Sucker Punch","Skewer"],"picked":"Crippling Poison","floor":13.0},{"not_picked":["Reflex","Dagger Throw","Phantasmal Killer"],"picked":"SKIP","floor":14.0},{"not_picked":["Burst","Unload"],"picked":"A Thousand Cuts","floor":16.0},{"not_picked":["Tactician","Poisoned Stab+1"],"picked":"Infinite Blades","floor":18.0},{"not_picked":["Deflect+1","Bouncing Flask"],"picked":"Escape Plan","floor":21.0},{"not_picked":["Night Terror","Leg Sweep"],"picked":"Dash","floor":24.0},{"not_picked":["Underhanded Strike+1","Setup","Infinite Blades"],"picked":"Singing Bowl","floor":28.0},{"not_picked":["Outmaneuver","Sucker Punch","Underhanded Strike"],"picked":"Singing Bowl","floor":30.0},{"not_picked":["Venomology","Corpse Explosion"],"picked":"Envenom","floor":33.0},{"not_picked":["Sucker Punch","Expertise"],"picked":"Distraction+1","floor":35.0},{"not_picked":["Poisoned Stab","Flying Knee"],"picked":"Blade Dance","floor":36.0},{"not_picked":["Prepared","Sucker Punch"],"picked":"Backstab","floor":39.0},{"not_picked":["Distraction","Accuracy","Bane+1"],"picked":"Singing Bowl","floor":40.0},{"not_picked":["Bane+1","Slice+1","Blade Dance"],"picked":"Singing Bowl","floor":42.0},{"not_picked":["Prepared","Slice+1"],"picked":"Poisoned Stab+1","floor":46},{"not_picked":["Dodge and Roll","PiercingWail"],"picked":"Die Die Die+1","floor":47}],"player_experience":945528,"relics_obtained":[{"floor":7.0,"key":"Letter Opener"},{"floor":9.0,"key":"Happy Flower"},{"floor":10.0,"key":"Oddly Smooth Stone"},{"floor":13.0,"key":"Old Coin"},{"floor":24.0,"key":"Singing Bowl"},{"floor":26.0,"key":"Blue Candle"},{"floor":28.0,"key":"Matryoshka"},{"floor":29.0,"key":"Orichalcum"},{"floor":29.0,"key":"War Paint"},{"floor":30.0,"key":"Regal Pillow"},{"floor":40.0,"key":"Molten Egg 2"},{"floor":43.0,"key":"Bag of Marbles"},{"floor":43.0,"key":"MawBank"}],"event_choices":[{"event_name":"Golden Wing","player_choice":"Card Removal","floor":3.0,"damage_taken":0.0},{"event_name":"The Cleric","player_choice":"Leave","floor":5.0,"damage_taken":0.0},{"event_name":"Ghosts","player_choice":"Ignored","floor":20.0,"damage_taken":0.0},{"event_name":"The Joust","player_choice":"Bet on Owner","floor":31.0,"damage_taken":0.0},{"event_name":"Falling","player_choice":"Removed Power","floor":41.0,"damage_taken":0.0},{"event_name":"Tomb of Lord Red Mask","player_choice":"Paid","floor":45,"damage_taken":0},{"event_name":"MindBloom","player_choice":"Heal","floor":48,"damage_taken":0}],"is_beta":false,"boss_relics":[{"not_picked":["Ring of the Serpent","Empty Cage"],"picked":"Ectoplasm"},{"not_picked":["Black Star","Runic Dome"],"picked":"Coffee Dripper"}],"items_purged_floors":[19,22],"is_endless":false,"potions_floor_spawned":[10,11,12,13,24,28,33,35,36,46,47],"ascension_level":15}