{"gold_per_floor":[118,218,235,246,265,265,295,315,315,9,20,46,46,73,73,148,148,166,181,196,41,41],"floor_reached":22,"playtime":2179,"items_purged":[],"score":368,"play_id":"a9f1b9a1-448e-4600-a3ef-e23cb10cf11f","local_time":"20190203114923","is_ascension_mode":true,"campfire_choices":[{"data":"Bash","floor":6.0,"key":"SMITH"},{"data":"Armaments","floor":13.0,"key":"SMITH"},{"data":"Disarm","floor":15.0,"key":"SMITH"}],"neow_cost":"NONE","seed_source_timestamp":176789926499250,"circlet_count":0,"master_deck":["AscendersBane","Strike_R","Strike_R+1","Strike_R","Strike_R","Defend_R","Defend_R","Defend_R","Defend_R","Bash+1","Heavy Blade+1","Cleave","Twin Strike","Disarm+1","Armaments+1","Ghostly Armor","Inflame","Power Through","Inflame","Anger","Impervious","Feed","Hemokinesis","Inflame+1","Inflame+1","Seeing Red","Clothesline","True Grit","Good Instincts"],"special_seed":0,"relics":["Burning Blood","Whetstone","Singing Bowl","DollysMirror","Incense Burner","Frozen Egg 2","Orrery"],"potions_floor_usage":[19,20,22,22],"damage_taken":[{"damage":0.0,"enemies":"Small Slimes","floor":1.0,"turns":3.0},{"damage":1.0,"enemies":"Cultist","floor":3.0,"turns":3.0},{"damage":9.0,"enemies":"Jaw Worm","floor":4.0,"turns":4.0},{"damage":16.0,"enemies":"Blue Slaver","floor":5.0,"turns":5.0},{"damage":30.0,"enemies":"Lagavulin","floor":7.0,"turns":7.0},{"damage":3.0,"enemies":"2 Fungi Beasts","floor":8.0,"turns":4.0},{"damage":0.0,"enemies":"Large Slime","floor":11.0,"turns":5.0},{"damage":10.0,"enemies":"3 Sentries","floor":12.0,"turns":5.0},{"damage":10.0,"enemies":"Lagavulin","floor":14.0,"turns":6.0},{"damage":19.0,"enemies":"The Guardian","floor":16.0,"turns":11.0},{"damage":49.0,"enemies":"3 Byrds","floor":18.0,"turns":8.0},{"damage":43,"enemies":"Chosen","floor":19,"turns":7},{"damage":16,"enemies":"Snecko","floor":20,"turns":5},{"damage":38,"enemies":"Chosen and Byrds","floor":22,"turns":6}],"seed_played":"-1090368070472181193","potions_obtained":[{"floor":3.0,"key":"LiquidBronze"},{"floor":4.0,"key":"Regen Potion"},{"floor":5.0,"key":"Energy Potion"},{"floor":7.0,"key":"BloodPotion"},{"floor":19,"key":"Regen Potion"},{"floor":20,"key":"Fire Potion"}],"is_trial":false,"path_per_floor":["M","?","M","M","M","R","E","M","T","$","M","E","R","E","R","B",null,"M","M","M","$","M"],"character_chosen":"IRONCLAD","items_purchased":["Inflame","Power Through","DollysMirror","Good Instincts","Regen Potion"],"campfire_rested":0,"item_purchase_floors":[10,10,10,21,21],"current_hp_per_floor":[78,78,80,77,67,67,43,46,46,46,52,48,48,46,46,33,74,31,9,7,7,0],"gold":41,"neow_bonus":"TRANSFORM_CARD","is_prod":false,"is_daily":false,"chose_seed":false,"campfire_upgraded":3,"win_rate":0,"timestamp":1549190963,"path_taken":["M","?","M","?","M","R","E","M","T","$","M","E","R","E","R","BOSS","M","M","M","$","M"],"build_version":"2019-01-23","purchased_purges":0,"victory":false,"max_hp_per_floor":[80,80,80,80,80,80,80,80,80,80,80,80,80,82,82,82,86,86,86,86,86,86],"card_choices":[{"not_picked":["Iron Wave","Heavy Blade"],"picked":"Cleave","floor":1.0},{"not_picked":["Barricade","Armaments"],"picked":"Twin Strike","floor":3.0},{"not_picked":["Dropkick","Body Slam"],"picked":"Disarm","floor":4.0},{"not_picked":["Cleave","Headbutt","Twin Strike"],"picked":"SKIP","floor":5.0},{"not_picked":["Dual Wield","Battle Trance"],"picked":"Armaments","floor":7.0},{"not_picked":["Corruption","Intimidate"],"picked":"Ghostly Armor","floor":8.0},{"not_picked":["Feel No Pain","Warcry"],"picked":"Anger","floor":11.0},{"not_picked":["Clothesline","Flex"],"picked":"Impervious","floor":12.0},{"not_picked":["Iron Wave","Warcry","Cleave"],"picked":"Singing Bowl","floor":14.0},{"not_picked":["Bludgeon","Immolate"],"picked":"Feed","floor":16.0},{"not_picked":["Rampage","Body Slam"],"picked":"Hemokinesis","floor":17.0},{"not_picked":["Sentinel","Body Slam","Twin Strike"],"picked":"Singing Bowl","floor":17.0},{"not_picked":["Fire Breathing+1","Headbutt"],"picked":"Inflame+1","floor":17.0},{"not_picked":["Exhume","True Grit"],"picked":"Inflame+1","floor":17.0},{"not_picked":["Combust+1","Armaments","Pommel Strike"],"picked":"Singing Bowl","floor":17.0},{"not_picked":["Sword Boomerang","Hemokinesis"],"picked":"Seeing Red","floor":18.0},{"not_picked":["Body Slam+1","Headbutt"],"picked":"Clothesline","floor":19},{"not_picked":["Heavy Blade","Berserk+1"],"picked":"True Grit","floor":20}],"player_experience":270831,"relics_obtained":[{"floor":7.0,"key":"Whetstone"},{"floor":9.0,"key":"Singing Bowl"},{"floor":12.0,"key":"Incense Burner"},{"floor":14.0,"key":"Frozen Egg 2"}],"event_choices":[{"damage_healed":0.0,"max_hp_gain":0.0,"max_hp_loss":0.0,"gold_gain":100.0,"event_name":"Golden Shrine","player_choice":"Pray","floor":2.0,"gold_loss":0.0,"damage_taken":0.0}],"is_beta":false,"boss_relics":[{"not_picked":["Pandora\u0027s Box","Astrolabe"],"picked":"Orrery"}],"items_purged_floors":[],"is_endless":false,"potions_floor_spawned":[3,4,5,7,12,14,19,20],"killed_by":"Chosen and Byrds","ascension_level":13}