{"gold_per_floor":[10,22,22,34,46,65,76,76,76,76,94,110,110,141,141,241,241,261,111,131,131,147,147,157,174,174,174,174,174,190,209,209,209],"floor_reached":33,"playtime":1869,"items_purged":["Decay"],"score":306,"play_id":"9415bcb0-a8d0-49c7-bde8-3a5191e2bdd0","local_time":"20180718194813","is_ascension_mode":true,"campfire_choices":[{"data":"Zap","floor":8.0,"key":"SMITH"},{"data":"Static Discharge","floor":10.0,"key":"SMITH"},{"data":"Tempest","floor":13.0,"key":"SMITH"},{"floor":15.0,"key":"REST"},{"floor":23.0,"key":"REST"},{"floor":28.0,"key":"REST"},{"floor":32,"key":"REST"}],"neow_cost":"NO_GOLD","seed_source_timestamp":0,"circlet_count":0,"master_deck":["Strike_B","Strike_B","Strike_B","Defend_B","Defend_B","Defend_B","Zap+1","Dualcast","Loop","Streamline","Go for the Eyes","Defragment+1","Static Discharge+1","Conserve Battery","Tempest+1","BootSequence","Static Discharge+1","Conserve Battery+1","Ball Lightning"],"special_seed":0,"relics":["Cracked Core","Frozen Egg 2","Matryoshka","Philosopher\u0027s Stone","Ornamental Fan","Oddly Smooth Stone"],"potions_floor_usage":[33,33,33],"damage_taken":[{"damage":1.0,"enemies":"Cultist","floor":1.0,"turns":3.0},{"damage":4.0,"enemies":"Jaw Worm","floor":2.0,"turns":4.0},{"damage":9.0,"enemies":"2 Louse","floor":4.0,"turns":3.0},{"damage":9.0,"enemies":"Red Slaver","floor":5.0,"turns":3.0},{"damage":7.0,"enemies":"2 Fungi Beasts","floor":6.0,"turns":3.0},{"damage":4.0,"enemies":"Blue Slaver","floor":7.0,"turns":3.0},{"damage":2.0,"enemies":"Large Slime","floor":11.0,"turns":4.0},{"damage":7.0,"enemies":"Looter","floor":12.0,"turns":3.0},{"damage":20.0,"enemies":"Gremlin Nob","floor":14.0,"turns":4.0},{"damage":19.0,"enemies":"Slime Boss","floor":16.0,"turns":7.0},{"damage":17.0,"enemies":"Shell Parasite","floor":18.0,"turns":3.0},{"damage":1.0,"enemies":"3 Byrds","floor":20.0,"turns":2.0},{"damage":24.0,"enemies":"3 Cultists","floor":22.0,"turns":4.0},{"damage":31.0,"enemies":"Snake Plant","floor":24.0,"turns":4.0},{"damage":9.0,"enemies":"Chosen and Byrds","floor":25.0,"turns":4.0},{"damage":9,"enemies":"Cultist and Chosen","floor":30,"turns":4},{"damage":22,"enemies":"Snake Plant","floor":31,"turns":3},{"damage":36,"enemies":"Collector","floor":33,"turns":5}],"seed_played":"-7664539240361733160","potions_obtained":[{"floor":1.0,"key":"Weak Potion"},{"floor":6.0,"key":"LiquidBronze"},{"floor":14.0,"key":"FearPotion"},{"floor":16.0,"key":"Fire Potion"},{"floor":24.0,"key":"Explosive Potion"},{"floor":25.0,"key":"PowerPotion"}],"is_trial":false,"path_per_floor":["M","M","?","M","M","M","M","R","T","R","M","M","R","E","R","B",null,"M","$","M","?","M","R","M","M","T","?","R","?","M","M","R"],"character_chosen":"DEFECT","items_purchased":["Static Discharge+1"],"campfire_rested":4,"item_purchase_floors":[19],"current_hp_per_floor":[74,70,70,61,52,45,41,41,41,41,39,32,32,12,34,15,75,58,58,57,57,33,55,24,15,15,15,37,37,28,6,28,0],"gold":209,"neow_bonus":"REMOVE_TWO","is_prod":false,"is_daily":false,"chose_seed":false,"campfire_upgraded":3,"win_rate":0,"timestamp":1531968493,"path_taken":["M","M","?","M","?","M","M","R","T","R","M","M","R","E","R","BOSS","M","$","M","?","M","R","M","M","T","?","R","?","M","M","R","BOSS"],"build_version":"2018-07-12","purchased_purges":1,"victory":false,"max_hp_per_floor":[75,75,75,75,75,75,75,75,75,75,75,75,75,75,75,75,75,75,75,75,75,75,75,75,75,75,75,75,75,75,75,75,75],"card_choices":[{"not_picked":["Rebound","Coolheaded"],"picked":"Loop","floor":1.0},{"not_picked":["Rebound","Double Energy"],"picked":"Streamline","floor":2.0},{"not_picked":["Conserve Battery","Rip and Tear"],"picked":"Go for the Eyes","floor":4.0},{"not_picked":["Barrage","Rebound"],"picked":"Defragment","floor":5.0},{"not_picked":["Stack","Heatsinks","Melter"],"picked":"SKIP","floor":6.0},{"not_picked":["Skim","Recycle"],"picked":"Static Discharge","floor":7.0},{"not_picked":["Hologram","Reinforced Body"],"picked":"Conserve Battery","floor":11.0},{"not_picked":["Rebound","Gash"],"picked":"Tempest","floor":12.0},{"not_picked":["Seek","Hologram","Barrage"],"picked":"SKIP","floor":14.0},{"not_picked":["Meteor Strike","Biased Cognition+1"],"picked":"Creative AI+1","floor":16.0},{"not_picked":["Barrage","Scrape"],"picked":"BootSequence","floor":18.0},{"not_picked":["Streamline","Steam"],"picked":"Conserve Battery+1","floor":20.0},{"not_picked":["Reinforced Body","Rebound","Scrape"],"picked":"SKIP","floor":22.0},{"not_picked":["Scrape","Compile Driver","Steam+1"],"picked":"SKIP","floor":24.0},{"not_picked":["Aggregate+1","Storm+1","Sunder"],"picked":"SKIP","floor":25.0},{"not_picked":["Leap","White Noise","Heatsinks+1"],"picked":"SKIP","floor":30},{"not_picked":["Streamline","Consume"],"picked":"Ball Lightning","floor":31}],"player_experience":631610,"relics_obtained":[{"floor":9.0,"key":"Frozen Egg 2"},{"floor":14.0,"key":"Matryoshka"},{"floor":26.0,"key":"Ornamental Fan"},{"floor":26.0,"key":"Oddly Smooth Stone"}],"event_choices":[{"event_name":"Wheel of Change","player_choice":"Curse","floor":3.0,"damage_taken":0.0},{"event_name":"Upgrade Shrine","player_choice":"Upgraded","floor":21.0,"damage_taken":0.0},{"event_name":"Cursed Tome","player_choice":"Ignored","floor":27.0,"damage_taken":0.0},{"event_name":"Wheel of Change","player_choice":"Card Removal","floor":29.0,"damage_taken":0.0}],"boss_relics":[{"not_picked":["Lizard Tail","Orrery"],"picked":"Philosopher\u0027s Stone"}],"items_purged_floors":[19],"is_endless":false,"potions_floor_spawned":[1,6,14,16,24,25,30],"killed_by":"Collector","ascension_level":4}