{"gold_per_floor":[117,132,132,132,145,145,158,198,198,198,236,249,274,287,287,410,410,425,405,428,378,56,56,99,123,173,197,197,82,82,98,98,98],"floor_reached":33,"playtime":2937,"items_purged":["Strike_B"],"score":335,"play_id":"a3d39f68-094c-4257-9be4-19b9696d8329","local_time":"20180721183308","is_ascension_mode":true,"campfire_choices":[{"data":"Chaos","floor":6,"key":"SMITH"},{"floor":10,"key":"REST"},{"floor":15,"key":"REST"},{"data":"Loop","floor":23,"key":"SMITH"},{"floor":28,"key":"REST"},{"floor":30,"key":"REST"},{"data":"Defragment","floor":32,"key":"SMITH"}],"neow_cost":"NONE","seed_source_timestamp":6570005717573,"circlet_count":0,"master_deck":["Strike_B","Strike_B","Strike_B","Defend_B","Defend_B","Defend_B","Defend_B","Zap","Dualcast","Conserve Battery","Chaos+1","Conserve Battery","Glacier","Ball Lightning","Ball Lightning","Barrage","Loop+1","Seek","Barrage+1","Glacier","Redo","Go for the Eyes","Doubt","Cold Snap","Defragment+1"],"relics":["Cracked Core","Orichalcum","Golden Idol","DataDisk","Blue Candle","Du-Vu Doll","Cursed Key","Torii","Bottled Lightning","Oddly Smooth Stone"],"potions_floor_usage":[11,13,14,18,33],"damage_taken":[{"damage":0,"enemies":"2 Louse","floor":1,"turns":2},{"damage":0,"enemies":"Cultist","floor":2,"turns":3},{"damage":0,"enemies":"Small Slimes","floor":5,"turns":2},{"damage":10,"enemies":"Blue Slaver","floor":7,"turns":4},{"damage":13,"enemies":"3 Sentries","floor":8,"turns":10},{"damage":20,"enemies":"Gremlin Nob","floor":11,"turns":5},{"damage":0,"enemies":"Exordium Wildlife","floor":12,"turns":3},{"damage":10,"enemies":"Exordium Thugs","floor":13,"turns":6},{"damage":6,"enemies":"Gremlin Gang","floor":14,"turns":3},{"damage":4,"enemies":"Slime Boss","floor":16,"turns":7},{"damage":24,"enemies":"3 Byrds","floor":18,"turns":5},{"damage":4,"enemies":"Spheric Guardian","floor":20,"turns":3},{"damage":31,"enemies":"Slavers","floor":24,"turns":8},{"damage":9,"enemies":"Snake Plant","floor":25,"turns":3},{"damage":0,"enemies":"Centurion and Healer","floor":27,"turns":5},{"damage":2,"enemies":"Cultist and Chosen","floor":31,"turns":6},{"damage":61,"enemies":"Champ","floor":33,"turns":16}],"seed_played":"-2012981601339277743","potions_obtained":[{"floor":1,"key":"Poison Potion"},{"floor":2,"key":"SpeedPotion"},{"floor":7,"key":"SpeedPotion"},{"floor":11,"key":"SkillPotion"},{"floor":13,"key":"SneckoOil"},{"floor":16,"key":"Fruit Juice"},{"floor":19,"key":"Ancient Potion"}],"is_trial":false,"path_per_floor":["M","M","?","?","M","R","M","E","T","R","E","M","M","M","R","B",null,"M","?","M","?","$","R","E","M","T","M","R","$","R","M","R"],"character_chosen":"DEFECT","items_purchased":["Torii","Redo","Defragment"],"campfire_rested":4,"item_purchase_floors":[22,22,29],"current_hp_per_floor":[75,75,75,57,57,57,47,34,34,56,36,36,26,20,42,38,75,56,56,52,52,52,52,21,12,12,12,36,36,60,58,58,0],"gold":98,"neow_bonus":"RANDOM_COMMON_RELIC","is_prod":false,"is_daily":false,"chose_seed":false,"campfire_upgraded":3,"win_rate":0,"timestamp":1532223188,"path_taken":["M","M","?","?","M","R","M","E","T","R","E","M","?","M","R","BOSS","M","?","?","?","$","R","E","M","T","?","R","?","R","M","R","BOSS"],"build_version":"2018-07-19v2","purchased_purges":1,"victory":false,"max_hp_per_floor":[75,75,75,75,75,75,75,75,75,75,75,75,75,75,75,75,75,80,80,80,80,80,80,80,80,80,80,80,80,80,80,80,80],"card_choices":[{"not_picked":["Consume","Melter"],"picked":"Conserve Battery","floor":1},{"not_picked":["Gash","Beam Cell"],"picked":"Chaos","floor":2},{"not_picked":["Aggregate","Double Energy"],"picked":"Conserve Battery","floor":5},{"not_picked":["Leap","Rebound","Hologram"],"picked":"SKIP","floor":7},{"not_picked":["FTL","Hologram"],"picked":"Glacier","floor":8},{"not_picked":["Scrape","White Noise"],"picked":"Ball Lightning","floor":11},{"not_picked":["Multi-Cast","Steam"],"picked":"Ball Lightning","floor":12},{"not_picked":["Streamline","Fusion"],"picked":"Barrage","floor":13},{"not_picked":["Beam Cell","Stack"],"picked":"Loop","floor":14},{"not_picked":["Meteor Strike","Thunder Strike"],"picked":"Seek","floor":16},{"not_picked":["Gash","Steam"],"picked":"Barrage+1","floor":18},{"not_picked":["Hologram","Rip and Tear"],"picked":"Glacier","floor":20},{"not_picked":["Lockon","Hyperbeam","Stack"],"picked":"SKIP","floor":24},{"not_picked":["Barrage","Ball Lightning+1"],"picked":"Go for the Eyes","floor":25},{"not_picked":["Doom and Gloom","Conserve Battery"],"picked":"Cold Snap","floor":27},{"not_picked":["Coolheaded","Streamline","Consume+1"],"picked":"SKIP","floor":31}],"player_experience":644292,"relics_obtained":[{"floor":8,"key":"DataDisk"},{"floor":9,"key":"Blue Candle"},{"floor":11,"key":"Du-Vu Doll"},{"floor":24,"key":"Bottled Lightning"},{"floor":26,"key":"Oddly Smooth Stone"}],"event_choices":[{"event_name":"Match and Keep!","player_choice":"0 cards matched","floor":3,"damage_taken":0},{"event_name":"Golden Idol","player_choice":"Take Damage","floor":4,"damage_taken":0},{"event_name":"The Woman in Blue","player_choice":"Bought 1 Potion","floor":19,"damage_taken":0},{"event_name":"The Joust","player_choice":"Bet on Murderer","floor":21,"damage_taken":0}],"is_beta":false,"boss_relics":[{"not_picked":["Pandora\u0027s Box","Astrolabe"],"picked":"Cursed Key"}],"items_purged_floors":[29],"is_endless":false,"potions_floor_spawned":[1,2,7,11,13,16,25,31],"killed_by":"Champ","ascension_level":4}