{"gold_per_floor":[119,174,249,266,266,330,330,351,375,299,337,249,269,289,289,387,387,401,80,80],"floor_reached":20,"playtime":638,"items_purged":[],"score":414,"play_id":"eb907049-f861-476e-95e3-e0abcd39f277","local_time":"20190427130448","is_ascension_mode":true,"campfire_choices":[{"floor":7,"key":"REST"},{"floor":15,"key":"REST"}],"neow_cost":"NONE","seed_source_timestamp":1366279288419829,"circlet_count":0,"master_deck":["AscendersBane","Strike_B","Strike_B","Strike_B","Strike_B","Defend_B","Defend_B+1","Defend_B","Defend_B","Zap","Dualcast","Doom and Gloom","Auto Shields","Injury","Melter","Force Field+1","Static Discharge","Ball Lightning","Static Discharge","Ball Lightning","Redo","Buffer","Redo+1","Ball Lightning"],"relics":["Cracked Core","NeowsBlessing","Golden Idol","Tiny Chest","War Paint","Dodecahedron","Bottled Tornado"],"potions_floor_usage":[11,11],"damage_taken":[{"damage":0,"enemies":"2 Louse","floor":1,"turns":1},{"damage":0,"enemies":"Jaw Worm","floor":4,"turns":1},{"damage":0,"enemies":"Lagavulin","floor":6,"turns":1},{"damage":0,"enemies":"Cultist","floor":8,"turns":3},{"damage":12,"enemies":"3 Sentries","floor":11,"turns":6},{"damage":1,"enemies":"2 Fungi Beasts","floor":13,"turns":3},{"damage":0,"enemies":"Exordium Wildlife","floor":14,"turns":3},{"damage":53,"enemies":"The Guardian","floor":16,"turns":9},{"damage":14,"enemies":"Spheric Guardian","floor":18,"turns":4},{"damage":0,"enemies":"3 Byrds","floor":20,"turns":1}],"seed_played":"1938255782068633585","potions_obtained":[{"floor":6,"key":"Energy Potion"},{"floor":8,"key":"AttackPotion"},{"floor":13,"key":"FearPotion"},{"floor":14,"key":"Explosive Potion"}],"is_trial":false,"path_per_floor":["M","?","?","M","?","E","R","M","T","$","E","$","M","M","R","B",null,"M","$","M"],"character_chosen":"DEFECT","items_purchased":["Static Discharge","Static Discharge","Bottled Tornado","Ball Lightning"],"campfire_rested":2,"item_purchase_floors":[10,12,19,19],"current_hp_per_floor":[64,64,53,53,53,53,71,71,71,71,59,59,58,58,71,18,58,44,44,44],"gold":80,"neow_bonus":"THREE_ENEMY_KILL","is_prod":false,"is_daily":false,"chose_seed":false,"campfire_upgraded":0,"win_rate":0,"timestamp":1556359488,"path_taken":["M","?","?","M","?","E","R","M","T","$","E","$","M","M","R","BOSS","M","$","M"],"build_version":"2019-01-23","purchased_purges":0,"victory":false,"max_hp_per_floor":[71,71,71,71,71,71,71,71,71,71,71,71,71,71,71,71,71,71,71,71],"card_choices":[{"not_picked":["Hologram","Scrape"],"picked":"Doom and Gloom","floor":1},{"not_picked":["Skim","Steam"],"picked":"Auto Shields","floor":4},{"not_picked":["Beam Cell","Barrage"],"picked":"Melter","floor":6},{"not_picked":["Conserve Battery","Steam"],"picked":"Force Field","floor":8},{"not_picked":["Leap","Beam Cell"],"picked":"Ball Lightning","floor":11},{"not_picked":["Recycle","Coolheaded"],"picked":"Ball Lightning","floor":13},{"not_picked":["Reboot","Stack"],"picked":"Redo","floor":14},{"not_picked":["Meteor Strike","Seek"],"picked":"Buffer","floor":16},{"not_picked":["Compile Driver","Streamline"],"picked":"Redo+1","floor":18}],"player_experience":1254013,"relics_obtained":[{"floor":6,"key":"Tiny Chest"},{"floor":9,"key":"War Paint"},{"floor":11,"key":"Dodecahedron"}],"event_choices":[{"damage_healed":0,"gold_gain":55,"player_choice":"Gained Gold","damage_taken":0,"max_hp_gain":0,"max_hp_loss":0,"event_name":"Golden Wing","floor":2,"gold_loss":0},{"damage_healed":0,"gold_gain":75,"player_choice":"Gather Gold","damage_taken":11,"max_hp_gain":0,"max_hp_loss":0,"event_name":"World of Goop","floor":3,"gold_loss":0},{"damage_healed":0,"gold_gain":0,"player_choice":"Take Wound","damage_taken":0,"relics_obtained":["Golden Idol"],"max_hp_gain":0,"max_hp_loss":0,"event_name":"Golden Idol","floor":5,"gold_loss":0,"cards_obtained":["Injury"]}],"is_beta":false,"boss_relics":[{"not_picked":["Fusion Hammer","Ectoplasm","Coffee Dripper"]}],"items_purged_floors":[],"is_endless":false,"potions_floor_spawned":[6,8,13,14],"killed_by":"3 Byrds","ascension_level":20}