{"path_per_floor":["M","?","M","M","M","R","M","E","T","R","M","R","E","?","R","B",null,"M","M","?","M","$"],"character_chosen":"DEFECT","items_purchased":["Mercury Hourglass"],"gold_per_floor":[116,116,129,147,165,165,189,220,220,220,238,238,278,306,306,434,434,453,467,467,490,168,168],"floor_reached":23,"campfire_rested":3,"playtime":1599,"item_purchase_floors":[22],"current_hp_per_floor":[74,56,51,51,43,65,51,28,28,50,42,42,28,13,50,40,75,35,30,30,6,6,0],"items_purged":["Strike_B"],"gold":168,"score":213,"play_id":"0b6a1739-0ba7-4281-9499-b3f1ba70af72","local_time":"20180615204514","is_prod":false,"is_daily":false,"chose_seed":false,"is_ascension_mode":true,"campfire_upgraded":1,"win_rate":0.0,"timestamp":1529120714,"campfire_choices":[{"floor":6,"key":"REST"},{"floor":10,"key":"REST"},{"data":"Static Discharge","floor":12,"key":"SMITH"},{"floor":15,"key":"REST"}],"path_taken":["M","?","M","M","M","R","M","E","T","R","M","R","E","?","R","BOSS","M","M","?","M","$","E"],"build_version":"2018-06-14v2","seed_source_timestamp":23207917871756,"purchased_purges":1,"victory":false,"master_deck":["Strike_B","Defend_B","Defend_B","Defend_B","Defend_B","Zap","Dualcast","Sweeping Beam","Cold Snap","Beam Cell","Cold Snap","Ball Lightning","Static Discharge+1","Stack+1","Loop","Conserve Battery+1","Multi-Cast+1","Defragment+1","Auto Shields+1","Defragment+1"],"max_hp_per_floor":[75,75,75,75,75,75,75,75,75,75,75,75,75,75,75,75,75,75,75,75,75,75,75],"relics":["Cracked Core","Golden Idol","Du-Vu Doll","Toxic Egg 2","Regal Pillow","Odd Mushroom","Empty Cage","Unceasing Top","Mercury Hourglass"],"card_choices":[{"not_picked":["Hologram","Static Discharge"],"picked":"Sweeping Beam","floor":1},{"not_picked":["Coolheaded","Streamline"],"picked":"Cold Snap","floor":3},{"not_picked":["Redo","Blizzard"],"picked":"Beam Cell","floor":4},{"not_picked":["Steam","Conserve Battery"],"picked":"Cold Snap","floor":5},{"not_picked":["Sweeping Beam","Streamline"],"picked":"Ball Lightning","floor":7},{"not_picked":["FTL","Double Energy"],"picked":"Static Discharge","floor":8},{"not_picked":["Electrodynamics","Force Field+1"],"picked":"Stack+1","floor":11},{"not_picked":["Streamline","Consume+1"],"picked":"Loop","floor":13},{"not_picked":["Barrage","Compile Driver"],"picked":"Conserve Battery+1","floor":14},{"not_picked":["Amplify+1","Buffer"],"picked":"Multi-Cast+1","floor":16},{"not_picked":["Scrape","Ball Lightning"],"picked":"Defragment+1","floor":18},{"not_picked":["Storm","Ball Lightning"],"picked":"Auto Shields+1","floor":19},{"not_picked":["Self Repair","Capacitor+1"],"picked":"Defragment+1","floor":21}],"player_experience":562001,"potions_floor_usage":[7,18,23,23,23],"damage_taken":[{"damage":1,"enemies":"Cultist","floor":1,"turns":4},{"damage":5,"enemies":"Jaw Worm","floor":3,"turns":4},{"damage":0,"enemies":"Small Slimes","floor":4,"turns":2},{"damage":8,"enemies":"2 Fungi Beasts","floor":5,"turns":3},{"damage":14,"enemies":"Gremlin Gang","floor":7,"turns":3},{"damage":23,"enemies":"Lagavulin","floor":8,"turns":6},{"damage":8,"enemies":"Looter","floor":11,"turns":2},{"damage":14,"enemies":"Gremlin Nob","floor":13,"turns":4},{"damage":15,"floor":14,"turns":4},{"damage":10,"enemies":"The Guardian","floor":16,"turns":10},{"damage":40,"enemies":"3 Byrds","floor":18,"turns":5},{"damage":5,"enemies":"Spheric Guardian","floor":19,"turns":4},{"damage":24,"enemies":"Cultist and Chosen","floor":21,"turns":7},{"damage":13,"enemies":"Slavers","floor":23,"turns":1}],"relics_obtained":[{"floor":8,"key":"Du-Vu Doll"},{"floor":9,"key":"Toxic Egg 2"},{"floor":13,"key":"Regal Pillow"},{"floor":14,"key":"Odd Mushroom"}],"event_choices":[{"event_name":"Golden Idol","player_choice":"Take Damage","floor":2,"damage_taken":0},{"event_name":"Mushrooms","player_choice":"Fought Mushrooms","floor":14,"damage_taken":0},{"event_name":"The Mausoleum","player_choice":"Yes","floor":20,"damage_taken":0}],"boss_relics":[{"not_picked":["White Beast Statue","Snecko Eye"],"picked":"Empty Cage"}],"items_purged_floors":[22],"is_endless":false,"potions_floor_spawned":[4,7,13,14,18,19],"seed_played":"-4796009878777830770","killed_by":"Slavers","ascension_level":1,"potions_obtained":[{"floor":4,"key":"LiquidBronze"},{"floor":7,"key":"LiquidBronze"},{"floor":13,"key":"AttackPotion"},{"floor":14,"key":"Strength Potion"},{"floor":18,"key":"FocusPotion"},{"floor":19,"key":"EssenceOfSteel"}],"is_trial":false}