{"gold_per_floor":[116,66,85,96,62,62,78,78,157,182,196,209,226,239,239,344,344,354,144,0,13,13],"floor_reached":22,"playtime":1385,"items_purged":["Strike_G"],"score":180,"play_id":"24a5b521-2bce-4b9a-8e8a-ca2da0b0ef97","local_time":"20180826223351","is_ascension_mode":false,"campfire_choices":[{"data":"Dodge and Roll","floor":6,"key":"SMITH"},{"data":"Blade Dance","floor":8,"key":"SMITH"},{"data":"Cloak And Dagger","floor":15,"key":"SMITH"}],"neow_cost":"NONE","seed_source_timestamp":47206633407480,"circlet_count":0,"master_deck":["Defend_G","Defend_G","Defend_G","Defend_G","Defend_G","Strike_G","Strike_G","Strike_G","Survivor","Neutralize","Cloak And Dagger+1","Dodge and Roll+1","Blade Dance+1","Masterful Stab","Blade Dance","Infinite Blades","Endless Agony","Blur","Dodge and Roll","Bullet Time","Accuracy","Noxious Fumes"],"relics":["Orrery"],"potions_floor_usage":[16,18],"damage_taken":[{"damage":0,"enemies":"2 Louse","floor":1,"turns":3},{"damage":0,"enemies":"Jaw Worm","floor":3,"turns":5},{"damage":0,"enemies":"Cultist","floor":4,"turns":2},{"damage":7,"enemies":"Blue Slaver","floor":7,"turns":4},{"damage":1,"enemies":"Large Slime","floor":11,"turns":5},{"damage":6,"enemies":"2 Fungi Beasts","floor":12,"turns":2},{"damage":0,"enemies":"Red Slaver","floor":13,"turns":3},{"damage":1,"enemies":"Looter","floor":14,"turns":3},{"damage":26,"enemies":"Slime Boss","floor":16,"turns":11},{"damage":25,"enemies":"Chosen","floor":18,"turns":8},{"damage":19,"enemies":"2 Thieves","floor":21,"turns":4},{"damage":29,"enemies":"3 Cultists","floor":22,"turns":3}],"seed_played":"1744209680217022644","potions_obtained":[{"floor":1,"key":"Poison Potion"},{"floor":3,"key":"SteroidPotion"},{"floor":12,"key":"Strength Potion"},{"floor":13,"key":"GhostInAJar"},{"floor":21,"key":"Strength Potion"}],"is_trial":false,"path_per_floor":["M","?","M","M","$","R","M","R","T","T","M","M","M","M","R","B",null,"M","$","?","M"],"character_chosen":"THE_SILENT","items_purchased":["Infinite Blades","Accuracy","Strength Potion","Strength Potion"],"campfire_rested":0,"item_purchase_floors":[5,19,19,19],"current_hp_per_floor":[70,70,70,70,70,70,63,63,63,63,62,56,56,55,55,29,70,45,45,45,26,0],"gold":13,"neow_bonus":"BOSS_RELIC","is_prod":false,"is_daily":false,"chose_seed":false,"campfire_upgraded":3,"win_rate":0,"timestamp":1535340831,"path_taken":["M","?","M","M","$","R","M","R","T","?","M","?","M","M","R","BOSS","M","$","?","M","M"],"build_version":"2018-08-23v2","purchased_purges":1,"victory":false,"max_hp_per_floor":[70,70,70,70,70,70,70,70,70,70,70,70,70,70,70,70,70,70,70,70,70,70],"card_choices":[{"not_picked":["All Out Attack","Poisoned Stab"],"picked":"Cloak And Dagger","floor":0},{"not_picked":["Well Laid Plans","Sucker Punch"],"picked":"Dodge and Roll","floor":0},{"not_picked":["Escape Plan","Dash"],"picked":"Blade Dance","floor":0},{"not_picked":["Skewer","Heel Hook"],"picked":"Masterful Stab","floor":1},{"not_picked":["Sucker Punch","Outmaneuver"],"picked":"Blade Dance","floor":3},{"not_picked":["Dagger Throw","Deflect","Prepared"],"picked":"SKIP","floor":4},{"not_picked":["Flechettes","Tools of the Trade"],"picked":"Endless Agony","floor":7},{"not_picked":["Distraction","Outmaneuver","Underhanded Strike"],"picked":"SKIP","floor":11},{"not_picked":["Poisoned Stab","Dagger Throw"],"picked":"Blur","floor":12},{"not_picked":["Slice","Expertise"],"picked":"Dodge and Roll","floor":13},{"not_picked":["Bouncing Flask","Flechettes","Prepared"],"picked":"SKIP","floor":14},{"not_picked":["Storm of Steel","Die Die Die"],"picked":"Bullet Time","floor":16},{"not_picked":["Bane","PiercingWail","Deflect"],"picked":"SKIP","floor":18},{"not_picked":["Expertise","Blade Dance"],"picked":"Noxious Fumes","floor":21}],"player_experience":372755,"relics_obtained":[],"event_choices":[{"event_name":"The Cleric","player_choice":"Card Removal","floor":2,"damage_taken":0},{"event_name":"Masked Bandits","player_choice":"Paid Fearfully","floor":20,"damage_taken":0}],"is_beta":false,"boss_relics":[{"not_picked":["Astrolabe","Coffee Dripper","Runic Dome"]}],"items_purged_floors":[19],"is_endless":false,"potions_floor_spawned":[1,3,12,13,21],"killed_by":"3 Cultists","ascension_level":0}