{"path_per_floor":["M","M","M","$","M","R","E","M","T","E","M","M","E","?","R"],"character_chosen":"THE_SILENT","items_purchased":["Oddly Smooth Stone"],"gold_per_floor":[116,136,147,3,18,18,48,67,94,125,142,161,191,191,191,191],"floor_reached":16,"campfire_rested":1,"playtime":1557,"current_hp_per_floor":[59,59,59,59,59,59,56,53,53,31,31,25,6,6,27,0],"items_purged":[],"gold":191,"score":186,"play_id":"c9ba982f-4f70-4b6d-94fe-2cb374e2b456","local_time":"20180518132923","is_prod":false,"is_daily":false,"chose_seed":false,"is_ascension_mode":true,"campfire_upgraded":1,"timestamp":1526675363,"campfire_choices":[{"data":"Survivor","floor":6,"key":"SMITH"},{"floor":15,"key":"REST"}],"path_taken":["M","M","M","$","M","R","E","M","T","E","M","M","E","?","R","BOSS"],"build_version":"2018-05-17","seed_source_timestamp":47046448378203,"purchased_purges":0,"victory":false,"master_deck":["Defend_G","Defend_G","Defend_G","Defend_G","Defend_G","Strike_G","Strike_G","Strike_G","Strike_G","Strike_G","Survivor+1","Neutralize+1","AscendersBane","Quick Slash","Cloak And Dagger","Deflect","Dagger Throw","Slice","Dodge and Roll","Cloak And Dagger","Backflip","Blind","Neutralize"],"max_hp_per_floor":[70,70,70,70,70,70,70,70,70,70,70,70,72,72,72,72],"relics":["Ring of the Snake","Oddly Smooth Stone","Singing Bowl","Boot","Bag of Preparation","Lantern"],"card_choices":[{"not_picked":["Bane","Riddle With Holes"],"picked":"Quick Slash","floor":1},{"not_picked":["Underhanded Strike","Blade Dance"],"picked":"Cloak And Dagger","floor":2},{"not_picked":["Outmaneuver","Bane","Expertise"],"picked":"SKIP","floor":3},{"not_picked":["Bane","Prepared"],"picked":"Deflect","floor":5},{"not_picked":["Expertise","Phantasmal Killer"],"picked":"Dagger Throw","floor":7},{"not_picked":["Acrobatics","Sucker Punch"],"picked":"Slice","floor":8},{"not_picked":["All Out Attack","Die Die Die"],"picked":"Dodge and Roll","floor":10},{"not_picked":["Deflect","Expertise"],"picked":"Cloak And Dagger","floor":11},{"not_picked":["Quick Slash","Deadly Poison"],"picked":"Backflip","floor":12},{"not_picked":["Quick Slash","Poisoned Stab","Cloak And Dagger"],"picked":"Singing Bowl","floor":13}],"player_experience":446531,"potions_floor_usage":[7,11,13,16],"damage_taken":[{"damage":4,"enemies":"Small Slimes","floor":1,"turns":6},{"damage":0,"enemies":"Cultist","floor":2,"turns":3},{"damage":0,"enemies":"Jaw Worm","floor":3,"turns":3},{"damage":0,"enemies":"2 Fungi Beasts","floor":5,"turns":5},{"damage":3,"enemies":"3 Sentries","floor":7,"turns":8},{"damage":3,"enemies":"Large Slime","floor":8,"turns":7},{"damage":22,"enemies":"Lagavulin","floor":10,"turns":8},{"damage":0,"enemies":"3 Louse","floor":11,"turns":4},{"damage":6,"enemies":"Gremlin Gang","floor":12,"turns":7},{"damage":21,"enemies":"Gremlin Nob","floor":13,"turns":5},{"damage":30,"enemies":"Hexaghost","floor":16,"turns":16}],"relics_obtained":[{"floor":7,"key":"Singing Bowl"},{"floor":9,"key":"Boot"},{"floor":10,"key":"Bag of Preparation"},{"floor":13,"key":"Lantern"}],"event_choices":[{"event_name":"Match and Keep!","player_choice":"2 cards matched","floor":14,"damage_taken":0}],"boss_relics":[],"potions_floor_spawned":[3,5,12,13],"seed_played":"2113065407904697234","killed_by":"Hexaghost","ascension_level":10,"potions_obtained":[{"floor":3,"key":"Explosive Potion"},{"floor":5,"key":"Energy Potion"},{"floor":12,"key":"AttackPotion"},{"floor":13,"key":"GamblersBrew"}],"is_trial":false}