{"gold_per_floor":[113,288,306,306,325,358,358,390,390,390,422,435,435,2,2,105,105,123,45,59,70,70,70,97,130,157,157,157,157,170,201,201,303,303,316,328,135,155,174,174,174,174,200,233,244,271,283,302,302,302],"floor_reached":51,"playtime":3717,"items_purged":["Doubt","Writhe"],"score":1275,"play_id":"f0304099-432f-443c-953d-eaf5228a0920","local_time":"20190201123020","is_ascension_mode":true,"campfire_choices":[{"data":"Body Slam","floor":7.0,"key":"SMITH"},{"floor":10.0,"key":"REST"},{"floor":13.0,"key":"REST"},{"data":"Bash","floor":15.0,"key":"SMITH"},{"data":"Shrug It Off","floor":23.0,"key":"SMITH"},{"data":"Metallicize","floor":27.0,"key":"SMITH"},{"data":"Pommel Strike","floor":29.0,"key":"SMITH"},{"data":"Iron Wave","floor":32.0,"key":"SMITH"},{"data":"Inflame","floor":40.0,"key":"SMITH"},{"data":"Defend_R","floor":42.0,"key":"SMITH"},{"data":"Strike_R","floor":49,"key":"PURGE"}],"neow_cost":"NONE","seed_source_timestamp":3867873832164,"circlet_count":0,"master_deck":["AscendersBane","Strike_R","Strike_R+1","Strike_R+1","Defend_R+1","Defend_R","Defend_R","Defend_R","Bash+1","Pommel Strike+1","Iron Wave+1","Body Slam+1","Shrug It Off+1","Power Through+1","Shrug It Off+1","Seeing Red+1","Reaper+1","Metallicize+1","Madness+1","Offering+1","Burning Pact+1","Sever Soul+1","Headbutt+1","Havoc+1","Spot Weakness+1","Ghostly+1","Ghostly+1","Ghostly+1","Ghostly+1","Ghostly+1","Exhume+1","Inflame+1","Limit Break+1","Heavy Blade+1","Havoc+1","Sword Boomerang+1","Offering+1"],"special_seed":0,"relics":["Burning Blood","NeowsBlessing","Matryoshka","PreservedInsect","Molten Egg 2","Bag of Marbles","Happy Flower","Toxic Egg 2","Mark of Pain","Darkstone Periapt","Calipers","Red Mask","Potion Belt","Pen Nib","Whetstone","Busted Crown","Strawberry","Peace Pipe","Gremlin Horn"],"potions_floor_usage":[50,50],"damage_taken":[{"damage":0.0,"enemies":"Small Slimes","floor":1.0,"turns":1.0},{"damage":0.0,"enemies":"Jaw Worm","floor":3.0,"turns":1.0},{"damage":0.0,"enemies":"Cultist","floor":5.0,"turns":1.0},{"damage":45.0,"enemies":"3 Sentries","floor":6.0,"turns":11.0},{"damage":33.0,"enemies":"Gremlin Nob","floor":8.0,"turns":5.0},{"damage":24.0,"enemies":"Lagavulin","floor":11.0,"turns":6.0},{"damage":9.0,"enemies":"Lots of Slimes","floor":12.0,"turns":5.0},{"damage":27.0,"enemies":"The Guardian","floor":16.0,"turns":11.0},{"damage":15.0,"enemies":"Chosen","floor":18.0,"turns":5.0},{"damage":14.0,"enemies":"3 Byrds","floor":20.0,"turns":7.0},{"damage":28.0,"enemies":"Cultist and Chosen","floor":21.0,"turns":8.0},{"damage":32.0,"enemies":"Book of Stabbing","floor":24.0,"turns":5.0},{"damage":12.0,"enemies":"Masked Bandits","floor":25.0,"turns":5.0},{"damage":6.0,"enemies":"Shelled Parasite and Fungi","floor":30.0,"turns":5.0},{"damage":4.0,"enemies":"Slavers","floor":31.0,"turns":5.0},{"damage":35.0,"enemies":"Automaton","floor":33.0,"turns":16.0},{"damage":1.0,"enemies":"3 Darklings","floor":35.0,"turns":6.0},{"damage":13.0,"enemies":"Orb Walker","floor":36.0,"turns":4.0},{"damage":4.0,"enemies":"Jaw Worm Horde","floor":38.0,"turns":4.0},{"damage":2.0,"enemies":"4 Shapes","floor":39.0,"turns":2.0},{"damage":6.0,"enemies":"Giant Head","floor":44.0,"turns":4.0},{"damage":13.0,"enemies":"Maw","floor":45.0,"turns":5.0},{"damage":2,"enemies":"Reptomancer","floor":46,"turns":5},{"damage":2,"enemies":"3 Darklings","floor":47,"turns":1},{"damage":1,"enemies":"Spire Growth","floor":48,"turns":5},{"damage":30,"enemies":"Time Eater","floor":50,"turns":6}],"seed_played":"3442582465616327785","potions_obtained":[{"floor":6.0,"key":"SpeedPotion"},{"floor":11.0,"key":"Dexterity Potion"},{"floor":12.0,"key":"AttackPotion"},{"floor":18.0,"key":"Weak Potion"},{"floor":24.0,"key":"Explosive Potion"},{"floor":25.0,"key":"SteroidPotion"},{"floor":30.0,"key":"Fire Potion"},{"floor":33.0,"key":"Energy Potion"},{"floor":35.0,"key":"FearPotion"},{"floor":45.0,"key":"SteroidPotion"},{"floor":48,"key":"Fire Potion"}],"is_trial":false,"path_per_floor":["M","?","M","T","M","E","R","E","T","R","E","M","R","$","R","B",null,"M","$","M","M","?","R","E","?","T","R","?","R","M","E","R","B",null,"M","M","$","M","M","R","?","R","T","E","M","E","M","M","R","B",null],"character_chosen":"IRONCLAD","items_purchased":["Seeing Red+1","Reaper+1","Metallicize","Madness+1","Burning Pact+1","Havoc+1","Sword Boomerang+1"],"campfire_rested":2,"item_purchase_floors":[14,14,14,14,19,37,37],"current_hp_per_floor":[78,78,80,80,80,41,41,14,14,38,20,17,41,41,41,20,65,63,63,61,46,52,52,31,46,46,46,43,43,43,43,43,21,38,43,41,41,43,43,43,43,43,50,50,50,50,50,50,50,29],"gold":302,"neow_bonus":"THREE_ENEMY_KILL","is_prod":false,"is_daily":false,"chose_seed":false,"campfire_upgraded":8,"win_rate":0,"timestamp":1549020620,"path_taken":["M","?","M","?","?","E","R","E","T","R","E","M","R","?","R","BOSS","M","$","M","M","?","R","E","?","T","R","?","R","M","E","R","BOSS","M","M","$","M","M","R","?","R","T","E","M","E","M","?","R","BOSS"],"build_version":"2019-01-23","purchased_purges":2,"victory":true,"max_hp_per_floor":[80,80,80,80,80,80,80,80,80,80,80,80,80,80,80,80,80,80,80,80,80,86,86,86,86,86,86,43,43,43,43,43,43,43,43,43,43,43,43,43,43,43,50,50,50,50,50,50,50,50],"card_choices":[{"not_picked":["Sword Boomerang","Evolve"],"picked":"Pommel Strike","floor":1.0},{"not_picked":["Havoc","Rage","Anger"],"picked":"SKIP","floor":3.0},{"not_picked":["Fire Breathing","Havoc"],"picked":"Iron Wave","floor":5.0},{"not_picked":["Sword Boomerang","Entrench"],"picked":"Body Slam","floor":6.0},{"not_picked":["Hemokinesis","Iron Wave"],"picked":"Shrug It Off","floor":8.0},{"not_picked":["Warcry","Perfected Strike+1"],"picked":"Power Through","floor":11.0},{"not_picked":["Headbutt+1","Feel No Pain"],"picked":"Shrug It Off+1","floor":12.0},{"not_picked":["Dark Embrace","Feed+1"],"picked":"Offering+1","floor":16.0},{"not_picked":["Sentinel+1","Iron Wave+1","Combust+1"],"picked":"SKIP","floor":18.0},{"not_picked":["Power Through+1","Cleave+1"],"picked":"Sever Soul+1","floor":20.0},{"not_picked":["Reckless Charge+1","Anger+1"],"picked":"Headbutt+1","floor":21.0},{"not_picked":["Headbutt+1","Thunderclap+1"],"picked":"Havoc+1","floor":24.0},{"not_picked":["Wild Strike+1","Clash+1"],"picked":"Spot Weakness+1","floor":25.0},{"not_picked":["Iron Wave+1","Heavy Blade+1"],"picked":"Exhume+1","floor":30.0},{"not_picked":["Searing Blow+1","Reckless Charge+1"],"picked":"Inflame","floor":31.0},{"not_picked":["Barricade","Reaper+1"],"picked":"Limit Break+1","floor":33.0},{"not_picked":["Thunderclap+1"],"picked":"SKIP","floor":35.0},{"not_picked":[],"picked":"Heavy Blade+1","floor":36.0},{"not_picked":["Infernal Blade+1"],"picked":"SKIP","floor":38.0},{"not_picked":["Anger+1"],"picked":"SKIP","floor":39.0},{"not_picked":["Heavy Blade+1"],"picked":"SKIP","floor":44.0},{"not_picked":["Havoc+1"],"picked":"SKIP","floor":45.0},{"not_picked":["Thunderclap+1"],"picked":"SKIP","floor":46},{"not_picked":["Fire Breathing"],"picked":"SKIP","floor":47},{"not_picked":["Dark Embrace"],"picked":"SKIP","floor":48}],"player_experience":228800,"relics_obtained":[{"floor":4.0,"key":"Matryoshka"},{"floor":6.0,"key":"PreservedInsect"},{"floor":8.0,"key":"Molten Egg 2"},{"floor":9.0,"key":"Bag of Marbles"},{"floor":9.0,"key":"Happy Flower"},{"floor":11.0,"key":"Toxic Egg 2"},{"floor":24.0,"key":"Calipers"},{"floor":25.0,"key":"Red Mask"},{"floor":26.0,"key":"Potion Belt"},{"floor":26.0,"key":"Pen Nib"},{"floor":31.0,"key":"Whetstone"},{"floor":43.0,"key":"Strawberry"},{"floor":44.0,"key":"Peace Pipe"},{"floor":46,"key":"Gremlin Horn"}],"event_choices":[{"damage_healed":0.0,"max_hp_gain":0.0,"max_hp_loss":0.0,"gold_gain":175.0,"event_name":"Liars Game","player_choice":"AGREE","floor":2.0,"gold_loss":0.0,"damage_taken":0.0,"cards_obtained":["Doubt"]},{"damage_healed":0.0,"max_hp_gain":0.0,"max_hp_loss":0.0,"gold_gain":0.0,"event_name":"The Mausoleum","player_choice":"Opened","floor":22.0,"gold_loss":0.0,"damage_taken":0.0,"relics_obtained":["Darkstone Periapt"],"cards_obtained":["Writhe"]},{"damage_healed":0.0,"max_hp_gain":0.0,"max_hp_loss":0.0,"gold_gain":0.0,"event_name":"Masked Bandits","player_choice":"Fought Bandits","floor":25.0,"gold_loss":0.0,"damage_taken":0.0},{"damage_healed":0.0,"max_hp_gain":0.0,"max_hp_loss":43.0,"gold_gain":0.0,"event_name":"Ghosts","player_choice":"Became a Ghost","floor":28.0,"gold_loss":0.0,"damage_taken":0.0,"cards_obtained":["Ghostly","Ghostly","Ghostly","Ghostly","Ghostly"]},{"damage_healed":0.0,"max_hp_gain":0.0,"max_hp_loss":0.0,"gold_gain":0.0,"cards_transformed":["Strike_R"],"event_name":"Transmorgrifier","player_choice":"Transformed","floor":41.0,"gold_loss":0.0,"damage_taken":0.0,"cards_obtained":["Offering"]}],"is_beta":false,"boss_relics":[{"not_picked":["Runic Pyramid","Runic Cube"],"picked":"Mark of Pain"},{"not_picked":["Runic Dome","Snecko Eye"],"picked":"Busted Crown"}],"items_purged_floors":[14,37],"is_endless":false,"potions_floor_spawned":[6,11,12,18,24,25,30,33,35,45,48],"ascension_level":11}