{"path_per_floor":["M","?","?","M","$","R","E","M","T","M","M","M","R","M","R","B",null,"M","$","?","?","$","R","E","M","T","M","$","M","T","E","R","B",null,"M","M","$","M","$","R","E","M","T","M","R","$","?","T","R"],"character_chosen":"DEFECT","items_purchased":["Tiny Chest","Chill"],"gold_per_floor":[111,111,111,127,52,52,82,102,126,140,155,174,174,187,187,283,283,294,194,194,194,69,69,96,114,189,201,4,16,16,42,42,146,176,194,212,62,74,74,74,108,122,147,161,161,161,261,261,261,261],"floor_reached":50,"campfire_rested":5,"playtime":3453,"item_purchase_floors":[22,28],"current_hp_per_floor":[70,63,63,52,52,52,26,28,28,30,31,32,32,33,55,39,75,67,67,67,53,53,53,36,38,38,39,39,41,41,43,67,55,85,85,75,75,70,70,85,5,7,7,8,33,33,33,33,58,0],"items_purged":["Strike_B","Defend_B","Strike_B","Defend_B"],"gold":261,"score":562,"play_id":"e3b447a3-9c86-44c1-ae10-a51fb6494d75","local_time":"20180602004330","is_prod":false,"is_daily":false,"chose_seed":false,"is_ascension_mode":false,"campfire_upgraded":3,"win_rate":0.0,"timestamp":1527918210,"campfire_choices":[{"data":"Dualcast","floor":6,"key":"SMITH"},{"data":"Scrape","floor":13,"key":"SMITH"},{"floor":15,"key":"REST"},{"data":"Hologram","floor":23,"key":"SMITH"},{"floor":32,"key":"REST"},{"floor":40,"key":"REST"},{"floor":45,"key":"REST"},{"floor":49,"key":"REST"}],"path_taken":["M","?","?","M","$","R","E","M","T","M","M","?","R","M","R","BOSS","M","$","?","?","?","R","E","M","T","?","$","M","?","E","R","BOSS","M","M","$","M","$","R","E","M","T","M","R","$","?","?","R","BOSS"],"build_version":"2018-05-31","seed_source_timestamp":139206096071444,"purchased_purges":4,"victory":false,"master_deck":["Strike_B","Strike_B","Defend_B","Defend_B","Zap+1","Dualcast+1","Scrape+1","Gash","Beam Cell","Leap","FTL","Gash","Hologram+1","Reboot+1","Steam","Skim","Chill","Steam","Buffer","Steam+1","Gash","Gash","Scrape+1"],"max_hp_per_floor":[75,75,75,75,75,75,75,75,75,75,75,75,75,75,75,75,75,75,75,75,80,80,80,80,80,80,80,80,80,80,80,80,80,85,85,85,85,85,85,85,85,85,85,85,85,85,85,85,85,85],"relics":["Cracked Core","Dream Catcher","Blood Vial","Omamori","Nuclear Battery","Tiny Chest","Lantern","Ornamental Fan","Happy Flower","Matryoshka","Tiny House","Bag of Marbles","Orichalcum","Anchor","Smiling Mask","Thread and Needle"],"card_choices":[{"not_picked":["Go for the Eyes","Melter"],"picked":"Scrape","floor":1},{"not_picked":["Stack","Ball Lightning"],"picked":"Gash","floor":4},{"not_picked":["Cold Snap","Machine Learning"],"picked":"Beam Cell","floor":7},{"not_picked":["Fusion","Cold Snap","Storm"],"picked":"SKIP","floor":8},{"not_picked":["Streamline","Sweeping Beam"],"picked":"Leap","floor":10},{"not_picked":["Conserve Battery","Chaos"],"picked":"FTL","floor":11},{"not_picked":["Cold Snap","Fission"],"picked":"Gash","floor":12},{"not_picked":["Sweeping Beam","Steam"],"picked":"Hologram","floor":14},{"not_picked":["Rainbow","Amplify"],"picked":"Reboot","floor":16},{"not_picked":["Conserve Battery","Barrage+1","Leap"],"picked":"SKIP","floor":18},{"not_picked":["Hologram","Steam","Ball Lightning"],"picked":"SKIP","floor":24},{"not_picked":["Defragment","Go for the Eyes"],"picked":"Skim","floor":25},{"not_picked":["Fission","White Noise","Genetic Algorithm"],"picked":"SKIP","floor":27},{"not_picked":["Redo","Hologram","Cold Snap+1"],"picked":"SKIP","floor":29},{"not_picked":["Redo+1","Cold Snap","Hologram"],"picked":"SKIP","floor":31},{"not_picked":["Barrage","Hologram"],"picked":"Steam","floor":32},{"not_picked":["Amplify","Multi-Cast"],"picked":"Buffer","floor":33},{"not_picked":["Streamline","Conserve Battery"],"picked":"Steam+1","floor":34},{"not_picked":["Darkness","Defragment+1","Compile Driver"],"picked":"SKIP","floor":35},{"not_picked":["Ball Lightning","Fusion","Leap+1"],"picked":"SKIP","floor":36},{"not_picked":["Hologram","Beam Cell+1","Stack"],"picked":"SKIP","floor":38},{"not_picked":["Force Field","Fission"],"picked":"Gash","floor":40},{"not_picked":["Cold Snap","Sweeping Beam+1","Melter+1"],"picked":"SKIP","floor":41},{"not_picked":["Ball Lightning+1","Electrodynamics","Hologram+1"],"picked":"SKIP","floor":42},{"not_picked":["Force Field","Streamline","Capacitor+1"],"picked":"SKIP","floor":44},{"not_picked":["Compile Driver","Loop+1"],"picked":"Gash","floor":45},{"not_picked":["Chaos","Redo+1"],"picked":"Scrape+1","floor":49}],"player_experience":163005,"potions_floor_usage":[11,16,16,33,41,41,50],"damage_taken":[{"damage":5,"enemies":"2 Louse","floor":1,"turns":3},{"damage":11,"enemies":"Jaw Worm","floor":4,"turns":3},{"damage":26,"enemies":"Lagavulin","floor":7,"turns":5},{"damage":0,"enemies":"Cultist","floor":8,"turns":2},{"damage":0,"enemies":"Looter","floor":10,"turns":2},{"damage":1,"enemies":"Exordium Thugs","floor":11,"turns":3},{"damage":1,"enemies":"3 Louse","floor":12,"turns":3},{"damage":1,"enemies":"Looter","floor":14,"turns":2},{"damage":18,"enemies":"Hexaghost","floor":16,"turns":8},{"damage":8,"enemies":"2 Thieves","floor":18,"turns":4},{"damage":19,"enemies":"Book of Stabbing","floor":24,"turns":4},{"damage":0,"enemies":"Spheric Guardian","floor":25,"turns":3},{"damage":1,"enemies":"Snecko","floor":27,"turns":3},{"damage":0,"enemies":"3 Cultists","floor":29,"turns":4},{"damage":0,"enemies":"Gremlin Leader","floor":31,"turns":7},{"damage":14,"enemies":"Collector","floor":33,"turns":8},{"damage":0,"enemies":"Orb Walker","floor":35,"turns":2},{"damage":10,"enemies":"3 Shapes","floor":36,"turns":3},{"damage":7,"enemies":"3 Darklings","floor":38,"turns":9},{"damage":80,"enemies":"Nemesis","floor":41,"turns":11},{"damage":0,"enemies":"4 Shapes","floor":42,"turns":4},{"damage":10,"enemies":"Sphere and 2 Shapes","floor":44,"turns":7},{"damage":66,"enemies":"Donu and Deca","floor":50,"turns":9}],"relics_obtained":[{"floor":7,"key":"Blood Vial"},{"floor":9,"key":"Omamori"},{"floor":24,"key":"Lantern"},{"floor":26,"key":"Ornamental Fan"},{"floor":30,"key":"Happy Flower"},{"floor":31,"key":"Matryoshka"},{"floor":41,"key":"Bag of Marbles"},{"floor":43,"key":"Orichalcum"},{"floor":43,"key":"Anchor"},{"floor":48,"key":"Smiling Mask"},{"floor":48,"key":"Thread and Needle"}],"event_choices":[{"event_name":"Scrap Ooze","player_choice":"success","floor":2,"damage_taken":7},{"event_name":"Upgrade Shrine","player_choice":"Upgraded","floor":3,"damage_taken":0},{"event_name":"The Library","player_choice":"Read","floor":20,"damage_taken":0},{"event_name":"Forgotten Altar","player_choice":"Shed Blood","floor":21,"damage_taken":0},{"event_name":"Golden Shrine","player_choice":"Pray","floor":47,"damage_taken":0}],"boss_relics":[{"not_picked":["Runic Pyramid","Lizard Tail"],"picked":"Nuclear Battery"},{"not_picked":["Cursed Key","Philosopher\u0027s Stone"],"picked":"Tiny House"}],"items_purged_floors":[5,19,28,37],"potions_floor_spawned":[10,11,12,24,29,31,35,36,44],"seed_played":"56346888052584076","killed_by":"Donu and Deca","ascension_level":0,"potions_obtained":[{"floor":10,"key":"AttackPotion"},{"floor":11,"key":"Dexterity Potion"},{"floor":12,"key":"Block Potion"},{"floor":24,"key":"SteroidPotion"},{"floor":29,"key":"FairyPotion"},{"floor":31,"key":"FocusPotion"},{"floor":34,"key":"Swift Potion"},{"floor":35,"key":"SkillPotion"},{"floor":44,"key":"SkillPotion"}],"is_trial":false}