{"gold_per_floor":[116,130,55,74,74,74,108,123,146,156,31,56,56,74,74,176,176,194,77,89,104,117,151,151,26,26,40,40],"floor_reached":28,"playtime":1766,"items_purged":["Defend_G","Defend_G","Strike_G"],"score":277,"play_id":"a5d8d582-c8a8-4290-a1c8-af9f0ef95432","local_time":"20190416224351","is_ascension_mode":false,"campfire_choices":[{"data":"Blade Dance","floor":6,"key":"SMITH"},{"floor":13,"key":"REST"},{"floor":15,"key":"REST"},{"floor":24,"key":"REST"}],"neow_cost":"NONE","seed_source_timestamp":531880597325634,"circlet_count":0,"master_deck":["Defend_G","Defend_G+1","Strike_G","Strike_G","Strike_G","Strike_G","Survivor+1","Neutralize+1","Blade Dance+1","Accuracy","Endless Agony","Dagger Spray","Envenom","Quick Slash+1","Infinite Blades","Blade Dance","Prepared+1","Pain"],"relics":["Ring of the Snake","Regal Pillow","Bag of Preparation","War Paint","Cursed Key","Toxic Egg 2","Thread and Needle"],"potions_floor_usage":[16,16,23,23,28],"damage_taken":[{"damage":2,"enemies":"Jaw Worm","floor":1,"turns":6},{"damage":3,"enemies":"2 Louse","floor":2,"turns":3},{"damage":0,"enemies":"Cultist","floor":4,"turns":4},{"damage":38,"enemies":"Lagavulin","floor":7,"turns":7},{"damage":6,"enemies":"Exordium Thugs","floor":8,"turns":6},{"damage":2,"enemies":"Looter","floor":10,"turns":3},{"damage":10,"enemies":"3 Sentries","floor":12,"turns":5},{"damage":13,"enemies":"Gremlin Gang","floor":14,"turns":2},{"damage":25,"enemies":"Slime Boss","floor":16,"turns":10},{"damage":10,"enemies":"Spheric Guardian","floor":18,"turns":3},{"damage":13,"enemies":"Shell Parasite","floor":20,"turns":5},{"damage":19,"enemies":"Centurion and Healer","floor":21,"turns":5},{"damage":24,"enemies":"Sentry and Sphere","floor":22,"turns":4},{"damage":0,"enemies":"Gremlin Leader","floor":23,"turns":6},{"damage":12,"enemies":"3 Cultists","floor":27,"turns":4},{"damage":32,"enemies":"Slavers","floor":28,"turns":2}],"seed_played":"8947150982898371531","potions_obtained":[{"floor":2,"key":"SpeedPotion"},{"floor":10,"key":"Fire Potion"},{"floor":12,"key":"Weak Potion"},{"floor":14,"key":"Block Potion"},{"floor":20,"key":"Swift Potion"},{"floor":23,"key":"FearPotion"}],"is_trial":false,"path_per_floor":["M","M","$","M","?","R","E","M","T","M","$","E","R","M","R","B",null,"M","$","M","M","M","E","R","$","T","M","E"],"character_chosen":"THE_SILENT","items_purchased":["Dagger Spray","Infinite Blades","Blade Dance"],"campfire_rested":3,"item_purchase_floors":[11,19,19],"current_hp_per_floor":[68,65,65,65,65,65,27,21,21,19,19,9,45,32,68,43,70,60,60,47,28,4,4,40,40,40,28,0],"gold":40,"neow_bonus":"UPGRADE_CARD","is_prod":false,"is_daily":false,"chose_seed":false,"campfire_upgraded":1,"win_rate":0.0,"timestamp":1555469031,"path_taken":["M","M","$","M","?","R","E","M","T","M","$","E","R","M","R","BOSS","M","$","M","M","M","E","R","$","T","M","E"],"build_version":"2019-01-23","purchased_purges":3,"victory":false,"max_hp_per_floor":[70,70,70,70,70,70,70,70,70,70,70,70,70,70,70,70,70,70,70,70,70,70,70,70,70,70,70,70],"card_choices":[{"not_picked":["PiercingWail","Noxious Fumes","Heel Hook"],"picked":"SKIP","floor":1},{"not_picked":["All Out Attack","Deadly Poison","Outmaneuver"],"picked":"SKIP","floor":2},{"not_picked":["Outmaneuver","Slice"],"picked":"Blade Dance","floor":4},{"not_picked":["Calculated Gamble","Crippling Poison","Well Laid Plans"],"picked":"SKIP","floor":7},{"not_picked":["Predator","Noxious Fumes"],"picked":"Accuracy","floor":8},{"not_picked":["Caltrops","Dagger Spray"],"picked":"Endless Agony","floor":10},{"not_picked":["Tactician","Footwork","Endless Agony"],"picked":"SKIP","floor":12},{"not_picked":["Sucker Punch","Choke","Quick Slash"],"picked":"SKIP","floor":14},{"not_picked":["After Image","Malaise"],"picked":"Envenom","floor":16},{"not_picked":["All Out Attack","Deadly Poison"],"picked":"Quick Slash+1","floor":18},{"not_picked":["Catalyst","Poisoned Stab+1","Sucker Punch+1"],"picked":"SKIP","floor":20},{"not_picked":["Slice","Acrobatics+1","Expertise+1"],"picked":"SKIP","floor":21},{"not_picked":["Deadly Poison","All Out Attack","Blur"],"picked":"SKIP","floor":22},{"not_picked":["Slice","Flying Knee"],"picked":"Prepared+1","floor":23},{"not_picked":["Distraction+1","Caltrops","Catalyst+1"],"picked":"SKIP","floor":27}],"player_experience":36558,"relics_obtained":[{"floor":7,"key":"Regal Pillow"},{"floor":9,"key":"Bag of Preparation"},{"floor":12,"key":"War Paint"},{"floor":23,"key":"Toxic Egg 2"},{"floor":26,"key":"Thread and Needle"}],"event_choices":[{"cards_removed":["Defend_G"],"damage_healed":0,"gold_gain":0,"player_choice":"Forget","damage_taken":0,"max_hp_gain":0,"max_hp_loss":0,"event_name":"Living Wall","floor":5,"gold_loss":0}],"is_beta":false,"boss_relics":[{"not_picked":["Sozu","Orrery"],"picked":"Cursed Key"}],"items_purged_floors":[3,11,25],"is_endless":false,"potions_floor_spawned":[2,10,12,14,20,23],"killed_by":"Slavers","ascension_level":0}