{"path_per_floor":["M","$","?","$","?","R","E","R","T","E","R","E","M","$","R","B",null,"M","M","?","$","M","E","R","E","T","M","?","R","$","E","R","B",null,"M","M","$","M","?","E","M","R","T","R","E","M","?","E","R","B"],"character_chosen":"IRONCLAD","items_purchased":["Shockwave","Iron Wave","Metallicize"],"gold_per_floor":[116,41,41,41,41,41,75,75,102,132,132,167,177,77,77,173,173,189,202,202,77,89,114,114,141,164,182,82,82,44,76,76,181,181,197,214,88,108,108,141,156,156,180,180,211,223,0,28,28,28],"floor_reached":51,"campfire_rested":5,"playtime":3447,"current_hp_per_floor":[80,80,80,80,80,80,80,80,80,80,80,70,76,76,76,39,82,81,80,80,80,71,30,55,46,46,21,21,51,51,42,72,39,100,98,98,98,89,89,95,63,63,63,100,86,91,91,80,120,62],"items_purged":["Strike_R","Strike_R","Regret"],"gold":28,"score":1058,"play_id":"b9ab1e05-e2ce-4235-af0c-efb56da275a1","local_time":"20180404215501","is_prod":false,"is_daily":false,"is_ascension_mode":true,"campfire_upgraded":5,"timestamp":1522904101,"path_taken":["M","$","?","$","?","R","E","R","T","E","R","E","M","$","R","BOSS","M","M","?","$","?","E","R","E","T","M","?","R","$","E","R","BOSS","M","M","$","?","?","E","M","R","T","R","E","M","?","E","R","BOSS"],"build_version":"2018-03-29v2","purchased_purges":3,"victory":true,"master_deck":["Strike_R+1","Strike_R+1","Strike_R+1","Defend_R","Defend_R","Defend_R","Defend_R","Bash+1","Inflame+1","Shrug It Off+1","Clash+1","Metallicize+1","Berserk","Metallicize+1","Cleave","J.A.X.+1","Shockwave+1","Iron Wave+1","Iron Wave","Barricade","Clothesline","Dropkick+1","Iron Wave","Metallicize+1","Master of Strategy+1","Iron Wave+1","Limit Break+1","Body Slam+1","Entrench+1","Shrug It Off+1"],"max_hp_per_floor":[80,80,80,80,80,80,80,80,80,80,80,80,82,82,82,82,82,84,84,84,84,84,86,86,98,98,100,100,100,100,100,100,100,100,100,100,100,102,102,118,118,118,118,120,120,120,120,120,120,120],"relics":["Burning Blood","NeowsBlessing","Orichalcum","Pen Nib","Oddly Smooth Stone","Singing Bowl","Whetstone","Black Star","Toxic Egg 2","Dodecahedron","Pear","Toolbox","Ancient Tea Set","Omamori","Dream Catcher","Sozu","Unceasing Top","Mango","Art of War","Smiling Mask","Blue Candle","Red Mask","Regal Pillow","Anchor"],"card_choices":[{"not_picked":["Feel No Pain","Pummel"],"picked":"Inflame","floor":1},{"not_picked":["Sword Boomerang","Feel No Pain"],"picked":"Shrug It Off","floor":7},{"not_picked":["Twin Strike","Corruption"],"picked":"Clash","floor":10},{"not_picked":["Flame Barrier","Clothesline"],"picked":"Metallicize","floor":12},{"not_picked":["Fiend Fire","Demon Form"],"picked":"Berserk","floor":16},{"not_picked":["Headbutt","True Grit"],"picked":"Metallicize","floor":19},{"not_picked":["Uppercut","Warcry"],"picked":"Cleave","floor":22},{"not_picked":["Wild Strike","Rage"],"picked":"Iron Wave","floor":31},{"not_picked":["Twin Strike","Shrug It Off"],"picked":"Iron Wave","floor":32},{"not_picked":["Fiend Fire","Reaper"],"picked":"Barricade","floor":33},{"not_picked":["Sword Boomerang","Pummel"],"picked":"Clothesline","floor":35},{"not_picked":["Flex","Anger"],"picked":"Dropkick","floor":36},{"not_picked":["Sadistic Nature","Deep Breath"],"picked":"Master of Strategy","floor":39},{"not_picked":["Twin Strike","Pommel Strike"],"picked":"Iron Wave","floor":41},{"not_picked":["Perfected Strike","Twin Strike"],"picked":"Limit Break","floor":45},{"not_picked":["Warcry","Sentinel"],"picked":"Body Slam","floor":46},{"not_picked":["Wild Strike","Rampage"],"picked":"Entrench","floor":48},{"not_picked":["Perfected Strike","Headbutt"],"picked":"Shrug It Off","floor":49}],"player_experience":223943,"potions_floor_usage":[16,23,23,23,25,31,33],"damage_taken":[{"damage":0,"enemies":"2 Louse","floor":1,"turns":1},{"damage":0,"enemies":"Lagavulin","floor":7,"turns":1},{"damage":0,"enemies":"Gremlin Nob","floor":10,"turns":1},{"damage":16,"enemies":"Lagavulin","floor":12,"turns":6},{"damage":2,"enemies":"Cultist","floor":13,"turns":3},{"damage":43,"enemies":"Hexaghost","floor":16,"turns":12},{"damage":9,"enemies":"Spheric Guardian","floor":18,"turns":4},{"damage":7,"enemies":"Shell Parasite","floor":19,"turns":6},{"damage":15,"enemies":"Sentry and Sphere","floor":22,"turns":8},{"damage":64,"enemies":"Gremlin Leader","floor":23,"turns":8},{"damage":27,"enemies":"Book of Stabbing","floor":25,"turns":6},{"damage":33,"enemies":"Snake Plant","floor":27,"turns":6},{"damage":15,"enemies":"Gremlin Leader","floor":31,"turns":7},{"damage":39,"enemies":"Automaton","floor":33,"turns":10},{"damage":8,"enemies":"3 Shapes","floor":35,"turns":6},{"damage":6,"enemies":"Orb Walker","floor":36,"turns":5},{"damage":17,"enemies":"Maw","floor":38,"turns":7},{"damage":16,"enemies":"Giant Head","floor":40,"turns":10},{"damage":38,"enemies":"Sphere and 2 Shapes","floor":41,"turns":7},{"damage":20,"enemies":"Nemesis","floor":45,"turns":11},{"damage":1,"enemies":"4 Shapes","floor":46,"turns":8},{"damage":17,"enemies":"2 Orb Walkers","floor":48,"turns":5},{"damage":64,"enemies":"Awakened One","floor":50,"turns":8}],"event_choices":[{"event_name":"Upgrade Shrine","player_choice":"Upgraded","floor":3,"damage_taken":0},{"event_name":"Big Fish","player_choice":"Box","floor":5,"damage_taken":0},{"event_name":"Upgrade Shrine","player_choice":"Upgraded","floor":20,"damage_taken":0},{"event_name":"Drug Dealer","player_choice":"Got JAXXED","floor":28,"damage_taken":0},{"event_name":"SensoryStone","player_choice":"Memory 1","floor":39,"damage_taken":0},{"event_name":"Tomb of Lord Red Mask","player_choice":"Paid","floor":47,"damage_taken":0}],"boss_relics":[{"not_picked":["Black Blood","Snecko Eye"],"picked":"Black Star"},{"not_picked":["Astrolabe","Orrery"],"picked":"Sozu"}],"potions_floor_spawned":[1,13,16,19,23,25,31,35,40,41],"seed_played":"-5992283525076183133","ascension_level":3,"is_trial":false}