{"gold_per_floor":[119,169,187,206,224,224,250,175,199,31,31,57,85,85,85,161,161,180,193,212,105,105,105,132,132,132,167,18,30,90,171,171,243,243,257,36,56,74,74,109,109,409,409,409,80,80,94,127,127,127],"floor_reached":50,"playtime":2863,"items_purged":["Strike_R","Strike_R"],"score":1222,"play_id":"8aa8943e-ed7c-4f8a-ac4c-c16752b162dd","local_time":"20190408181143","is_ascension_mode":true,"campfire_choices":[{"data":"Whirlwind","floor":6.0,"key":"SMITH"},{"data":"Bash","floor":11.0,"key":"SMITH"},{"data":"Heavy Blade","floor":15.0,"key":"SMITH"},{"data":"Limit Break","floor":23.0,"key":"SMITH"},{"data":"Shrug It Off","floor":25.0,"key":"SMITH"},{"data":"Bloodletting","floor":32.0,"key":"SMITH"},{"floor":41.0,"key":"REST"},{"floor":44.0,"key":"DIG"},{"floor":46.0,"key":"DIG"},{"floor":49,"key":"REST"}],"neow_cost":"NONE","seed_source_timestamp":15749863636663,"circlet_count":0,"master_deck":["AscendersBane","Strike_R","Strike_R","Defend_R","Defend_R","Defend_R","Defend_R","Bash+1","Whirlwind+1","Spot Weakness","Seeing Red+1","Heavy Blade+1","Shrug It Off+1","Limit Break+1","Anger+1","Brutality","Shrug It Off+1","Bloodletting+1","Impervious","Shrug It Off","Double Tap"],"special_seed":0,"relics":["Burning Blood","Smiling Mask","Lantern","Vajra","Anchor","Oddly Smooth Stone","Runic Dome","Ancient Tea Set","Centennial Puzzle","Gremlin Horn","MawBank","Happy Flower","Tiny Chest","Paper Frog","White Beast Statue","Red Skull","Blood Vial","Shovel","Art of War","Lee\u0027s Waffle","Frozen Egg 2","PreservedInsect"],"potions_floor_usage":[48,50,50],"damage_taken":[{"damage":7.0,"enemies":"2 Louse","floor":1.0,"turns":3.0},{"damage":1.0,"enemies":"Cultist","floor":3.0,"turns":3.0},{"damage":19.0,"enemies":"Jaw Worm","floor":4.0,"turns":4.0},{"damage":3.0,"enemies":"Exordium Wildlife","floor":5.0,"turns":2.0},{"damage":20.0,"enemies":"3 Sentries","floor":7.0,"turns":4.0},{"damage":33.0,"enemies":"Gremlin Nob","floor":13.0,"turns":4.0},{"damage":6.0,"enemies":"Slime Boss","floor":16.0,"turns":5.0},{"damage":18.0,"enemies":"3 Byrds","floor":18.0,"turns":4.0},{"damage":5.0,"enemies":"Spheric Guardian","floor":19.0,"turns":3.0},{"damage":13.0,"enemies":"Centurion and Healer","floor":20.0,"turns":4.0},{"damage":0.0,"enemies":"Slavers","floor":24.0,"turns":1.0},{"damage":15.0,"enemies":"Book of Stabbing","floor":27.0,"turns":3.0},{"damage":1.0,"enemies":"3 Cultists","floor":29.0,"turns":3.0},{"damage":7.0,"enemies":"Slavers","floor":30.0,"turns":3.0},{"damage":32.0,"enemies":"Champ","floor":33.0,"turns":11.0},{"damage":16.0,"enemies":"3 Darklings","floor":35.0,"turns":5.0},{"damage":2.0,"enemies":"3 Shapes","floor":37.0,"turns":2.0},{"damage":17.0,"enemies":"3 Darklings","floor":38.0,"turns":2.0},{"damage":23.0,"enemies":"Giant Head","floor":40.0,"turns":5.0},{"damage":4.0,"enemies":"Spire Growth","floor":47.0,"turns":2.0},{"damage":74,"enemies":"Nemesis","floor":48,"turns":5},{"damage":35,"enemies":"Time Eater","floor":50,"turns":4}],"seed_played":"5335599315545916827","potions_obtained":[{"floor":3.0,"key":"Poison Potion"},{"floor":5.0,"key":"Swift Potion"},{"floor":7.0,"key":"Energy Potion"},{"floor":16.0,"key":"GamblersBrew"},{"floor":19.0,"key":"Block Potion"},{"floor":20.0,"key":"Ancient Potion"},{"floor":27.0,"key":"Block Potion"},{"floor":35.0,"key":"GamblersBrew"},{"floor":37.0,"key":"LiquidBronze"},{"floor":38.0,"key":"PowerPotion"},{"floor":40.0,"key":"Swift Potion"},{"floor":47.0,"key":"LiquidBronze"},{"floor":48,"key":"SpeedPotion"}],"is_trial":false,"path_per_floor":["M","?","M","M","M","R","E","?","T","$","R","T","E","?","R","B",null,"M","M","M","$","?","R","E","R","T","E","$","M","E","T","R","B",null,"M","$","M","M","?","E","R","?","T","R","$","R","M","E","R","B"],"character_chosen":"IRONCLAD","items_purchased":["Vajra","FearPotion","Happy Flower","Red Skull","SkillPotion","Lee\u0027s Waffle","Shrug It Off"],"campfire_rested":2,"item_purchase_floors":[10,21,28,36,36,45,45],"current_hp_per_floor":[67,60,65,52,55,55,41,41,41,41,41,41,14,14,14,14,60,48,49,42,42,42,42,48,48,48,39,39,44,43,43,43,17,61,51,51,55,44,44,27,48,48,48,48,78,78,78,10,33,0],"gold":127,"neow_bonus":"THREE_CARDS","is_prod":false,"is_daily":false,"chose_seed":false,"campfire_upgraded":6,"win_rate":0,"timestamp":1554765103,"path_taken":["M","?","M","M","?","R","E","?","T","$","R","?","E","?","R","BOSS","M","M","?","$","?","R","E","R","T","E","?","?","E","?","R","BOSS","M","$","M","M","?","E","R","?","T","R","$","R","M","E","R","BOSS"],"build_version":"2019-01-23","purchased_purges":2,"victory":false,"max_hp_per_floor":[75,75,75,75,75,75,75,75,75,75,75,75,75,75,75,75,75,75,75,75,75,75,75,75,75,75,75,75,75,75,75,75,75,75,75,75,75,75,71,71,71,71,71,71,78,78,78,78,78,78],"card_choices":[{"not_picked":["Seeing Red","Bloodletting"],"picked":"Whirlwind","floor":0.0},{"not_picked":["Anger","Clothesline"],"picked":"Spot Weakness","floor":1.0},{"not_picked":["Cleave","Intimidate"],"picked":"Seeing Red","floor":3.0},{"not_picked":["Havoc","Anger","Pommel Strike"],"picked":"SKIP","floor":4.0},{"not_picked":["Clash","Rupture"],"picked":"Heavy Blade","floor":5.0},{"not_picked":["Headbutt","Searing Blow"],"picked":"Shrug It Off","floor":7.0},{"not_picked":["Berserk","Second Wind","Warcry"],"picked":"SKIP","floor":13.0},{"not_picked":["Fiend Fire","Brutality"],"picked":"Limit Break","floor":16.0},{"not_picked":["Anger","Armaments","Fire Breathing"],"picked":"SKIP","floor":18.0},{"not_picked":["Dual Wield","Warcry","Wild Strike"],"picked":"SKIP","floor":19.0},{"not_picked":["Searing Blow","Sentinel"],"picked":"Anger+1","floor":20.0},{"not_picked":["Pommel Strike","Thunderclap"],"picked":"Brutality","floor":24.0},{"not_picked":["Rage","Cleave"],"picked":"Shrug It Off+1","floor":27.0},{"not_picked":["Shrug It Off","Sword Boomerang","Havoc"],"picked":"SKIP","floor":29.0},{"not_picked":["Cleave","Sword Boomerang+1"],"picked":"Bloodletting","floor":30.0},{"not_picked":["Bludgeon","Reaper"],"picked":"Impervious","floor":33.0},{"not_picked":["Inflame","Clothesline+1","Bloodletting+1"],"picked":"SKIP","floor":35.0},{"not_picked":["Rampage","Iron Wave+1","Perfected Strike+1"],"picked":"SKIP","floor":37.0},{"not_picked":["Reckless Charge","Warcry","Twin Strike"],"picked":"SKIP","floor":38.0},{"not_picked":["Havoc","Anger","Body Slam"],"picked":"SKIP","floor":40.0},{"not_picked":["Second Wind","Sever Soul","Perfected Strike"],"picked":"SKIP","floor":47.0},{"not_picked":["Second Wind","Sever Soul","Perfected Strike"],"picked":"SKIP","floor":47.0},{"not_picked":["Second Wind","Sever Soul","Perfected Strike"],"picked":"SKIP","floor":47.0},{"not_picked":["Intimidate","Corruption+1"],"picked":"Double Tap","floor":48}],"player_experience":716077,"relics_obtained":[{"floor":7.0,"key":"Smiling Mask"},{"floor":9.0,"key":"Lantern"},{"floor":12.0,"key":"Anchor"},{"floor":13.0,"key":"Oddly Smooth Stone"},{"floor":24.0,"key":"Centennial Puzzle"},{"floor":26.0,"key":"Gremlin Horn"},{"floor":27.0,"key":"MawBank"},{"floor":30.0,"key":"Tiny Chest"},{"floor":31.0,"key":"Paper Frog"},{"floor":40.0,"key":"Blood Vial"},{"floor":43.0,"key":"Shovel"},{"floor":44.0,"key":"Art of War"},{"floor":46.0,"key":"Frozen Egg 2"},{"floor":48,"key":"PreservedInsect"}],"event_choices":[{"damage_healed":0.0,"max_hp_gain":0.0,"max_hp_loss":0.0,"gold_gain":50.0,"event_name":"FaceTrader","player_choice":"Touch","floor":2.0,"gold_loss":0.0,"damage_taken":7.0},{"cards_removed":["Strike_R"],"damage_healed":0.0,"max_hp_gain":0.0,"max_hp_loss":0.0,"gold_gain":0.0,"event_name":"The Cleric","player_choice":"Card Removal","floor":8.0,"gold_loss":75.0,"damage_taken":0.0},{"damage_healed":0.0,"max_hp_gain":0.0,"max_hp_loss":0.0,"gold_gain":0.0,"event_name":"Upgrade Shrine","player_choice":"Upgraded","floor":14.0,"gold_loss":0.0,"damage_taken":0.0,"cards_upgraded":["Seeing Red"]},{"damage_healed":0.0,"max_hp_gain":0.0,"max_hp_loss":0.0,"gold_gain":0.0,"event_name":"WeMeetAgain","player_choice":"Gave Potion","floor":22.0,"gold_loss":0.0,"damage_taken":0.0,"relics_obtained":["Ancient Tea Set"]},{"damage_healed":0.0,"max_hp_gain":0.0,"max_hp_loss":4.0,"gold_gain":0.0,"event_name":"Winding Halls","player_choice":"Max HP","floor":39.0,"gold_loss":0.0,"damage_taken":0.0},{"damage_healed":0.0,"max_hp_gain":0.0,"max_hp_loss":0.0,"gold_gain":300.0,"event_name":"Wheel of Change","player_choice":"Gold","floor":42.0,"gold_loss":0.0,"damage_taken":0.0}],"is_beta":false,"boss_relics":[{"not_picked":["Calling Bell","Tiny House"],"picked":"Runic Dome"},{"not_picked":["Coffee Dripper","Runic Pyramid"],"picked":"White Beast Statue"}],"items_purged_floors":[21,45],"is_endless":false,"potions_floor_spawned":[3,5,7,16,19,20,27,35,37,38,40,47,48],"killed_by":"Time Eater","ascension_level":19}