{"path_per_floor":["M","?","M","$","?","R","E","?","T","M","M","R","?","$","R"],"character_chosen":"THE_SILENT","items_purchased":["Backstab","Glass Knife"],"gold_per_floor":[114,114,128,12,12,12,46,146,223,237,252,252,252,94,94,94],"floor_reached":16,"campfire_rested":1,"playtime":674,"current_hp_per_floor":[61,61,55,55,41,41,18,18,18,12,12,48,31,31,31,0],"items_purged":["Strike_G"],"gold":94,"score":147,"play_id":"91b787cf-b18f-4621-8ff9-29ca5702daf9","local_time":"20180520190645","is_prod":false,"is_daily":false,"chose_seed":false,"is_ascension_mode":true,"campfire_upgraded":2,"timestamp":1526868405,"campfire_choices":[{"data":"Neutralize","floor":6,"key":"SMITH"},{"floor":12,"key":"REST"},{"data":"Glass Knife","floor":15,"key":"SMITH"}],"path_taken":["M","?","M","?","?","R","E","?","T","M","?","R","?","$","R","BOSS"],"build_version":"2018-05-17","seed_source_timestamp":240973159895669,"purchased_purges":1,"victory":false,"master_deck":["Defend_G+1","Defend_G","Defend_G","Defend_G","Defend_G","Strike_G+1","Strike_G","Strike_G","Strike_G","Survivor","Neutralize+1","AscendersBane","Footwork","Regret","Dash","Backstab","Quick Slash","Backflip","Glass Knife+1"],"max_hp_per_floor":[70,70,70,70,70,70,70,70,70,70,70,70,70,70,70,70],"relics":["Ring of the Snake","Regal Pillow","Thread and Needle","Tough Bandages","Golden Idol"],"card_choices":[{"not_picked":["Dagger Spray","Quick Slash"],"picked":"Footwork","floor":1},{"not_picked":["Outmaneuver","Backflip"],"picked":"Dash","floor":3},{"not_picked":["Bouncing Flask","Masterful Stab"],"picked":"Quick Slash","floor":7},{"not_picked":["Noxious Fumes","Concentrate","Deadly Poison"],"picked":"SKIP","floor":10},{"not_picked":["Masterful Stab","Concentrate"],"picked":"Backflip","floor":11}],"player_experience":461425,"potions_floor_usage":[11],"damage_taken":[{"damage":2,"enemies":"2 Louse","floor":1,"turns":5},{"damage":6,"enemies":"Small Slimes","floor":3,"turns":6},{"damage":23,"enemies":"Gremlin Nob","floor":7,"turns":6},{"damage":6,"enemies":"Jaw Worm","floor":10,"turns":4},{"damage":0,"enemies":"2 Fungi Beasts","floor":11,"turns":4},{"damage":31,"enemies":"Hexaghost","floor":16,"turns":11}],"relics_obtained":[{"floor":7,"key":"Thread and Needle"},{"floor":9,"key":"Tough Bandages"}],"event_choices":[{"event_name":"Big Fish","player_choice":"Box","floor":2,"damage_taken":0},{"event_name":"Shining Light","player_choice":"Entered Light","floor":5,"damage_taken":0},{"event_name":"Wheel of Change","player_choice":"Gold","floor":8,"damage_taken":0},{"event_name":"Golden Idol","player_choice":"Take Damage","floor":13,"damage_taken":0}],"boss_relics":[],"potions_floor_spawned":[7,11],"seed_played":"-2396050232705297798","killed_by":"Hexaghost","ascension_level":10,"potions_obtained":[{"floor":7,"key":"PowerPotion"},{"floor":11,"key":"Explosive Potion"}],"is_trial":false}