{"gold_per_floor":[111,211,223,233,248,248,277,277,301,301,321,321,346,296,296,296],"floor_reached":16,"playtime":945,"items_purged":[],"score":182,"play_id":"6424971e-74ae-4487-9738-9d06ba5a145b","local_time":"20190421130815","is_ascension_mode":true,"campfire_choices":[{"data":"Cloak And Dagger","floor":6.0,"key":"SMITH"},{"floor":8.0,"key":"REST"},{"data":"Cloak And Dagger","floor":10.0,"key":"SMITH"},{"floor":15.0,"key":"REST"}],"neow_cost":"NONE","seed_source_timestamp":7633672893195,"circlet_count":0,"master_deck":["AscendersBane","Defend_G","Defend_G","Defend_G","Defend_G","Defend_G","Strike_G","Strike_G","Strike_G","Strike_G","Survivor","Neutralize","Sucker Punch","PiercingWail","Quick Slash","Cloak And Dagger+1","Cloak And Dagger+1","Heel Hook"],"special_seed":0,"relics":["Ring of the Snake","Orichalcum","Bag of Preparation","Happy Flower"],"potions_floor_usage":[],"damage_taken":[{"damage":16.0,"enemies":"Jaw Worm","floor":1.0,"turns":5.0},{"damage":1.0,"enemies":"Cultist","floor":3.0,"turns":5.0},{"damage":3.0,"enemies":"Small Slimes","floor":4.0,"turns":4.0},{"damage":8.0,"enemies":"3 Louse","floor":5.0,"turns":5.0},{"damage":30.0,"enemies":"Gremlin Nob","floor":7.0,"turns":5.0},{"damage":2.0,"enemies":"Large Slime","floor":11.0,"turns":6.0},{"damage":13.0,"enemies":"Lagavulin","floor":13.0,"turns":9.0},{"damage":28,"enemies":"The Guardian","floor":16,"turns":11}],"seed_played":"-668156928591565985","potions_obtained":[{"floor":1.0,"key":"Ancient Potion"},{"floor":4.0,"key":"Dexterity Potion"}],"is_trial":false,"path_per_floor":["M","?","M","M","M","R","E","R","T","R","M","?","E","?","R","B"],"character_chosen":"THE_SILENT","items_purchased":[],"campfire_rested":2,"item_purchase_floors":[],"current_hp_per_floor":[47,47,46,43,35,35,5,26,26,26,24,17,4,4,25,0],"gold":296,"neow_bonus":"THREE_CARDS","is_prod":false,"is_daily":false,"chose_seed":false,"campfire_upgraded":2,"win_rate":0,"timestamp":1555870095,"path_taken":["M","?","M","M","?","R","E","R","T","R","M","?","E","?","R","BOSS"],"build_version":"2019-01-23","purchased_purges":0,"victory":false,"max_hp_per_floor":[70,70,70,70,70,70,70,70,70,70,70,70,70,70,70,70],"card_choices":[{"not_picked":["Acrobatics","Accuracy"],"picked":"Sucker Punch","floor":0.0},{"not_picked":["Escape Plan","Outmaneuver"],"picked":"PiercingWail","floor":1.0},{"not_picked":["Sucker Punch","Blur","Acrobatics"],"picked":"SKIP","floor":3.0},{"not_picked":["Dagger Spray","Flying Knee"],"picked":"Quick Slash","floor":4.0},{"not_picked":["Dodge and Roll","Calculated Gamble"],"picked":"Cloak And Dagger","floor":5.0},{"not_picked":["Flying Knee","Poisoned Stab"],"picked":"Cloak And Dagger","floor":7.0},{"not_picked":["Prepared","PiercingWail"],"picked":"Heel Hook","floor":11.0},{"not_picked":["Sucker Punch","Flying Knee","Corpse Explosion"],"picked":"SKIP","floor":13.0}],"player_experience":790162,"relics_obtained":[{"floor":7.0,"key":"Orichalcum"},{"floor":9.0,"key":"Bag of Preparation"},{"floor":13.0,"key":"Happy Flower"}],"event_choices":[{"damage_healed":0.0,"max_hp_gain":0.0,"max_hp_loss":0.0,"gold_gain":100.0,"event_name":"Wheel of Change","player_choice":"Gold","floor":2.0,"gold_loss":0.0,"damage_taken":0.0},{"cards_removed":["Strike_G"],"damage_healed":0.0,"max_hp_gain":0.0,"max_hp_loss":0.0,"gold_gain":0.0,"event_name":"Golden Wing","player_choice":"Card Removal","floor":12.0,"gold_loss":0.0,"damage_taken":7.0},{"damage_healed":0.0,"max_hp_gain":0.0,"max_hp_loss":0.0,"gold_gain":0.0,"event_name":"World of Goop","player_choice":"Left Gold","floor":14.0,"gold_loss":50.0,"damage_taken":0.0}],"is_beta":false,"boss_relics":[],"items_purged_floors":[],"is_endless":false,"potions_floor_spawned":[1,4,7],"killed_by":"The Guardian","ascension_level":13}