{"gold_per_floor":[217,36,36,55,74,105,118,118,118,118,151,151,163,195,195,297,297,312,212,212,225,47,47,80,80,105,134,154,188,111,111,111,214,214,229,244,68,82,82,82,113,113,113,147,147,147,201,214,214,214],"floor_reached":51,"playtime":4156,"items_purged":["Defend_G","Injury","Strike_G"],"score":1068,"play_id":"53888a32-f3f2-4652-af17-039e2881b900","local_time":"20180714142810","is_ascension_mode":true,"campfire_choices":[{"data":"Blade Dance","floor":8,"key":"SMITH"},{"data":"Backflip","floor":10,"key":"SMITH"},{"floor":12,"key":"REST"},{"floor":15,"key":"REST"},{"floor":23,"key":"REST"},{"floor":25,"key":"REST"},{"floor":32,"key":"REST"},{"floor":40,"key":"REST"},{"floor":45,"key":"REST"},{"floor":49,"key":"REST"}],"neow_cost":"NONE","seed_source_timestamp":5502562479399,"circlet_count":0,"master_deck":["Defend_G","Defend_G","Defend_G+1","Defend_G","Strike_G","Strike_G","Strike_G","Strike_G","Survivor+1","Neutralize","PiercingWail","Blade Dance+1","Accuracy+1","Backflip+1","A Thousand Cuts+1","Accuracy","Backstab","Die Die Die","Dodge and Roll+1","Blade Dance+1","Apotheosis","Footwork","Infinite Blades","Burst","Infinite Blades","Cloak And Dagger","Cloak And Dagger+1","Panache","Thinking Ahead","Cloak And Dagger+1","After Image"],"relics":["Ring of the Snake","Dream Catcher","War Paint","Bottled Tornado","Juzu Bracelet","Fusion Hammer","Bronze Scales","Art of War","Bird Faced Urn","Ornamental Fan","Strawberry","Orrery","Tingsha","Bottled Flame","Lantern","The Specimen"],"potions_floor_usage":[7,16,18,29,36,38,44,50,50,50],"damage_taken":[{"damage":0,"enemies":"Cultist","floor":1,"turns":4},{"damage":0,"enemies":"2 Louse","floor":4,"turns":3},{"damage":0,"enemies":"Jaw Worm","floor":5,"turns":5},{"damage":28,"enemies":"3 Sentries","floor":6,"turns":9},{"damage":5,"enemies":"2 Fungi Beasts","floor":7,"turns":3},{"damage":14,"enemies":"Lagavulin","floor":11,"turns":7},{"damage":0,"enemies":"Looter","floor":13,"turns":2},{"damage":6,"enemies":"3 Sentries","floor":14,"turns":6},{"damage":10,"enemies":"The Guardian","floor":16,"turns":11},{"damage":7,"enemies":"Shell Parasite","floor":18,"turns":4},{"damage":5,"enemies":"Spheric Guardian","floor":21,"turns":4},{"damage":39,"enemies":"Gremlin Leader","floor":24,"turns":5},{"damage":14,"enemies":"Book of Stabbing","floor":27,"turns":5},{"damage":4,"enemies":"Snake Plant","floor":28,"turns":3},{"damage":12,"enemies":"Slavers","floor":29,"turns":5},{"damage":49,"enemies":"Automaton","floor":33,"turns":8},{"damage":3,"enemies":"3 Shapes","floor":35,"turns":5},{"damage":5,"enemies":"Orb Walker","floor":36,"turns":3},{"damage":12,"enemies":"4 Shapes","floor":38,"turns":5},{"damage":13,"enemies":"Nemesis","floor":41,"turns":5},{"damage":44,"enemies":"2 Orb Walkers","floor":44,"turns":6},{"damage":3,"floor":46,"turns":6},{"damage":11,"floor":47,"turns":4},{"damage":1,"enemies":"Flame Bruiser 2 Orb","floor":48,"turns":3},{"damage":43,"enemies":"Awakened One","floor":50,"turns":11}],"seed_played":"-5162858490902857148","potions_obtained":[{"floor":5,"key":"Ancient Potion"},{"floor":6,"key":"SteroidPotion"},{"floor":13,"key":"GhostInAJar"},{"floor":14,"key":"Fire Potion"},{"floor":18,"key":"SpeedPotion"},{"floor":21,"key":"SmokeBomb"},{"floor":28,"key":"FearPotion"},{"floor":35,"key":"AttackPotion"},{"floor":36,"key":"Poison Potion"},{"floor":46,"key":"Explosive Potion"},{"floor":47,"key":"SpeedPotion"},{"floor":48,"key":"FearPotion"}],"is_trial":false,"path_per_floor":["M","$","?","M","M","E","M","R","T","R","E","R","M","E","R","B",null,"M","$","?","M","$","R","E","R","T","E","M","E","?","?","R","B",null,"M","M","$","M","?","R","E","$","T","E","R","?","?","M","R","B"],"character_chosen":"THE_SILENT","items_purchased":["Blade Dance","Accuracy","Apotheosis","Cloak And Dagger"],"campfire_rested":8,"item_purchase_floors":[2,2,22,37],"current_hp_per_floor":[70,70,70,70,70,42,37,37,37,37,23,44,44,38,59,49,70,63,63,63,58,58,70,31,52,52,38,38,32,32,39,62,23,77,77,74,74,65,55,77,70,70,70,38,61,68,65,68,77,44],"gold":214,"neow_bonus":"HUNDRED_GOLD","is_prod":false,"is_daily":false,"chose_seed":false,"campfire_upgraded":2,"win_rate":0,"timestamp":1531596490,"path_taken":["M","$","?","M","M","E","?","R","T","R","E","R","M","E","R","BOSS","M","?","?","M","$","R","E","R","T","E","M","E","?","?","R","BOSS","M","M","$","M","?","R","E","$","T","E","R","?","?","M","R","BOSS"],"build_version":"2018-07-12","purchased_purges":3,"victory":true,"max_hp_per_floor":[70,70,70,70,70,70,70,70,70,70,70,70,70,70,70,70,70,70,70,70,70,70,70,70,70,70,70,70,70,70,77,77,77,77,77,77,77,77,77,77,77,77,77,77,77,77,77,77,77,77],"card_choices":[{"not_picked":["Acrobatics","Prepared"],"picked":"PiercingWail","floor":1},{"not_picked":["Endless Agony","Bane"],"picked":"Backflip","floor":4},{"not_picked":["Expertise","Blur","Acrobatics"],"picked":"SKIP","floor":5},{"not_picked":["Dagger Spray","Underhanded Strike"],"picked":"A Thousand Cuts","floor":6},{"not_picked":["Noxious Fumes","Sucker Punch","Underhanded Strike"],"picked":"SKIP","floor":7},{"not_picked":["Noxious Fumes","Sucker Punch","Underhanded Strike"],"picked":"SKIP","floor":7},{"not_picked":["Expertise","Dodge and Roll","Acrobatics"],"picked":"SKIP","floor":11},{"not_picked":["PiercingWail","Dagger Throw"],"picked":"Accuracy","floor":12},{"not_picked":["Deadly Poison","Terror","Dagger Spray"],"picked":"SKIP","floor":13},{"not_picked":["Caltrops","Dagger Spray","Outmaneuver"],"picked":"SKIP","floor":14},{"not_picked":["Footwork","Accuracy"],"picked":"Backstab","floor":15},{"not_picked":["Wraith Form v2","Grand Finale"],"picked":"Die Die Die","floor":16},{"not_picked":["Endless Agony","PiercingWail"],"picked":"Dodge and Roll+1","floor":18},{"not_picked":["Deadly Poison+1","PiercingWail+1"],"picked":"Blade Dance+1","floor":21},{"not_picked":["Wraith Form v2","Deflect","Slice"],"picked":"SKIP","floor":24},{"not_picked":["Poisoned Stab","Acrobatics","Underhanded Strike"],"picked":"SKIP","floor":27},{"not_picked":["Concentrate","Acrobatics+1","Prepared"],"picked":"SKIP","floor":28},{"not_picked":["Prepared+1","Dagger Throw"],"picked":"Footwork","floor":29},{"not_picked":["PiercingWail","Predator"],"picked":"Infinite Blades","floor":32},{"not_picked":["Night Terror","Unload"],"picked":"Burst","floor":33},{"not_picked":["Dagger Throw","Flying Knee+1"],"picked":"Infinite Blades","floor":34},{"not_picked":["Expertise","Endless Agony+1","Accuracy"],"picked":"SKIP","floor":35},{"not_picked":["Concentrate","Dagger Spray+1","Phantasmal Killer"],"picked":"SKIP","floor":36},{"not_picked":["Predator","Heel Hook+1"],"picked":"Cloak And Dagger+1","floor":38},{"not_picked":["Madness","Sadistic Nature"],"picked":"Panache","floor":39},{"not_picked":["Dark Shackles","Swift Strike"],"picked":"Thinking Ahead","floor":39},{"not_picked":["Cloak And Dagger","Noxious Fumes+1","Outmaneuver"],"picked":"SKIP","floor":41},{"not_picked":["Deflect+1","Acrobatics+1","Outmaneuver"],"picked":"SKIP","floor":44},{"not_picked":["Sucker Punch+1","Distraction"],"picked":"Cloak And Dagger+1","floor":47},{"not_picked":["Dagger Throw+1","Cloak And Dagger","Backflip"],"picked":"SKIP","floor":48},{"not_picked":["Quick Slash+1","Poisoned Stab+1"],"picked":"After Image","floor":49}],"player_experience":279798,"relics_obtained":[{"floor":6,"key":"Dream Catcher"},{"floor":9,"key":"War Paint"},{"floor":11,"key":"Bottled Tornado"},{"floor":14,"key":"Juzu Bracelet"},{"floor":24,"key":"Bronze Scales"},{"floor":26,"key":"Art of War"},{"floor":27,"key":"Bird Faced Urn"},{"floor":29,"key":"Ornamental Fan"},{"floor":41,"key":"Tingsha"},{"floor":43,"key":"Bottled Flame"},{"floor":44,"key":"Lantern"},{"floor":46,"key":"The Specimen"}],"event_choices":[{"event_name":"Accursed Blacksmith","player_choice":"Forge","floor":3,"damage_taken":0},{"event_name":"Upgrade Shrine","player_choice":"Upgraded","floor":20,"damage_taken":0},{"event_name":"Drug Dealer","player_choice":"Got JAXXED","floor":30,"damage_taken":0},{"event_name":"Addict","player_choice":"Gave JAX","floor":31,"damage_taken":0},{"event_name":"SensoryStone","player_choice":"Memory 3","floor":39,"damage_taken":0},{"event_name":"MindBloom","player_choice":"Fight","floor":46,"damage_taken":0},{"event_name":"Mysterious Sphere","player_choice":"Fight","floor":47,"damage_taken":0}],"boss_relics":[{"not_picked":["Lizard Tail","Astrolabe"],"picked":"Fusion Hammer"},{"not_picked":["Black Star","Pandora\u0027s Box"],"picked":"Orrery"}],"items_purged_floors":[2,19,37],"is_endless":false,"potions_floor_spawned":[5,6,13,14,18,21,28,35,36,46,47,48],"ascension_level":3}