{"gold_per_floor":[109,128,41,41,53,53,80,96,123,123,142,156,176,195,195,271,271,291,310,32,56,73,73,73],"floor_reached":24,"playtime":1384,"items_purged":[],"score":404,"play_id":"ef26ab73-d074-4ba8-a4b8-f4c85898a32d","local_time":"20190427125356","is_ascension_mode":true,"campfire_choices":[{"data":"Loop","floor":6,"key":"SMITH"},{"floor":10,"key":"REST"},{"floor":15,"key":"REST"},{"floor":23,"key":"REST"}],"neow_cost":"NONE","seed_source_timestamp":1364879465432725,"circlet_count":0,"master_deck":["AscendersBane","Strike_B+1","Strike_B","Strike_B","Strike_B","Defend_B","Defend_B","Defend_B","Zap","Dualcast","Self Repair","Redo","Loop+1","Leap","Hello World","Redo","Sunder","Self Repair","Force Field","Barrage+1","Compile Driver","Buffer","Force Field","BootSequence","Static Discharge"],"relics":["Cracked Core","NeowsBlessing","Strawberry","Lantern","Nuclear Battery","Mercury Hourglass","Whetstone"],"potions_floor_usage":[7,18],"damage_taken":[{"damage":0,"enemies":"2 Louse","floor":1,"turns":1},{"damage":0,"enemies":"Cultist","floor":2,"turns":1},{"damage":0,"enemies":"Small Slimes","floor":5,"turns":1},{"damage":16,"enemies":"Lagavulin","floor":7,"turns":6},{"damage":14,"enemies":"3 Louse","floor":8,"turns":4},{"damage":5,"enemies":"2 Fungi Beasts","floor":11,"turns":3},{"damage":0,"enemies":"Exordium Wildlife","floor":12,"turns":2},{"damage":22,"enemies":"Exordium Thugs","floor":13,"turns":5},{"damage":21,"enemies":"Blue Slaver","floor":14,"turns":4},{"damage":38,"enemies":"The Guardian","floor":16,"turns":15},{"damage":30,"enemies":"2 Thieves","floor":18,"turns":4},{"damage":27,"enemies":"Shell Parasite","floor":19,"turns":7},{"damage":18,"enemies":"Snake Plant","floor":22,"turns":6},{"damage":45,"enemies":"Slavers","floor":24,"turns":3}],"seed_played":"-8406298225259067949","potions_obtained":[{"floor":1,"key":"Poison Potion"},{"floor":8,"key":"Swift Potion"},{"floor":12,"key":"Swift Potion"},{"floor":16,"key":"Ancient Potion"}],"is_trial":false,"path_per_floor":["M","M","$","?","M","R","E","M","T","R","M","M","M","M","R","B",null,"M","M","$","T","M","R","E"],"character_chosen":"DEFECT","items_purchased":["Loop","Mercury Hourglass"],"campfire_rested":3,"item_purchase_floors":[3,20],"current_hp_per_floor":[64,64,64,64,64,64,62,55,55,78,78,78,70,63,78,54,72,49,36,36,36,32,55,10],"gold":73,"neow_bonus":"THREE_ENEMY_KILL","is_prod":false,"is_daily":false,"chose_seed":false,"campfire_upgraded":1,"win_rate":0,"timestamp":1556358836,"path_taken":["M","M","$","?","?","R","E","M","T","R","M","M","M","M","R","BOSS","M","M","$","?","?","R","E"],"build_version":"2019-01-23","purchased_purges":0,"victory":false,"max_hp_per_floor":[71,71,71,71,71,71,78,78,78,78,78,78,78,78,78,78,78,78,78,78,78,78,78,78],"card_choices":[{"not_picked":["Streamline","Hologram"],"picked":"Self Repair","floor":1},{"not_picked":["Leap","Lockon"],"picked":"Redo","floor":2},{"not_picked":["Rebound","Steam"],"picked":"Hello World","floor":5},{"not_picked":["Thunder Strike","Streamline"],"picked":"Redo","floor":7},{"not_picked":["Gash","Reprogram"],"picked":"Sunder","floor":8},{"not_picked":["Streamline","Recycle"],"picked":"Self Repair","floor":11},{"not_picked":["Hologram","Go for the Eyes"],"picked":"Force Field","floor":12},{"not_picked":["Turbo","Steam"],"picked":"Barrage","floor":13},{"not_picked":["Coolheaded","Sweeping Beam"],"picked":"Compile Driver","floor":14},{"not_picked":["Rainbow","Hyperbeam"],"picked":"Buffer","floor":16},{"not_picked":["Leap","Coolheaded"],"picked":"Force Field","floor":18},{"not_picked":["Conserve Battery","Steam"],"picked":"BootSequence","floor":19},{"not_picked":["Fusion","FTL"],"picked":"Static Discharge","floor":22}],"player_experience":1252629,"relics_obtained":[{"floor":7,"key":"Strawberry"},{"floor":9,"key":"Lantern"},{"floor":21,"key":"Whetstone"}],"event_choices":[{"damage_healed":0,"gold_gain":0,"cards_transformed":["Defend_B"],"player_choice":"Transformed","damage_taken":0,"max_hp_gain":0,"max_hp_loss":0,"event_name":"Transmorgrifier","floor":4,"gold_loss":0,"cards_obtained":["Leap"]}],"is_beta":false,"boss_relics":[{"not_picked":["Coffee Dripper","Eternal Feather"],"picked":"Nuclear Battery"}],"items_purged_floors":[],"is_endless":false,"potions_floor_spawned":[1,8,12,13,16],"killed_by":"Slavers","ascension_level":20}