{"gold_per_floor":[114,134,134,36,36,36,67,82,82,116,132,148,187,38,38,128,128,153,278,319,96,109,149,149,217,217,217,236,269,293,293,305,415,427,455,800,822,834,846,858,898,910,922,953,471,487,499,499],"floor_reached":48,"playtime":4291,"items_purged":["Strike_G","Strike_G","Regret"],"score":1036,"play_id":"82eadbdd-45fb-4b78-9121-3b284578528e","local_time":"20190420214148","is_ascension_mode":true,"campfire_choices":[{"data":"Neutralize","floor":6.0,"key":"SMITH"},{"data":"Predator","floor":15.0,"key":"SMITH"},{"data":"Cloak And Dagger","floor":24.0,"key":"SMITH"},{"data":"Burst","floor":27.0,"key":"SMITH"},{"floor":32.0,"key":"REST"},{"data":"Cloak And Dagger","floor":40.0,"key":"SMITH"},{"floor":42.0,"key":"REST"}],"neow_cost":"NONE","seed_source_timestamp":2095885355347,"circlet_count":0,"master_deck":["AscendersBane","Defend_G","Defend_G","Defend_G","Defend_G","Defend_G","Strike_G","Strike_G","Strike_G","Survivor","Neutralize+1","Predator+1","Slice","Backflip","Endless Agony","Die Die Die","PiercingWail","Calculated Gamble","Burst+1","Caltrops+1","Escape Plan","Backflip","Endless Agony","Cloak And Dagger+1","Blur+1","Backflip","A Thousand Cuts","Cloak And Dagger+1","PiercingWail+1","Well Laid Plans","Blur+1","Flechettes","Bouncing Flask+1"],"special_seed":0,"relics":["Ring of the Snake","NeowsBlessing","Ninja Scroll","Pen Nib","Happy Flower","Gremlin Horn","Bronze Scales","Philosopher\u0027s Stone","Nunchaku","Matryoshka","Red Mask","Ancient Tea Set","Tiny Chest","Boot","Mummified Hand","Snake Skull","MawBank","Bottled Lightning","Cursed Key","Toxic Egg 2","Strawberry"],"potions_floor_usage":[48],"damage_taken":[{"damage":0.0,"enemies":"Small Slimes","floor":1.0,"turns":1.0},{"damage":0.0,"enemies":"Jaw Worm","floor":2.0,"turns":1.0},{"damage":0.0,"enemies":"Gremlin Nob","floor":7.0,"turns":1.0},{"damage":0.0,"enemies":"2 Louse","floor":8.0,"turns":2.0},{"damage":7.0,"enemies":"3 Sentries","floor":10.0,"turns":6.0},{"damage":0.0,"enemies":"Exordium Thugs","floor":11.0,"turns":1.0},{"damage":0.0,"enemies":"3 Louse","floor":12.0,"turns":2.0},{"damage":0.0,"enemies":"Lagavulin","floor":13.0,"turns":2.0},{"damage":16.0,"enemies":"The Guardian","floor":16.0,"turns":11.0},{"damage":20.0,"enemies":"Shell Parasite","floor":18.0,"turns":3.0},{"damage":5.0,"enemies":"Colosseum Slavers","floor":19.0,"turns":2.0},{"damage":2.0,"enemies":"Colosseum Nobs","floor":19.0,"turns":4.0},{"damage":0.0,"enemies":"Masked Bandits","floor":20.0,"turns":3.0},{"damage":0.0,"enemies":"2 Thieves","floor":22.0,"turns":4.0},{"damage":0.0,"enemies":"Gremlin Leader","floor":23.0,"turns":6.0},{"damage":13.0,"enemies":"Book of Stabbing","floor":25.0,"turns":5.0},{"damage":21.0,"enemies":"Snecko","floor":28.0,"turns":4.0},{"damage":6.0,"enemies":"Gremlin Leader","floor":29.0,"turns":4.0},{"damage":5.0,"enemies":"Chosen and Byrds","floor":30.0,"turns":4.0},{"damage":16.0,"enemies":"Collector","floor":33.0,"turns":16.0},{"damage":7.0,"enemies":"Orb Walker","floor":35.0,"turns":2.0},{"damage":0.0,"enemies":"3 Shapes","floor":37.0,"turns":1.0},{"damage":40.0,"enemies":"Nemesis","floor":41.0,"turns":13.0},{"damage":0.0,"enemies":"3 Darklings","floor":44.0,"turns":2.0},{"damage":0.0,"enemies":"Spire Growth","floor":46.0,"turns":5.0},{"damage":0.0,"enemies":"Maw","floor":47.0,"turns":8.0},{"damage":52,"enemies":"Giant Head","floor":48,"turns":8}],"seed_played":"2356006408046088106","potions_obtained":[{"floor":1.0,"key":"Strength Potion"},{"floor":2.0,"key":"FearPotion"},{"floor":12.0,"key":"SpeedPotion"},{"floor":16.0,"key":"Regen Potion"},{"floor":19.0,"key":"Ancient Potion"},{"floor":23.0,"key":"Regen Potion"},{"floor":28.0,"key":"LiquidBronze"},{"floor":30.0,"key":"GhostInAJar"},{"floor":33.0,"key":"GhostInAJar"},{"floor":46.0,"key":"EssenceOfSteel"}],"is_trial":false,"path_per_floor":["M","M","?","$","?","R","E","M","T","E","M","M","E","$","R","B",null,"M","?","?","$","M","E","R","E","T","R","M","E","M","T","R","B",null,"M","?","M","T","?","R","E","R","T","M","$","M","M","E"],"character_chosen":"THE_SILENT","items_purchased":["Backflip","Bronze Scales","Backflip","Ancient Potion","Well Laid Plans","Blur+1","Strawberry","Ancient Potion"],"campfire_rested":2,"item_purchase_floors":[4,14,21,21,45,45,45,45],"current_hp_per_floor":[63,63,63,63,68,68,68,68,68,61,61,61,61,61,61,45,64,44,37,37,37,49,49,49,50,50,50,29,23,18,18,39,23,58,51,51,51,51,51,51,11,32,32,32,39,39,39,0],"gold":499,"neow_bonus":"THREE_ENEMY_KILL","is_prod":false,"is_daily":false,"chose_seed":false,"campfire_upgraded":5,"win_rate":0,"timestamp":1555814508,"path_taken":["M","M","?","$","?","R","E","M","T","E","M","M","E","?","R","BOSS","M","?","?","$","M","E","R","E","T","R","?","E","M","?","R","BOSS","M","?","M","?","?","R","E","R","T","M","$","?","?","E"],"build_version":"2019-01-23","purchased_purges":3,"victory":false,"max_hp_per_floor":[70,70,65,65,70,70,70,70,70,70,70,70,70,70,70,70,70,70,70,70,70,70,70,70,70,70,70,70,70,70,70,70,70,70,70,70,70,70,70,70,70,70,70,70,77,77,77,77],"card_choices":[{"not_picked":["Outmaneuver","Flechettes"],"picked":"Predator","floor":1.0},{"not_picked":["Eviscerate","Slice","Bane"],"picked":"SKIP","floor":2.0},{"not_picked":["Eviscerate","Bane"],"picked":"Slice","floor":2.0},{"not_picked":["Blur","Acrobatics"],"picked":"Endless Agony","floor":7.0},{"not_picked":["Concentrate","PiercingWail"],"picked":"Die Die Die","floor":8.0},{"not_picked":["Predator","Calculated Gamble"],"picked":"PiercingWail","floor":10.0},{"not_picked":["Skewer","Slice","Predator"],"picked":"SKIP","floor":11.0},{"not_picked":["Dagger Throw","Bane","Backflip"],"picked":"SKIP","floor":12.0},{"not_picked":["Dagger Spray","Riddle With Holes"],"picked":"Calculated Gamble","floor":13.0},{"not_picked":["Storm of Steel","A Thousand Cuts"],"picked":"Burst","floor":16.0},{"not_picked":["Dagger Throw","Dagger Spray"],"picked":"Caltrops+1","floor":18.0},{"not_picked":["Backflip","Dagger Throw"],"picked":"Escape Plan","floor":19.0},{"not_picked":["Reflex","Poisoned Stab"],"picked":"Endless Agony","floor":22.0},{"not_picked":["Calculated Gamble","Acrobatics"],"picked":"Cloak And Dagger","floor":23.0},{"not_picked":["Slice","Concentrate"],"picked":"Blur+1","floor":25.0},{"not_picked":["Night Terror","Eviscerate","Flechettes"],"picked":"SKIP","floor":28.0},{"not_picked":["Flying Knee","All Out Attack"],"picked":"Backflip","floor":29.0},{"not_picked":["Slice","Reflex","Dagger Throw"],"picked":"SKIP","floor":30.0},{"not_picked":["Adrenaline","Storm of Steel"],"picked":"A Thousand Cuts","floor":33.0},{"not_picked":["Dash+1","Backstab"],"picked":"Cloak And Dagger","floor":35.0},{"not_picked":["Choke","Slice","Underhanded Strike"],"picked":"SKIP","floor":37.0},{"not_picked":["Blur","Deadly Poison","Flechettes"],"picked":"SKIP","floor":41.0},{"not_picked":["Cloak And Dagger+1","Slice+1"],"picked":"PiercingWail+1","floor":44.0},{"not_picked":["Sucker Punch","Choke+1"],"picked":"Flechettes","floor":46.0},{"not_picked":["Tactician+1","Night Terror+1"],"picked":"Bouncing Flask+1","floor":47.0}],"player_experience":780490,"relics_obtained":[{"floor":7.0,"key":"Ninja Scroll"},{"floor":9.0,"key":"Pen Nib"},{"floor":10.0,"key":"Happy Flower"},{"floor":13.0,"key":"Gremlin Horn"},{"floor":19.0,"key":"Nunchaku"},{"floor":19.0,"key":"Matryoshka"},{"floor":20.0,"key":"Red Mask"},{"floor":23.0,"key":"Ancient Tea Set"},{"floor":25.0,"key":"Tiny Chest"},{"floor":26.0,"key":"Boot"},{"floor":26.0,"key":"Mummified Hand"},{"floor":29.0,"key":"Snake Skull"},{"floor":31.0,"key":"MawBank"},{"floor":31.0,"key":"Bottled Lightning"},{"floor":41.0,"key":"Toxic Egg 2"}],"event_choices":[{"damage_healed":0.0,"max_hp_gain":0.0,"max_hp_loss":5.0,"gold_gain":0.0,"event_name":"Golden Idol","player_choice":"Lose Max HP","floor":3.0,"gold_loss":0.0,"damage_taken":0.0,"relics_obtained":["Golden Idol"]},{"damage_healed":0.0,"max_hp_gain":5.0,"max_hp_loss":0.0,"gold_gain":0.0,"event_name":"Big Fish","player_choice":"Donut","floor":5.0,"gold_loss":0.0,"damage_taken":0.0},{"damage_healed":0.0,"max_hp_gain":0.0,"max_hp_loss":0.0,"gold_gain":0.0,"event_name":"Colosseum","player_choice":"Fight","floor":19.0,"gold_loss":0.0,"damage_taken":0.0},{"damage_healed":0.0,"max_hp_gain":0.0,"max_hp_loss":0.0,"gold_gain":0.0,"event_name":"Colosseum","player_choice":"Fought Nobs","floor":19.0,"gold_loss":0.0,"damage_taken":0.0},{"damage_healed":0.0,"max_hp_gain":0.0,"max_hp_loss":0.0,"gold_gain":0.0,"event_name":"Masked Bandits","player_choice":"Fought Bandits","floor":20.0,"gold_loss":0.0,"damage_taken":0.0},{"damage_healed":0.0,"max_hp_gain":0.0,"max_hp_loss":0.0,"gold_gain":333.0,"event_name":"The Moai Head","player_choice":"Gave Idol","floor":36.0,"relics_lost":["Golden Idol"],"gold_loss":0.0,"damage_taken":0.0},{"damage_healed":0.0,"max_hp_gain":0.0,"max_hp_loss":0.0,"gold_gain":0.0,"event_name":"SecretPortal","player_choice":"Ignored","floor":39.0,"gold_loss":0.0,"damage_taken":0.0}],"is_beta":false,"boss_relics":[{"not_picked":["Pandora\u0027s Box","White Beast Statue"],"picked":"Philosopher\u0027s Stone"},{"not_picked":["Astrolabe","Runic Pyramid"],"picked":"Cursed Key"}],"items_purged_floors":[4,21,45],"is_endless":false,"potions_floor_spawned":[1,2,12,16,19,19,23,28,30,33,46,47],"killed_by":"Giant Head","ascension_level":13}