{"gold_per_floor":[112,262,277,290,290,317,317,34,85,120,132,132,132,157,157,157],"floor_reached":16,"playtime":1466,"items_purged":["Doubt"],"score":230,"play_id":"0dfd2177-8efb-4732-9cfb-895aeb44effc","local_time":"20190410154925","is_ascension_mode":true,"campfire_choices":[{"data":"Corruption","floor":7.0,"key":"SMITH"},{"floor":13.0,"key":"REST"},{"floor":15.0,"key":"REST"}],"neow_cost":"NONE","seed_source_timestamp":9965712667355,"circlet_count":0,"master_deck":["AscendersBane","Strike_R+1","Strike_R","Strike_R+1","Strike_R","Strike_R","Defend_R","Defend_R","Defend_R","Defend_R+1","Bash","Feel No Pain+1","Corruption+1","Sword Boomerang","Sentinel","Pummel","Hemokinesis","Disarm","Seeing Red","Shrug It Off"],"special_seed":0,"relics":["Burning Blood","Whetstone","Dream Catcher","PreservedInsect","Blood Vial","Lantern","Boot"],"potions_floor_usage":[16],"damage_taken":[{"damage":9.0,"enemies":"Jaw Worm","floor":1.0,"turns":3.0},{"damage":12.0,"enemies":"Cultist","floor":3.0,"turns":4.0},{"damage":12.0,"enemies":"2 Louse","floor":4.0,"turns":4.0},{"damage":19.0,"enemies":"3 Sentries","floor":6.0,"turns":13.0},{"damage":13.0,"enemies":"Lagavulin","floor":10.0,"turns":7.0},{"damage":11.0,"enemies":"Exordium Wildlife","floor":11.0,"turns":4.0},{"damage":23.0,"enemies":"Gremlin Nob","floor":14.0,"turns":4.0},{"damage":41,"enemies":"The Guardian","floor":16,"turns":13}],"seed_played":"-5273052550249782320","potions_obtained":[{"floor":1.0,"key":"FearPotion"},{"floor":4.0,"key":"PowerPotion"},{"floor":5.0,"key":"Ancient Potion"},{"floor":5.0,"key":"Fire Potion"},{"floor":10.0,"key":"Ancient Potion"},{"floor":14.0,"key":"SkillPotion"}],"is_trial":false,"path_per_floor":["M","?","M","M","?","E","R","$","T","E","M","?","R","E","R","B"],"character_chosen":"IRONCLAD","items_purchased":["PreservedInsect","Pummel"],"campfire_rested":2,"item_purchase_floors":[8,8],"current_hp_per_floor":[65,65,59,53,53,40,40,40,40,35,32,9,31,16,38,0],"gold":157,"neow_bonus":"RANDOM_COMMON_RELIC","is_prod":false,"is_daily":false,"chose_seed":false,"campfire_upgraded":1,"win_rate":0,"timestamp":1554929365,"path_taken":["M","?","M","M","?","E","R","$","T","E","?","?","R","E","R","BOSS"],"build_version":"2019-01-23","purchased_purges":1,"victory":false,"max_hp_per_floor":[75,75,75,75,75,75,75,75,75,75,75,75,75,75,75,75],"card_choices":[{"not_picked":["Cleave","Thunderclap"],"picked":"Feel No Pain","floor":1.0},{"not_picked":["Infernal Blade","Metallicize"],"picked":"Corruption","floor":3.0},{"not_picked":["Armaments","Thunderclap"],"picked":"Sword Boomerang","floor":4.0},{"not_picked":["True Grit","Dual Wield"],"picked":"Sentinel","floor":6.0},{"not_picked":["Immolate","Anger"],"picked":"Hemokinesis","floor":10.0},{"not_picked":["Whirlwind","Clash"],"picked":"Disarm","floor":11.0},{"not_picked":["True Grit","Battle Trance"],"picked":"Seeing Red","floor":13.0},{"not_picked":["Cleave","Twin Strike","Pommel Strike"],"picked":"SKIP","floor":14.0},{"not_picked":["Pommel Strike","Body Slam"],"picked":"Shrug It Off","floor":15.0}],"player_experience":720506,"relics_obtained":[{"floor":6.0,"key":"Dream Catcher"},{"floor":9.0,"key":"Blood Vial"},{"floor":10.0,"key":"Lantern"},{"floor":14.0,"key":"Boot"}],"event_choices":[{"damage_healed":0.0,"max_hp_gain":0.0,"max_hp_loss":0.0,"gold_gain":150.0,"event_name":"Liars Game","player_choice":"AGREE","floor":2.0,"gold_loss":0.0,"damage_taken":0.0,"cards_obtained":["Doubt"]},{"damage_healed":0.0,"max_hp_gain":0.0,"max_hp_loss":0.0,"gold_gain":0.0,"event_name":"Lab","player_choice":"Got Potions","floor":5.0,"gold_loss":0.0,"damage_taken":0.0},{"damage_healed":0.0,"max_hp_gain":0.0,"max_hp_loss":0.0,"gold_gain":0.0,"event_name":"Shining Light","player_choice":"Entered Light","floor":12.0,"gold_loss":0.0,"damage_taken":23.0,"cards_upgraded":["Defend_R","Feel No Pain"]}],"is_beta":false,"boss_relics":[],"items_purged_floors":[8],"is_endless":false,"potions_floor_spawned":[1,4,10,14],"killed_by":"The Guardian","ascension_level":19}