{"gold_per_floor":[117,135,4,4,21,21,53,73,100,127,157,168,194,194,194,271,271,281,281,296,63,73,98,98,133,202,231,242,269,269,78,78,149,149,169,31,31,43,43,43,72,83,107,207,207,53,66,85,85,85],"floor_reached":51,"playtime":3231,"items_purged":["Strike_R","Strike_R","Strike_R","Strike_R"],"score":1396,"play_id":"802d92c5-4d15-49de-99b1-54df957b2d9f","local_time":"20190207192253","is_ascension_mode":true,"campfire_choices":[{"data":"Body Slam","floor":6.0,"key":"SMITH"},{"data":"Sword Boomerang","floor":15.0,"key":"SMITH"},{"data":"Flame Barrier","floor":24.0,"key":"SMITH"},{"data":"Uppercut","floor":32.0,"key":"SMITH"},{"data":"Limit Break","floor":40.0,"key":"SMITH"},{"data":"Pummel","floor":45.0,"key":"SMITH"},{"data":"J.A.X.","floor":49,"key":"SMITH"}],"neow_cost":"NONE","seed_source_timestamp":68661412421052,"circlet_count":0,"master_deck":["AscendersBane","Defend_R","Defend_R","Defend_R","Defend_R","Bash","Flame Barrier+1","Pommel Strike","Immolate","Body Slam+1","True Grit+1","Spot Weakness","Sword Boomerang+1","Reaper","Heavy Blade+1","Feed","Battle Trance","Shrug It Off","Uppercut+1","J.A.X.+1","Inflame+1","Limit Break+1","Shockwave","Pummel+1","Master of Strategy","True Grit+1","Headbutt","Blind"],"special_seed":0,"relics":["Burning Blood","Red Skull","Omamori","Lantern","Bronze Scales","Bottled Flame","Philosopher\u0027s Stone","Ancient Tea Set","Smiling Mask","Frozen Egg 2","Champion Belt","Strawberry","Sozu","NlothsMask","The Courier","Charon\u0027s Ashes"],"potions_floor_usage":[50],"damage_taken":[{"damage":1.0,"enemies":"Cultist","floor":1.0,"turns":4.0},{"damage":3.0,"enemies":"Jaw Worm","floor":2.0,"turns":5.0},{"damage":0.0,"enemies":"2 Louse","floor":5.0,"turns":2.0},{"damage":5.0,"enemies":"Gremlin Nob","floor":7.0,"turns":3.0},{"damage":10.0,"enemies":"Exordium Thugs","floor":8.0,"turns":4.0},{"damage":25.0,"enemies":"3 Sentries","floor":11.0,"turns":6.0},{"damage":8.0,"enemies":"Large Slime","floor":12.0,"turns":5.0},{"damage":22.0,"enemies":"Gremlin Nob","floor":13.0,"turns":4.0},{"damage":9.0,"enemies":"Hexaghost","floor":16.0,"turns":8.0},{"damage":0.0,"enemies":"3 Byrds","floor":18.0,"turns":2.0},{"damage":2.0,"enemies":"Chosen","floor":20.0,"turns":4.0},{"damage":9.0,"enemies":"Centurion and Healer","floor":22.0,"turns":7.0},{"damage":48.0,"enemies":"Slavers","floor":23.0,"turns":5.0},{"damage":2.0,"enemies":"Book of Stabbing","floor":25.0,"turns":3.0},{"damage":25.0,"enemies":"Gremlin Leader","floor":27.0,"turns":6.0},{"damage":4.0,"enemies":"Cultist and Chosen","floor":28.0,"turns":5.0},{"damage":25.0,"enemies":"Slavers","floor":29.0,"turns":4.0},{"damage":62.0,"enemies":"Automaton","floor":33.0,"turns":8.0},{"damage":18.0,"enemies":"Orb Walker","floor":35.0,"turns":4.0},{"damage":4.0,"enemies":"3 Shapes","floor":38.0,"turns":4.0},{"damage":51.0,"enemies":"Nemesis","floor":41.0,"turns":6.0},{"damage":7.0,"enemies":"Sphere and 2 Shapes","floor":42.0,"turns":3.0},{"damage":0.0,"enemies":"Mind Bloom Boss Battle","floor":44.0,"turns":2.0},{"damage":6,"enemies":"Transient","floor":47,"turns":5},{"damage":27,"enemies":"Jaw Worm Horde","floor":48,"turns":8},{"damage":69,"enemies":"Awakened One","floor":50,"turns":9}],"seed_played":"6810798072985388692","potions_obtained":[{"floor":0.0,"key":"Weak Potion"},{"floor":0.0,"key":"FearPotion"},{"floor":7.0,"key":"EssenceOfSteel"},{"floor":23.0,"key":"Swift Potion"},{"floor":25.0,"key":"GamblersBrew"},{"floor":27.0,"key":"BloodPotion"},{"floor":33.0,"key":"Weak Potion"}],"is_trial":false,"path_per_floor":["M","M","$","?","M","R","E","M","T","T","E","M","E","?","R","B",null,"M","?","M","$","M","E","R","E","T","E","M","E","?","$","R","B",null,"M","$","?","M","?","R","E","M","T","?","R","$","M","M","R","B",null],"character_chosen":"IRONCLAD","items_purchased":["Immolate","Fire Potion","Feed","Strength Potion","Inflame+1","Pummel","Headbutt","Blind"],"campfire_rested":0,"item_purchase_floors":[3,3,21,31,31,36,46,46],"current_hp_per_floor":[73,75,75,75,75,75,75,71,71,71,52,50,34,34,34,31,64,70,70,74,74,78,46,46,53,53,37,64,65,65,65,65,43,81,75,75,75,97,97,97,53,57,57,66,66,66,100,85,85,50],"gold":85,"neow_bonus":"THREE_SMALL_POTIONS","is_prod":false,"is_daily":false,"chose_seed":false,"campfire_upgraded":7,"win_rate":0,"timestamp":1549563773,"path_taken":["M","M","$","?","?","R","E","M","T","?","E","?","E","?","R","BOSS","M","?","M","$","M","E","R","E","T","E","M","E","?","$","R","BOSS","M","$","?","?","?","R","E","M","T","?","R","?","M","M","R","BOSS"],"build_version":"2019-01-23","purchased_purges":4,"victory":true,"max_hp_per_floor":[75,75,75,75,75,75,75,75,75,75,75,75,75,75,75,75,75,75,75,75,75,78,78,78,81,81,84,84,94,94,94,94,94,94,94,94,94,97,97,97,97,97,97,100,100,100,100,103,103,103],"card_choices":[{"not_picked":["Blood for Blood","Twin Strike"],"picked":"Flame Barrier","floor":1.0},{"not_picked":["Clash","Flame Barrier"],"picked":"Pommel Strike","floor":2.0},{"not_picked":["Sword Boomerang","Shockwave"],"picked":"Body Slam","floor":5.0},{"not_picked":["Flex","Seeing Red"],"picked":"True Grit","floor":7.0},{"not_picked":["Sword Boomerang","Reckless Charge"],"picked":"Spot Weakness","floor":8.0},{"not_picked":["Flex","Armaments","Twin Strike"],"picked":"SKIP","floor":11.0},{"not_picked":["Body Slam","Iron Wave","Havoc"],"picked":"SKIP","floor":12.0},{"not_picked":["Spot Weakness","Pommel Strike"],"picked":"Sword Boomerang","floor":13.0},{"not_picked":["Bludgeon","Berserk"],"picked":"Reaper","floor":16.0},{"not_picked":["Iron Wave","Whirlwind","Thunderclap"],"picked":"SKIP","floor":18.0},{"not_picked":["Warcry","Twin Strike"],"picked":"Heavy Blade+1","floor":20.0},{"not_picked":["Twin Strike","Warcry+1"],"picked":"Battle Trance","floor":22.0},{"not_picked":["Anger","Pommel Strike"],"picked":"Shrug It Off","floor":23.0},{"not_picked":["Flex","Feel No Pain","Cleave"],"picked":"SKIP","floor":25.0},{"not_picked":["Twin Strike","Heavy Blade","Brutality+1"],"picked":"SKIP","floor":27.0},{"not_picked":["Headbutt","Body Slam"],"picked":"Uppercut","floor":28.0},{"not_picked":["Burning Pact+1","Flex","Wild Strike"],"picked":"SKIP","floor":29.0},{"not_picked":["Exhume","Fiend Fire"],"picked":"Limit Break","floor":33.0},{"not_picked":["Rage+1","Havoc+1"],"picked":"Shockwave","floor":35.0},{"not_picked":["Perfected Strike+1","Burning Pact+1","Sword Boomerang"],"picked":"SKIP","floor":38.0},{"not_picked":["PanicButton","Enlightenment"],"picked":"Master of Strategy","floor":39.0},{"not_picked":["Heavy Blade","Sword Boomerang"],"picked":"True Grit+1","floor":41.0},{"not_picked":["Bloodletting","Entrench+1","Inflame+1"],"picked":"SKIP","floor":42.0},{"not_picked":["Burning Pact+1","Cleave","Twin Strike+1"],"picked":"SKIP","floor":47},{"not_picked":["Sword Boomerang","Headbutt","Shockwave"],"picked":"SKIP","floor":48}],"player_experience":330816,"relics_obtained":[{"floor":7.0,"key":"Red Skull"},{"floor":9.0,"key":"Omamori"},{"floor":10.0,"key":"Lantern"},{"floor":11.0,"key":"Bronze Scales"},{"floor":13.0,"key":"Bottled Flame"},{"floor":23.0,"key":"Ancient Tea Set"},{"floor":25.0,"key":"Smiling Mask"},{"floor":26.0,"key":"Frozen Egg 2"},{"floor":27.0,"key":"Champion Belt"},{"floor":29.0,"key":"Strawberry"},{"floor":41.0,"key":"The Courier"},{"floor":44.0,"key":"Charon\u0027s Ashes"}],"event_choices":[{"cards_removed":["Strike_R"],"damage_healed":0.0,"max_hp_gain":0.0,"max_hp_loss":0.0,"gold_gain":0.0,"event_name":"Bonfire Elementals","player_choice":"Offered Basic","floor":4.0,"gold_loss":0.0,"damage_taken":0.0},{"damage_healed":0.0,"max_hp_gain":0.0,"max_hp_loss":0.0,"gold_gain":0.0,"event_name":"Living Wall","player_choice":"Grow","floor":14.0,"gold_loss":0.0,"damage_taken":0.0,"cards_upgraded":["True Grit"]},{"damage_healed":0.0,"max_hp_gain":0.0,"max_hp_loss":0.0,"gold_gain":0.0,"event_name":"Vampires","player_choice":"Ignored","floor":19.0,"gold_loss":0.0,"damage_taken":0.0},{"damage_healed":0.0,"max_hp_gain":0.0,"max_hp_loss":0.0,"gold_gain":0.0,"event_name":"Drug Dealer","player_choice":"Obtain J.A.X.","floor":30.0,"gold_loss":0.0,"damage_taken":0.0,"cards_obtained":["J.A.X."]},{"damage_healed":0.0,"max_hp_gain":0.0,"max_hp_loss":0.0,"gold_gain":0.0,"event_name":"FaceTrader","player_choice":"Trade","floor":37.0,"gold_loss":0.0,"damage_taken":0.0,"relics_obtained":["NlothsMask"]},{"damage_healed":0.0,"max_hp_gain":0.0,"max_hp_loss":0.0,"gold_gain":0.0,"event_name":"SensoryStone","player_choice":"Memory 1","floor":39.0,"gold_loss":0.0,"damage_taken":0.0},{"damage_healed":0.0,"max_hp_gain":0.0,"max_hp_loss":0.0,"gold_gain":0.0,"event_name":"MindBloom","player_choice":"Fight","floor":44.0,"gold_loss":0.0,"damage_taken":0.0}],"is_beta":false,"boss_relics":[{"not_picked":["Orrery","Runic Pyramid"],"picked":"Philosopher\u0027s Stone"},{"not_picked":["White Beast Statue","Astrolabe"],"picked":"Sozu"}],"items_purged_floors":[21,31,36,46],"is_endless":false,"potions_floor_spawned":[2,7,11,12,13,23,25,27,33,38,42],"ascension_level":16}