{"path_per_floor":["M","?","?","M","$","E","R","$","T","E","M","E","?","?","R","B",null,"M","M","M","$","?"],"character_chosen":"IRONCLAD","items_purchased":["Metallicize","Iron Wave","Thread and Needle","Twin Strike"],"gold_per_floor":[117,117,117,133,65,99,99,46,116,143,161,187,187,187,187,308,308,329,354,378,42,42,42],"floor_reached":23,"campfire_rested":1,"playtime":1506,"current_hp_per_floor":[80,68,68,71,71,49,49,49,49,42,41,29,29,29,53,10,63,52,40,25,25,25,0],"items_purged":[],"gold":42,"score":259,"play_id":"831e81ea-199c-4248-8e51-5b3dacb7f0fc","local_time":"20180412221304","is_prod":false,"is_daily":false,"chose_seed":false,"is_ascension_mode":true,"campfire_upgraded":1,"timestamp":1523596384,"path_taken":["M","?","?","M","$","E","R","?","T","E","M","E","?","?","R","BOSS","M","M","M","$","?","E"],"build_version":"2018-04-12","seed_source_timestamp":88077875740327,"purchased_purges":0,"victory":false,"master_deck":["Strike_R","Strike_R","Strike_R","Defend_R","Defend_R","Defend_R","Defend_R","Bash+1","Clash","Pommel Strike","Metallicize+1","Offering","Iron Wave","Pommel Strike","Battle Trance","Clash","Injury","Flame Barrier","Demon Form","Iron Wave","Twin Strike"],"max_hp_per_floor":[80,80,80,80,80,80,80,80,80,80,80,80,80,80,80,80,80,80,80,80,80,80,80],"relics":["Burning Blood","Calipers","Du-Vu Doll","Bottled Flame","Blue Candle","Torii","Golden Idol","Velvet Choker","Thread and Needle"],"card_choices":[{"not_picked":["Warcry","Reckless Charge"],"picked":"Clash","floor":1},{"not_picked":["Shrug It Off","Inflame"],"picked":"Pommel Strike","floor":4},{"not_picked":["True Grit","Bloodletting"],"picked":"Offering","floor":6},{"not_picked":["Bloodletting","Sword Boomerang"],"picked":"Pommel Strike","floor":10},{"not_picked":["Burning Pact","Twin Strike"],"picked":"Battle Trance","floor":11},{"not_picked":["Reckless Charge","Warcry"],"picked":"Clash","floor":12},{"not_picked":["Fiend Fire","Brutality"],"picked":"Demon Form","floor":16},{"not_picked":["Heavy Blade","Thunderclap"],"picked":"Iron Wave","floor":20}],"player_experience":277184,"potions_floor_usage":[6,20],"damage_taken":[{"damage":1,"enemies":"Cultist","floor":1,"turns":3},{"damage":3,"enemies":"Small Slimes","floor":4,"turns":3},{"damage":43,"enemies":"Lagavulin","floor":6,"turns":9},{"damage":13,"enemies":"3 Sentries","floor":10,"turns":10},{"damage":7,"enemies":"Jaw Worm","floor":11,"turns":2},{"damage":18,"enemies":"Gremlin Nob","floor":12,"turns":4},{"damage":49,"enemies":"Hexaghost","floor":16,"turns":13},{"damage":17,"enemies":"2 Thieves","floor":18,"turns":5},{"damage":18,"enemies":"3 Byrds","floor":19,"turns":6},{"damage":21,"enemies":"Centurion and Healer","floor":20,"turns":6},{"damage":29,"enemies":"Slavers","floor":23,"turns":1}],"event_choices":[{"event_name":"Scrap Ooze","player_choice":"success","floor":2,"damage_taken":12},{"event_name":"Upgrade Shrine","player_choice":"Upgraded","floor":3,"damage_taken":0},{"event_name":"Golden Idol","player_choice":"Take Wound","floor":13,"damage_taken":0},{"event_name":"Transmorgrifier","player_choice":"Transform","floor":14,"damage_taken":0},{"event_name":"Purifier","player_choice":"One Purge","floor":22,"damage_taken":0}],"boss_relics":[{"not_picked":["Eternal Feather","Black Star"],"picked":"Velvet Choker"}],"potions_floor_spawned":[4,12,19],"seed_played":"-4421801794136351535","killed_by":"Slavers","ascension_level":5,"is_trial":false}