{"gold_per_floor":[113,113,128,139,154,154,154,61,61,61,71,71,71,98,98,199,199,212,122,47,47,47,73,73,106,106,106,137,149,178,190,190,288,288,298,298,298,298,318,318,328,355,355,355,374,390,390,390,390,390],"floor_reached":51,"playtime":1926,"items_purged":["Strike_B"],"score":1239,"play_id":"1bef7f22-f767-409c-bfc3-b0c43cbe6717","local_time":"20181016214931","is_ascension_mode":true,"campfire_choices":[{"data":"Zap","floor":6.0,"key":"SMITH"},{"data":"Dualcast","floor":10.0,"key":"SMITH"},{"data":"Zap","floor":12.0,"key":"SMITH"},{"data":"Biased Cognition","floor":15.0,"key":"SMITH"},{"floor":24.0,"key":"REST"},{"floor":27.0,"key":"REST"},{"data":"Capacitor","floor":32.0,"key":"SMITH"},{"data":"Defragment","floor":40.0,"key":"SMITH"},{"data":"Conserve Battery","floor":44,"key":"SMITH"},{"floor":47,"key":"REST"},{"data":"Leap","floor":49,"key":"SMITH"}],"neow_cost":"PERCENT_DAMAGE","seed_source_timestamp":0,"circlet_count":0,"master_deck":["Defend_B+1","Defend_B+1","Defend_B+1","Defend_B+1","Zap+1","Dualcast+1","AscendersBane","Hologram","Cold Snap+1","Biased Cognition+1","Leap+1","Zap+1","Defragment+1","Cold Snap+1","Defragment+1","Seek","Capacitor+1","Hologram+1","Cold Snap+1","Go for the Eyes+1","Cold Snap+1","All For One+1","Storm+1","Double Energy+1","Undo+1","Ball Lightning+1","Glacier+1","Conserve Battery+1","Stack+1","Mind Blast+1"],"special_seed":0,"relics":["Cracked Core","Gremlin Horn","Cables","Omamori","Whetstone","Sozu","DataDisk","Letter Opener","Molten Egg 2","Anchor","Bronze Scales","Astrolabe","Centennial Puzzle","Frozen Egg 2"],"potions_floor_usage":[50,50],"damage_taken":[{"damage":3.0,"enemies":"Jaw Worm","floor":1.0,"turns":4.0},{"damage":5.0,"enemies":"Small Slimes","floor":3.0,"turns":3.0},{"damage":2.0,"enemies":"2 Louse","floor":4.0,"turns":2.0},{"damage":11.0,"enemies":"Red Slaver","floor":5.0,"turns":3.0},{"damage":7.0,"enemies":"3 Louse","floor":11.0,"turns":2.0},{"damage":1.0,"enemies":"Gremlin Nob","floor":14.0,"turns":3.0},{"damage":22.0,"enemies":"Hexaghost","floor":16.0,"turns":10.0},{"damage":3.0,"enemies":"3 Byrds","floor":18.0,"turns":4.0},{"damage":46.0,"enemies":"Slavers","floor":23.0,"turns":5.0},{"damage":11.0,"enemies":"Book of Stabbing","floor":25.0,"turns":4.0},{"damage":23.0,"enemies":"Slavers","floor":28.0,"turns":4.0},{"damage":0.0,"enemies":"Spheric Guardian","floor":29.0,"turns":3.0},{"damage":0.0,"enemies":"Gremlin Leader","floor":30.0,"turns":4.0},{"damage":2.0,"enemies":"Snecko","floor":31.0,"turns":3.0},{"damage":9.0,"enemies":"Automaton","floor":33.0,"turns":10.0},{"damage":0.0,"enemies":"Orb Walker","floor":35.0,"turns":3.0},{"damage":0.0,"enemies":"3 Darklings","floor":39.0,"turns":3.0},{"damage":0.0,"enemies":"Sphere and 2 Shapes","floor":41.0,"turns":3.0},{"damage":0,"enemies":"Giant Head","floor":42,"turns":8},{"damage":12,"enemies":"Reptomancer","floor":45,"turns":4},{"damage":4,"enemies":"4 Shapes","floor":46,"turns":3},{"damage":65,"enemies":"Time Eater","floor":50,"turns":12}],"seed_played":"-3197799084815836331","potions_obtained":[{"floor":4.0,"key":"Fire Potion"},{"floor":5.0,"key":"Dexterity Potion"},{"floor":14.0,"key":"Explosive Potion"}],"is_trial":false,"path_per_floor":["M","?","M","M","M","R","?","$","T","R","M","R","T","E","R","B",null,"M","?","$","?","?","E","R","E","T","R","E","M","E","M","R","B",null,"M","?","?","?","M","R","M","E","T","R","M","M","R","?","R","B"],"character_chosen":"DEFECT","items_purchased":["Defragment","Cold Snap"],"campfire_rested":3,"item_purchase_floors":[8,8],"current_hp_per_floor":[61,61,56,54,43,43,43,43,43,43,36,36,36,35,35,13,70,67,67,67,67,67,21,47,36,36,62,39,39,39,37,37,28,74,74,74,74,74,74,74,74,74,74,74,62,58,84,84,84,19],"gold":390,"neow_bonus":"TWENTY_PERCENT_HP_BONUS","is_prod":false,"is_daily":false,"chose_seed":false,"campfire_upgraded":8,"win_rate":0,"timestamp":1539751771,"path_taken":["M","?","M","M","M","R","?","$","T","R","M","R","?","E","R","BOSS","M","?","$","?","?","E","R","E","T","R","E","M","E","?","R","BOSS","M","?","?","?","M","R","M","E","T","R","M","M","R","?","R","BOSS"],"build_version":"2018-10-11","purchased_purges":1,"victory":true,"max_hp_per_floor":[89,89,89,89,89,89,89,89,89,89,89,89,89,89,89,89,89,89,89,89,89,89,89,89,89,89,89,89,89,89,89,89,89,89,89,89,89,89,89,89,89,89,89,89,89,89,89,89,89,89],"card_choices":[{"not_picked":["Gash","Scrape","Beam Cell"],"picked":"SKIP","floor":1.0},{"not_picked":["Steam","Recycle","Gash"],"picked":"SKIP","floor":3.0},{"not_picked":["Steam","Rip and Tear"],"picked":"Hologram","floor":4.0},{"not_picked":["Force Field","Static Discharge"],"picked":"Cold Snap","floor":5.0},{"not_picked":["Chaos","Rebound"],"picked":"Defragment","floor":11.0},{"not_picked":["Thunder Strike","Gash","Compile Driver"],"picked":"SKIP","floor":14.0},{"not_picked":["Multi-Cast","Reboot"],"picked":"Seek","floor":16.0},{"not_picked":["Compile Driver+1","Melter+1"],"picked":"Capacitor","floor":18.0},{"not_picked":["Barrage","Force Field","Chaos"],"picked":"SKIP","floor":23.0},{"not_picked":["Ball Lightning","Fusion"],"picked":"Hologram+1","floor":25.0},{"not_picked":["Heatsinks","White Noise","Redo"],"picked":"SKIP","floor":28.0},{"not_picked":["Scrape+1","Beam Cell+1"],"picked":"Cold Snap+1","floor":29.0},{"not_picked":["White Noise","Compile Driver+1"],"picked":"Go for the Eyes+1","floor":30.0},{"not_picked":["Rebound+1","Heatsinks"],"picked":"Cold Snap+1","floor":31.0},{"not_picked":["Meteor Strike+1","Rainbow"],"picked":"All For One+1","floor":33.0},{"not_picked":["Rebound+1","Compile Driver+1"],"picked":"Ball Lightning+1","floor":35.0},{"not_picked":["Hello World+1","Melter+1"],"picked":"Glacier+1","floor":39.0},{"not_picked":["Rebound+1","Turbo"],"picked":"Conserve Battery","floor":41.0},{"not_picked":["Doom and Gloom+1","Genetic Algorithm+1"],"picked":"Stack+1","floor":42},{"not_picked":["Reinforced Body","Rip and Tear+1","Streamline+1"],"picked":"SKIP","floor":45},{"not_picked":["Turbo+1","Undo","Scrape+1"],"picked":"SKIP","floor":46},{"not_picked":["Trip","Impatience"],"picked":"Mind Blast+1","floor":48}],"player_experience":948530,"relics_obtained":[{"floor":9.0,"key":"Cables"},{"floor":13.0,"key":"Omamori"},{"floor":14.0,"key":"Whetstone"},{"floor":23.0,"key":"DataDisk"},{"floor":25.0,"key":"Letter Opener"},{"floor":26.0,"key":"Molten Egg 2"},{"floor":28.0,"key":"Anchor"},{"floor":30.0,"key":"Bronze Scales"},{"floor":42,"key":"Centennial Puzzle"},{"floor":43,"key":"Frozen Egg 2"}],"event_choices":[{"event_name":"Big Fish","player_choice":"Box","floor":2.0,"damage_taken":0.0},{"event_name":"Match and Keep!","player_choice":"3 cards matched","floor":7.0,"damage_taken":0.0},{"event_name":"Designer","player_choice":"Full Service","floor":19.0,"damage_taken":0.0},{"event_name":"Beggar","player_choice":"Ignored","floor":21.0,"damage_taken":0.0},{"event_name":"Back to Basics","player_choice":"Simplicity","floor":22.0,"damage_taken":0.0},{"event_name":"The Woman in Blue","player_choice":"Bought 0 Potions","floor":36.0,"damage_taken":0.0},{"event_name":"Tomb of Lord Red Mask","player_choice":"Ignored","floor":37.0,"damage_taken":0.0},{"event_name":"Upgrade Shrine","player_choice":"Upgraded","floor":38.0,"damage_taken":0.0},{"event_name":"SensoryStone","player_choice":"Memory 1","floor":48,"damage_taken":0}],"is_beta":false,"boss_relics":[{"not_picked":["Calling Bell","Runic Dome"],"picked":"Sozu"},{"not_picked":["Pandora\u0027s Box","Eternal Feather"],"picked":"Astrolabe"}],"items_purged_floors":[20],"is_endless":false,"potions_floor_spawned":[4,5,14,29,30,31,33,41,42],"ascension_level":10}