{"path_per_floor":["M","M","$","?","M","R","E","R","T","M","R","?","M","E","R","B",null,"M","M","M","$","?","R","M","E","T","E","?","M","R","M","R","B",null,"M","?","M","?","$","R","?","M","T","$","R","M","E","M","R","B"],"character_chosen":"IRONCLAD","items_purchased":["Battle Trance"],"gold_per_floor":[109,124,49,49,67,67,92,92,92,110,110,167,187,217,217,295,295,312,324,336,236,236,236,247,278,278,278,278,289,289,302,302,379,409,421,421,438,438,238,238,238,250,250,100,100,115,147,157,157,157],"floor_reached":51,"campfire_rested":2,"playtime":2393,"item_purchase_floors":[],"current_hp_per_floor":[84,75,75,58,62,62,28,28,28,23,23,28,26,16,42,35,74,63,65,45,45,45,45,38,17,17,23,7,13,39,36,36,8,72,59,59,65,88,88,88,88,90,90,90,90,89,90,93,93,24],"items_purged":["Strike_R","Strike_R","Strike_R","Writhe"],"gold":157,"score":1275,"play_id":"aa89cf21-fe2f-4319-afa0-271673a2ba9f","local_time":"20180602000428","is_prod":false,"is_daily":false,"chose_seed":false,"is_ascension_mode":true,"campfire_upgraded":8,"win_rate":0,"timestamp":1527923068,"campfire_choices":[{"data":"Searing Blow","floor":6.0,"key":"SMITH"},{"data":"Searing Blow+1","floor":8.0,"key":"SMITH"},{"data":"Searing Blow+2","floor":11.0,"key":"SMITH"},{"floor":15.0,"key":"REST"},{"data":"Searing Blow+3","floor":23.0,"key":"SMITH"},{"floor":30.0,"key":"REST"},{"data":"Searing Blow+4","floor":32.0,"key":"SMITH"},{"data":"Searing Blow+6","floor":40.0,"key":"SMITH"},{"data":"Searing Blow+7","floor":45.0,"key":"SMITH"},{"data":"Searing Blow+8","floor":49,"key":"SMITH"}],"path_taken":["M","?","$","?","M","R","E","R","T","M","R","?","M","E","R","BOSS","M","M","M","$","?","R","M","E","T","E","?","M","R","M","R","BOSS","M","?","M","?","$","R","?","?","T","?","R","?","E","M","R","BOSS"],"build_version":"2018-05-31","seed_source_timestamp":0,"purchased_purges":4,"victory":true,"master_deck":["Strike_R+1","Strike_R+1","Defend_R","Defend_R","Defend_R","Bash+1","AscendersBane","Searing Blow+9","Disarm","Armaments","Offering","Shrug It Off","Double Tap","Whirlwind","Immolate","Dual Wield","Intimidate","Necronomicurse","Headbutt","Feed","Shrug It Off","True Grit","True Grit","Injury","Battle Trance","Uppercut","Ghostly Armor+1","Corruption+1"],"max_hp_per_floor":[87,87,87,87,87,87,87,87,87,87,87,87,87,87,87,87,87,87,87,87,87,87,87,87,87,87,87,87,87,87,87,87,87,92,92,92,92,92,92,92,92,92,92,92,92,98,98,98,98,98],"relics":["Burning Blood","Strawberry","Frozen Egg 2","Gremlin Horn","Potion Belt","Prayer Wheel","Sozu","Red Skull","Letter Opener","Necronomicon","Tiny House","Bird Faced Urn","Bag of Marbles"],"card_choices":[{"not_picked":["Reckless Charge","Twin Strike"],"picked":"Searing Blow","floor":1.0},{"not_picked":["Clothesline","True Grit"],"picked":"Disarm","floor":2.0},{"not_picked":["Thunderclap","Pummel","Blood for Blood"],"picked":"SKIP","floor":5.0},{"not_picked":["Whirlwind","Disarm","Feel No Pain"],"picked":"SKIP","floor":7.0},{"not_picked":["Combust+1","Dropkick","Flex"],"picked":"SKIP","floor":10.0},{"not_picked":["Iron Wave","Body Slam"],"picked":"Armaments","floor":12.0},{"not_picked":["Fire Breathing+1","Heavy Blade"],"picked":"Offering","floor":13.0},{"not_picked":["Twin Strike","Thunderclap"],"picked":"Shrug It Off","floor":14.0},{"not_picked":["Fiend Fire","Reaper"],"picked":"Double Tap","floor":16.0},{"not_picked":["Entrench","Heavy Blade"],"picked":"Whirlwind","floor":18.0},{"not_picked":["Evolve+1","Sword Boomerang","Heavy Blade"],"picked":"SKIP","floor":18.0},{"not_picked":["Iron Wave","Perfected Strike"],"picked":"Immolate","floor":19.0},{"not_picked":["Clothesline","Flame Barrier","Burning Pact"],"picked":"SKIP","floor":19.0},{"not_picked":["Anger","Uppercut"],"picked":"Dual Wield","floor":20.0},{"not_picked":["Clothesline","Sword Boomerang+1","Iron Wave"],"picked":"SKIP","floor":20.0},{"not_picked":["Twin Strike","Inflame+1"],"picked":"Intimidate","floor":24.0},{"not_picked":["Reckless Charge","Inflame+1","Flex"],"picked":"SKIP","floor":24.0},{"not_picked":["Cleave","Limit Break","Clothesline"],"picked":"SKIP","floor":25.0},{"not_picked":["Body Slam","True Grit"],"picked":"Headbutt","floor":29.0},{"not_picked":["Flex","Burning Pact","Entrench+1"],"picked":"SKIP","floor":29.0},{"not_picked":["Intimidate","Sever Soul","Warcry"],"picked":"SKIP","floor":31.0},{"not_picked":["Perfected Strike","Dropkick","Fiend Fire"],"picked":"SKIP","floor":31.0},{"not_picked":["Reaper","Demon Form+1"],"picked":"Feed","floor":33.0},{"not_picked":["Twin Strike","Anger"],"picked":"Shrug It Off","floor":34.0},{"not_picked":["Clash+1","Thunderclap"],"picked":"True Grit","floor":35.0},{"not_picked":["Thunderclap","True Grit","Whirlwind"],"picked":"SKIP","floor":35.0},{"not_picked":["Thunderclap","Whirlwind"],"picked":"True Grit","floor":35.0},{"not_picked":["Heavy Blade","Sword Boomerang","Perfected Strike"],"picked":"SKIP","floor":37.0},{"not_picked":["Havoc","Anger+1","Sword Boomerang"],"picked":"SKIP","floor":37.0},{"not_picked":["Flex+1","Carnage","Blood for Blood"],"picked":"SKIP","floor":42.0},{"not_picked":["Rage","True Grit","Sever Soul+1"],"picked":"SKIP","floor":42.0},{"not_picked":["Thunderclap","Heavy Blade","Uppercut"],"picked":"SKIP","floor":46},{"not_picked":["Entrench","Dropkick","Flex+1"],"picked":"SKIP","floor":46},{"not_picked":["Thunderclap","Heavy Blade"],"picked":"Uppercut","floor":46},{"not_picked":["Entrench","Dropkick","Flex+1"],"picked":"SKIP","floor":46},{"not_picked":["Entrench","Bloodletting"],"picked":"Ghostly Armor+1","floor":47},{"not_picked":["Anger","Perfected Strike"],"picked":"Corruption+1","floor":48},{"not_picked":["Wild Strike","Brutality+1","Perfected Strike"],"picked":"SKIP","floor":48},{"not_picked":["Wild Strike","Brutality+1","Perfected Strike"],"picked":"SKIP","floor":48}],"player_experience":543967,"potions_floor_usage":[],"damage_taken":[{"damage":1.0,"enemies":"Cultist","floor":1.0,"turns":3.0},{"damage":15.0,"enemies":"Small Slimes","floor":2.0,"turns":3.0},{"damage":2.0,"enemies":"Jaw Worm","floor":5.0,"turns":4.0},{"damage":40.0,"enemies":"Lagavulin","floor":7.0,"turns":6.0},{"damage":11.0,"enemies":"Blue Slaver","floor":10.0,"turns":3.0},{"damage":8.0,"enemies":"Gremlin Nob","floor":12.0,"turns":3.0},{"damage":8.0,"enemies":"3 Louse","floor":13.0,"turns":5.0},{"damage":16.0,"enemies":"3 Sentries","floor":14.0,"turns":7.0},{"damage":13.0,"enemies":"Slime Boss","floor":16.0,"turns":6.0},{"damage":17.0,"enemies":"2 Thieves","floor":18.0,"turns":4.0},{"damage":4.0,"enemies":"Chosen","floor":19.0,"turns":4.0},{"damage":26.0,"enemies":"Sentry and Sphere","floor":20.0,"turns":4.0},{"damage":13.0,"enemies":"Centurion and Healer","floor":24.0,"turns":6.0},{"damage":27.0,"enemies":"Book of Stabbing","floor":25.0,"turns":4.0},{"damage":0.0,"enemies":"Slavers","floor":27.0,"turns":1.0},{"damage":0.0,"enemies":"3 Cultists","floor":29.0,"turns":1.0},{"damage":9.0,"enemies":"Chosen and Byrds","floor":31.0,"turns":4.0},{"damage":34.0,"enemies":"Automaton","floor":33.0,"turns":6.0},{"damage":19.0,"enemies":"3 Darklings","floor":35.0,"turns":3.0},{"damage":0.0,"enemies":"3 Shapes","floor":37.0,"turns":1.0},{"damage":4.0,"enemies":"Maw","floor":42.0,"turns":3.0},{"damage":13,"enemies":"4 Shapes","floor":46,"turns":4},{"damage":5,"enemies":"Nemesis","floor":47,"turns":3},{"damage":3,"enemies":"Sphere and 2 Shapes","floor":48,"turns":1},{"damage":77,"enemies":"Awakened One","floor":50,"turns":7}],"relics_obtained":[{"floor":7.0,"key":"Frozen Egg 2"},{"floor":9.0,"key":"Gremlin Horn"},{"floor":14.0,"key":"Prayer Wheel"},{"floor":25.0,"key":"Red Skull"},{"floor":26.0,"key":"Letter Opener"},{"floor":28.0,"key":"Necronomicon"},{"floor":43.0,"key":"Bird Faced Urn"},{"floor":47,"key":"Bag of Marbles"}],"event_choices":[{"event_name":"Shining Light","player_choice":"Entered Light","floor":4.0,"damage_taken":0.0},{"event_name":"Dead Adventurer","player_choice":"Searched \u00272\u0027 times","floor":12.0,"damage_taken":0.0},{"event_name":"Vampires","player_choice":"Ignored","floor":22.0,"damage_taken":0.0},{"event_name":"Cursed Tome","player_choice":"Obtained Book","floor":28.0,"damage_taken":0.0},{"event_name":"Accursed Blacksmith","player_choice":"Forge","floor":36.0,"damage_taken":0.0},{"event_name":"Winding Halls","player_choice":"Writhe","floor":38.0,"damage_taken":0.0}],"boss_relics":[],"items_purged_floors":[],"potions_floor_spawned":[1,7,10,13,19,20,25,29,33,46,47],"seed_played":"1388810852489826698","ascension_level":13,"potions_obtained":[{"floor":1.0,"key":"Poison Potion"},{"floor":7.0,"key":"Regen Potion"},{"floor":10.0,"key":"SmokeBomb"},{"floor":13.0,"key":"Fire Potion"}],"is_trial":false}