{"gold_per_floor":[111,126,126,126,51,82,82,99,99,99,130,146,146,172,172,268,268,287,537,557,568,431,457,473,488,515,515,390,390,400,325,325,420,420,431,431,449,97,67,67,67,67,90,90,103,103,133,35,35,35],"floor_reached":51,"playtime":6000,"items_purged":["Regret","Regret","Strike_B","Strike_B+1"],"score":777,"play_id":"ed391209-db37-4360-9590-b83dd706cad8","local_time":"20180714164458","is_ascension_mode":true,"campfire_choices":[{"data":"Sunder","floor":7.0,"key":"SMITH"},{"data":"Go for the Eyes","floor":10.0,"key":"SMITH"},{"data":"Steam","floor":15.0,"key":"SMITH"},{"floor":27.0,"key":"DIG"},{"floor":32.0,"key":"REST"},{"floor":40.0,"key":"DIG"},{"floor":42.0,"key":"DIG"},{"floor":44.0,"key":"DIG"},{"floor":46.0,"key":"DIG"},{"floor":49,"key":"DIG"}],"neow_cost":"NONE","seed_source_timestamp":0,"circlet_count":0,"master_deck":["Strike_B+1","Defend_B+1","Defend_B+1","Defend_B+1","Defend_B+1","Zap+1","Dualcast+1","Sunder+1","Auto Shields","Go for the Eyes+1","Ball Lightning","Steam+1","Ball Lightning","Thunder Strike","Static Discharge","Tempest+1","Leap"],"special_seed":0,"relics":["Cracked Core","Mummified Hand","Ancient Tea Set","Dream Catcher","Meat on the Bone","Mango","Potion Belt","Busted Crown","Shovel","Bag of Marbles","Regal Pillow","Coffee Dripper","Sling","Pantograph","War Paint","Centennial Puzzle","Bag of Preparation","Blood Vial","Juzu Bracelet","Oddly Smooth Stone"],"potions_floor_usage":[50,50,50,50],"damage_taken":[{"damage":0.0,"enemies":"Small Slimes","floor":1.0,"turns":3.0},{"damage":0.0,"enemies":"2 Louse","floor":2.0,"turns":1.0},{"damage":34.0,"enemies":"Lagavulin","floor":6.0,"turns":9.0},{"damage":0.0,"enemies":"Jaw Worm","floor":8.0,"turns":1.0},{"damage":19.0,"enemies":"3 Sentries","floor":11.0,"turns":4.0},{"damage":3.0,"enemies":"Looter","floor":12.0,"turns":3.0},{"damage":7.0,"enemies":"Lagavulin","floor":14.0,"turns":5.0},{"damage":7.0,"enemies":"Slime Boss","floor":16.0,"turns":9.0},{"damage":17.0,"enemies":"Shell Parasite","floor":18.0,"turns":4.0},{"damage":16.0,"enemies":"3 Byrds","floor":20.0,"turns":4.0},{"damage":24.0,"enemies":"Snake Plant","floor":21.0,"turns":4.0},{"damage":25.0,"enemies":"Gremlin Leader","floor":23.0,"turns":6.0},{"damage":15.0,"enemies":"3 Cultists","floor":24.0,"turns":4.0},{"damage":14.0,"enemies":"Cultist and Chosen","floor":25.0,"turns":5.0},{"damage":13.0,"enemies":"Slaver and Parasite","floor":30.0,"turns":5.0},{"damage":38.0,"enemies":"Automaton","floor":33.0,"turns":9.0},{"damage":20.0,"enemies":"3 Shapes","floor":35.0,"turns":3.0},{"damage":0.0,"enemies":"Flame Bruiser 1 Orb","floor":37.0,"turns":4.0},{"damage":29.0,"enemies":"Maw","floor":45.0,"turns":7.0},{"damage":7,"enemies":"Giant Head","floor":47,"turns":6},{"damage":39,"enemies":"Awakened One","floor":50,"turns":10}],"seed_played":"-2409193919968587678","potions_obtained":[{"floor":1.0,"key":"Ancient Potion"},{"floor":6.0,"key":"Explosive Potion"},{"floor":8.0,"key":"Strength Potion"},{"floor":13.0,"key":"Fruit Juice"},{"floor":13.0,"key":"Regen Potion"},{"floor":18.0,"key":"SpeedPotion"},{"floor":20.0,"key":"AttackPotion"},{"floor":24.0,"key":"SteroidPotion"},{"floor":25.0,"key":"Weak Potion"},{"floor":33.0,"key":"SpeedPotion"},{"floor":39.0,"key":"FocusPotion"},{"floor":39.0,"key":"Fruit Juice"}],"is_trial":false,"path_per_floor":["M","M","?","?","$","E","R","M","T","R","E","M","?","E","R","B",null,"M","?","M","M","$","E","M","M","T","R","$","?","M","?","R","B",null,"M","?","M","$","?","R","?","R","T","R","M","R","E","$","R","B"],"character_chosen":"DEFECT","items_purchased":["Static Discharge","Sling","FearPotion","SpeedPotion"],"campfire_rested":1,"item_purchase_floors":[22,38,48,48],"current_hp_per_floor":[82,82,82,79,79,45,45,45,45,45,52,49,49,61,61,54,101,84,84,68,56,56,43,40,38,38,38,38,38,37,37,82,56,101,81,81,81,81,81,81,81,81,81,81,57,57,64,64,64,64],"gold":35,"neow_bonus":"TEN_PERCENT_HP_BONUS","is_prod":false,"is_daily":false,"chose_seed":false,"campfire_upgraded":3,"win_rate":0,"timestamp":1531611898,"path_taken":["M","M","?","?","$","E","R","M","T","R","E","?","?","E","R","BOSS","M","?","M","M","$","E","M","M","T","R","$","?","?","?","R","BOSS","M","?","?","?","?","R","?","R","T","R","M","R","E","$","R","BOSS"],"build_version":"2018-07-12","purchased_purges":4,"victory":true,"max_hp_per_floor":[82,82,82,82,82,82,82,82,82,82,96,96,96,101,101,101,101,101,101,101,101,101,101,101,101,101,101,101,101,101,101,101,101,101,101,101,101,101,101,101,101,101,101,101,106,106,106,106,106,106],"card_choices":[{"not_picked":["Force Field","Stack"],"picked":"Sunder","floor":1.0},{"not_picked":["White Noise","Force Field"],"picked":"Auto Shields","floor":2.0},{"not_picked":["BootSequence","Hologram"],"picked":"Go for the Eyes","floor":6.0},{"not_picked":["Barrage","Turbo"],"picked":"Ball Lightning","floor":8.0},{"not_picked":["Doom and Gloom","Beam Cell","Echo Form"],"picked":"SKIP","floor":11.0},{"not_picked":["Auto Shields","Go for the Eyes"],"picked":"Steam","floor":12.0},{"not_picked":["Chill","Beam Cell"],"picked":"Ball Lightning","floor":14.0},{"not_picked":["Biased Cognition","Amplify"],"picked":"Thunder Strike","floor":16.0},{"not_picked":["Barrage"],"picked":"SKIP","floor":18.0},{"not_picked":["Heatsinks"],"picked":"SKIP","floor":20.0},{"not_picked":["Beam Cell+1"],"picked":"SKIP","floor":21.0},{"not_picked":["Steam"],"picked":"SKIP","floor":23.0},{"not_picked":["Rip and Tear"],"picked":"SKIP","floor":24.0},{"not_picked":["Steam"],"picked":"SKIP","floor":25.0},{"not_picked":["Steam Power"],"picked":"SKIP","floor":30.0},{"not_picked":[],"picked":"Electrodynamics","floor":33.0},{"not_picked":["Static Discharge"],"picked":"SKIP","floor":35.0},{"not_picked":["Beam Cell"],"picked":"SKIP","floor":37.0},{"not_picked":[],"picked":"Tempest+1","floor":45.0},{"not_picked":[],"picked":"Leap","floor":47}],"player_experience":584546,"relics_obtained":[{"floor":6.0,"key":"Dream Catcher"},{"floor":9.0,"key":"Meat on the Bone"},{"floor":11.0,"key":"Mango"},{"floor":14.0,"key":"Potion Belt"},{"floor":23.0,"key":"Shovel"},{"floor":26.0,"key":"Bag of Marbles"},{"floor":27.0,"key":"Regal Pillow"},{"floor":40.0,"key":"Pantograph"},{"floor":42.0,"key":"War Paint"},{"floor":43.0,"key":"Centennial Puzzle"},{"floor":44.0,"key":"Bag of Preparation"},{"floor":46.0,"key":"Blood Vial"},{"floor":47,"key":"Juzu Bracelet"},{"floor":49,"key":"Oddly Smooth Stone"}],"event_choices":[{"event_name":"Big Fish","player_choice":"Box","floor":3.0,"damage_taken":0.0},{"event_name":"Scrap Ooze","player_choice":"success","floor":4.0,"damage_taken":3.0},{"event_name":"The Lab","player_choice":"Got Potions","floor":13.0,"damage_taken":0.0},{"event_name":"Golden Shrine","player_choice":"Desecrate","floor":19.0,"damage_taken":0.0},{"event_name":"Back to Basics","player_choice":"Simplicity","floor":29.0,"damage_taken":0.0},{"event_name":"Beggar","player_choice":"Gave Gold","floor":31.0,"damage_taken":0.0},{"event_name":"SecretPortal","player_choice":"Rejected Portal.","floor":36.0,"damage_taken":0.0},{"event_name":"The Woman in Blue","player_choice":"Bought 2 Potions","floor":39.0,"damage_taken":0.0},{"event_name":"Purifier","player_choice":"One Purge","floor":41.0,"damage_taken":0.0}],"boss_relics":[{"not_picked":["Cursed Key","Nuclear Battery"],"picked":"Busted Crown"},{"not_picked":["Inserter","Philosopher\u0027s Stone"],"picked":"Coffee Dripper"}],"items_purged_floors":[5,22,28,38],"is_endless":false,"potions_floor_spawned":[1,6,8,18,20,24,25,33],"ascension_level":2}