{"gold_per_floor":[18,30,30,30,49,49,78,78,78,3,3,3,14,48,48,125,125,144,163,163,163,175,175,175],"floor_reached":24,"playtime":1057,"items_purged":["Defend_B"],"score":483,"play_id":"1b56af04-32aa-4c5e-8a80-e106fc16628c","local_time":"20190130025742","is_ascension_mode":true,"campfire_choices":[{"data":"Zap","floor":6.0,"key":"SMITH"},{"data":"Dualcast","floor":12,"key":"SMITH"},{"data":"Loop","floor":15,"key":"SMITH"},{"data":"Buffer","floor":23,"key":"SMITH"}],"neow_cost":"NO_GOLD","seed_source_timestamp":23850427436391,"circlet_count":0,"master_deck":["AscendersBane","Strike_B","Defend_B","Defend_B","Zap+1","Dualcast+1","Hologram","Steam","Cold Snap","Ball Lightning","Conserve Battery","Consume","Leap","Loop+1","Buffer+1","Cold Snap+1","White Noise","Defragment","Defragment"],"special_seed":0,"relics":["Cracked Core","Pocketwatch","Peace Pipe","Bag of Marbles","Sozu","Letter Opener"],"potions_floor_usage":[24],"damage_taken":[{"damage":0.0,"enemies":"Cultist","floor":1.0,"turns":4.0},{"damage":3.0,"enemies":"Small Slimes","floor":2.0,"turns":3.0},{"damage":0.0,"enemies":"2 Louse","floor":5.0,"turns":2.0},{"damage":12.0,"enemies":"3 Sentries","floor":7.0,"turns":8.0},{"damage":4,"enemies":"Looter","floor":13,"turns":3},{"damage":18,"enemies":"Gremlin Nob","floor":14,"turns":4},{"damage":0,"enemies":"Slime Boss","floor":16,"turns":7},{"damage":0,"enemies":"Spheric Guardian","floor":18,"turns":4},{"damage":24,"enemies":"2 Thieves","floor":19,"turns":5},{"damage":9,"enemies":"Centurion and Healer","floor":22,"turns":6},{"damage":38,"enemies":"Slavers","floor":24,"turns":4}],"seed_played":"5512823918830323119","potions_obtained":[{"floor":2.0,"key":"Dexterity Potion"},{"floor":7.0,"key":"Block Potion"}],"is_trial":false,"path_per_floor":["M","M","?","?","M","R","E","?","T","$","?","R","M","E","R","B",null,"M","M","?","T","M","R","E"],"character_chosen":"DEFECT","items_purchased":[],"campfire_rested":0,"item_purchase_floors":[],"current_hp_per_floor":[64,61,61,54,54,54,42,47,47,47,47,47,43,25,25,25,63,63,39,39,39,30,30,0],"gold":175,"neow_bonus":"TRANSFORM_TWO_CARDS","is_prod":false,"is_daily":false,"chose_seed":false,"campfire_upgraded":4,"win_rate":0,"timestamp":1548845862,"path_taken":["M","M","?","?","M","R","E","?","T","$","?","R","M","E","R","BOSS","M","M","?","?","M","R","E"],"build_version":"2019-01-23","purchased_purges":1,"victory":false,"max_hp_per_floor":[71,71,71,71,71,71,71,76,76,76,76,76,76,76,76,76,76,76,76,76,76,76,76,76],"card_choices":[{"not_picked":["Compile Driver","Chaos"],"picked":"Cold Snap","floor":1.0},{"not_picked":["Steam","Rip and Tear"],"picked":"Ball Lightning","floor":2.0},{"not_picked":["Beam Cell","Lockon"],"picked":"Conserve Battery","floor":5.0},{"not_picked":["Conserve Battery","Rebound"],"picked":"Consume","floor":7.0},{"not_picked":["Barrage","Compile Driver"],"picked":"Leap","floor":13},{"not_picked":["Fusion","Darkness"],"picked":"Loop","floor":14},{"not_picked":["Multi-Cast","Core Surge"],"picked":"Buffer","floor":16},{"not_picked":["Auto Shields","Barrage"],"picked":"Cold Snap+1","floor":18},{"not_picked":["Darkness","Sweeping Beam"],"picked":"White Noise","floor":19},{"not_picked":["Double Energy","Sweeping Beam"],"picked":"Defragment","floor":22}],"player_experience":1189698,"relics_obtained":[{"floor":7.0,"key":"Pocketwatch"},{"floor":9.0,"key":"Peace Pipe"},{"floor":14,"key":"Bag of Marbles"},{"floor":21,"key":"Letter Opener"}],"event_choices":[{"damage_healed":0.0,"max_hp_gain":0.0,"max_hp_loss":0.0,"gold_gain":0.0,"event_name":"The Cleric","player_choice":"Leave","floor":3.0,"gold_loss":0.0,"damage_taken":0.0},{"cards_removed":["Strike_B"],"damage_healed":0.0,"max_hp_gain":0.0,"max_hp_loss":0.0,"gold_gain":0.0,"event_name":"Golden Wing","player_choice":"Card Removal","floor":4.0,"gold_loss":0.0,"damage_taken":7.0},{"damage_healed":0.0,"max_hp_gain":5.0,"max_hp_loss":0.0,"gold_gain":0.0,"event_name":"Big Fish","player_choice":"Donut","floor":8.0,"gold_loss":0.0,"damage_taken":0.0},{"cards_removed":["Defend_B"],"damage_healed":0,"gold_gain":0,"player_choice":"Purged","damage_taken":0,"max_hp_gain":0,"max_hp_loss":0,"event_name":"Purifier","floor":11,"gold_loss":0},{"damage_healed":0,"gold_gain":0,"player_choice":"Read","damage_taken":0,"max_hp_gain":0,"max_hp_loss":0,"event_name":"The Library","floor":20,"gold_loss":0,"cards_obtained":["Defragment"]}],"is_beta":false,"boss_relics":[{"not_picked":["Tiny House","White Beast Statue"],"picked":"Sozu"}],"items_purged_floors":[10],"is_endless":false,"potions_floor_spawned":[2,7,18,22],"killed_by":"Slavers","ascension_level":18}