{"gold_per_floor":[16,32,48,48,67,92,17,48,73,93,93,12,12,28,28,28],"floor_reached":16,"playtime":827,"items_purged":["Strike_R"],"score":213,"play_id":"09028d6f-41cc-40d6-8aac-c46a1e563dc8","local_time":"20190407124519","is_ascension_mode":true,"campfire_choices":[{"floor":11.0,"key":"REST"},{"floor":15,"key":"REST"}],"neow_cost":"NO_GOLD","seed_source_timestamp":2857696932064,"circlet_count":0,"master_deck":["AscendersBane","Strike_R","Strike_R","Strike_R","Strike_R","Defend_R","Defend_R","Defend_R","Defend_R","Bash","Pommel Strike","Pommel Strike","Whirlwind","Seeing Red","True Grit+1","Hemokinesis"],"special_seed":0,"relics":["Burning Blood","Bag of Preparation","Juzu Bracelet","Toxic Egg 2","Anchor","Girya"],"potions_floor_usage":[16],"damage_taken":[{"damage":12.0,"enemies":"Cultist","floor":1.0,"turns":4.0},{"damage":12.0,"enemies":"Jaw Worm","floor":2.0,"turns":3.0},{"damage":4.0,"enemies":"2 Louse","floor":3.0,"turns":3.0},{"damage":30.0,"enemies":"Lots of Slimes","floor":5.0,"turns":3.0},{"damage":31.0,"enemies":"Gremlin Nob","floor":6.0,"turns":4.0},{"damage":20.0,"enemies":"3 Sentries","floor":8.0,"turns":6.0},{"damage":0.0,"enemies":"Exordium Wildlife","floor":10.0,"turns":2.0},{"damage":11,"enemies":"Exordium Thugs","floor":14,"turns":4},{"damage":43,"enemies":"Slime Boss","floor":16,"turns":6}],"seed_played":"-3599108900999520874","potions_obtained":[{"floor":5.0,"key":"AttackPotion"},{"floor":6.0,"key":"EssenceOfSteel"},{"floor":14,"key":"Fire Potion"}],"is_trial":false,"path_per_floor":["M","M","M","T","M","E","$","E","T","M","R","$","?","M","R","B"],"character_chosen":"IRONCLAD","items_purchased":["Hemokinesis"],"campfire_rested":2,"item_purchase_floors":[12],"current_hp_per_floor":[76,70,72,72,48,23,23,9,9,15,41,41,15,10,36,0],"gold":28,"neow_bonus":"TWENTY_PERCENT_HP_BONUS","is_prod":false,"is_daily":false,"chose_seed":false,"campfire_upgraded":0,"win_rate":0,"timestamp":1554659119,"path_taken":["M","M","?","?","M","E","?","E","T","M","R","$","?","M","R","BOSS"],"build_version":"2019-01-23","purchased_purges":1,"victory":false,"max_hp_per_floor":[89,89,89,89,89,89,89,89,89,89,89,89,89,89,89,89],"card_choices":[{"not_picked":["Sword Boomerang","Wild Strike"],"picked":"Pommel Strike","floor":1.0},{"not_picked":["Pummel","Clothesline"],"picked":"Pommel Strike","floor":2.0},{"not_picked":["Pommel Strike","Flex"],"picked":"Whirlwind","floor":3.0},{"not_picked":["Clothesline","Dark Embrace"],"picked":"Seeing Red","floor":5.0},{"not_picked":["Evolve","Twin Strike","Heavy Blade"],"picked":"SKIP","floor":6.0},{"not_picked":["Berserk","Sword Boomerang","Clothesline"],"picked":"SKIP","floor":8.0},{"not_picked":["Burning Pact+1","Heavy Blade"],"picked":"True Grit+1","floor":10.0},{"not_picked":["Sword Boomerang","Burning Pact+1","Ghostly Armor+1"],"picked":"SKIP","floor":14}],"player_experience":697804,"relics_obtained":[{"floor":4.0,"key":"Bag of Preparation"},{"floor":6.0,"key":"Juzu Bracelet"},{"floor":8.0,"key":"Toxic Egg 2"},{"floor":9.0,"key":"Anchor"}],"event_choices":[{"damage_healed":0.0,"max_hp_gain":0.0,"max_hp_loss":0.0,"gold_gain":0.0,"event_name":"Scrap Ooze","player_choice":"Success","floor":13.0,"gold_loss":0.0,"damage_taken":26.0,"relics_obtained":["Girya"]}],"is_beta":false,"boss_relics":[],"items_purged_floors":[7],"is_endless":false,"potions_floor_spawned":[5,6,14],"killed_by":"Slime Boss","ascension_level":18}