{"path_per_floor":["M","$","?","M","?","R","?","E","T","R","M","E","M","M","R","B",null,"M","M","$","M","M","E","R","M","T","R","?","T","E","M","R","B",null,"M","$","?","T","M","R","E","R","T","$","M","?","T","$","R"],"character_chosen":"IRONCLAD","items_purchased":["Iron Wave","Du-Vu Doll","Pen Nib","Iron Wave","Strength Potion"],"gold_per_floor":[116,41,216,226,226,226,176,201,201,201,218,252,272,292,292,397,397,414,431,283,303,318,351,351,370,370,370,285,341,371,391,391,489,489,501,139,190,214,231,231,263,263,263,21,38,38,61,11,11,11],"floor_reached":50,"campfire_rested":3,"playtime":7775,"current_hp_per_floor":[80,80,80,80,80,80,80,80,80,80,80,76,80,75,75,28,80,61,63,63,37,26,31,70,61,61,61,61,61,49,56,80,38,80,77,77,52,52,58,58,8,47,47,47,61,61,61,61,61,0],"items_purged":["Strike_R","Strike_R","Strike_R","Strike_R"],"gold":11,"score":750,"play_id":"729b731c-3d09-41c9-97c8-5430bac935f5","local_time":"20180404202518","is_prod":false,"is_daily":false,"is_ascension_mode":true,"campfire_upgraded":5,"timestamp":1522898718,"path_taken":["M","$","?","?","?","R","?","E","T","R","M","E","M","M","R","BOSS","M","M","$","M","M","E","R","M","T","R","?","?","E","M","R","BOSS","M","$","?","?","M","R","E","R","T","$","?","?","?","?","R","BOSS"],"build_version":"2018-03-29v2","purchased_purges":5,"victory":false,"master_deck":["Defend_R","Defend_R","Defend_R","Defend_R","Bash","Iron Wave+1","Doubt","Iron Wave","Juggernaut+1","Bash","Pommel Strike","Metallicize+1","Inflame+1","Iron Wave","Clothesline","Iron Wave","Body Slam+1","Iron Wave+1","Intimidate+1","Injury","Doubt","Metallicize+1","Iron Wave","Blood for Blood","Berserk","Iron Wave+1","Parasite","Rage+1","Regret","Iron Wave","Iron Wave+1","Dramatic Entrance","Injury","Clash"],"max_hp_per_floor":[80,80,80,80,80,80,80,80,80,80,80,80,80,80,80,80,80,80,80,80,80,80,80,80,80,80,80,80,80,80,80,80,80,80,80,80,80,80,80,80,80,80,80,80,80,80,80,80,80,80],"relics":["Burning Blood","NeowsBlessing","Bag of Preparation","Anchor","Prayer Wheel","Cursed Key","Regal Pillow","Smiling Mask","Lantern","Tiny Chest","Charon\u0027s Ashes","Mark of Pain","Du-Vu Doll","Thread and Needle","Orichalcum","Vajra","Peace Pipe","Pen Nib","Omamori"],"card_choices":[{"not_picked":["Infernal Blade","Uppercut"],"picked":"Iron Wave","floor":1},{"not_picked":["Twin Strike","Havoc"],"picked":"Iron Wave","floor":4},{"not_picked":["Burning Pact","True Grit"],"picked":"Metallicize","floor":8},{"not_picked":["Reckless Charge","Brutality"],"picked":"Inflame","floor":12},{"not_picked":["Rage","Combust"],"picked":"Iron Wave","floor":13},{"not_picked":["Offering","Bludgeon"],"picked":"Reaper","floor":16},{"not_picked":["Warcry","Power Through"],"picked":"Clothesline","floor":19},{"not_picked":["Headbutt","Thunderclap"],"picked":"Body Slam","floor":21},{"not_picked":["Fiend Fire","Pommel Strike"],"picked":"Iron Wave","floor":22},{"not_picked":["Pummel","Havoc"],"picked":"Intimidate","floor":25},{"not_picked":["Inflame","Uppercut"],"picked":"Metallicize","floor":29},{"not_picked":["Dark Embrace","Pommel Strike"],"picked":"Iron Wave","floor":30},{"not_picked":["Whirlwind","Twin Strike"],"picked":"Blood for Blood","floor":31},{"not_picked":["Feed","Demon Form"],"picked":"Berserk","floor":33},{"not_picked":["Reckless Charge","Clash"],"picked":"Iron Wave","floor":37},{"not_picked":["Sword Boomerang","Headbutt"],"picked":"Rage","floor":38},{"not_picked":["Battle Trance","Clash"],"picked":"Iron Wave","floor":45},{"not_picked":["Panacea","Purity"],"picked":"Dramatic Entrance","floor":46},{"not_picked":["Twin Strike","Infernal Blade"],"picked":"Clash","floor":47}],"player_experience":214641,"potions_floor_usage":[12,23,25,33,33,41,41,41,50,50],"damage_taken":[{"damage":0,"enemies":"Jaw Worm","floor":1,"turns":1},{"damage":0,"enemies":"2 Louse","floor":4,"turns":1},{"damage":0,"enemies":"Lagavulin","floor":8,"turns":1},{"damage":1,"enemies":"Cultist","floor":11,"turns":4},{"damage":10,"enemies":"Gremlin Nob","floor":12,"turns":5},{"damage":0,"enemies":"Exordium Wildlife","floor":13,"turns":4},{"damage":11,"enemies":"Lots of Slimes","floor":14,"turns":7},{"damage":53,"enemies":"Hexaghost","floor":16,"turns":10},{"damage":25,"enemies":"2 Thieves","floor":18,"turns":4},{"damage":11,"enemies":"Spheric Guardian","floor":19,"turns":4},{"damage":32,"enemies":"Centurion and Healer","floor":21,"turns":7},{"damage":24,"enemies":"Chosen and Byrds","floor":22,"turns":5},{"damage":25,"enemies":"Gremlin Leader","floor":23,"turns":7},{"damage":21,"enemies":"Cultist and Chosen","floor":25,"turns":7},{"damage":30,"enemies":"Slavers","floor":30,"turns":6},{"damage":6,"enemies":"Snake Plant","floor":31,"turns":4},{"damage":51,"enemies":"Champ","floor":33,"turns":12},{"damage":9,"enemies":"3 Shapes","floor":35,"turns":4},{"damage":34,"enemies":"Mysterious Sphere","floor":37,"turns":6},{"damage":0,"enemies":"3 Darklings","floor":39,"turns":4},{"damage":78,"enemies":"Giant Head","floor":41,"turns":9},{"damage":11,"enemies":"4 Shapes","floor":45,"turns":5},{"damage":80,"enemies":"Time Eater","floor":50,"turns":10}],"event_choices":[{"event_name":"Liars Game","player_choice":"agreed","floor":3,"damage_taken":0},{"event_name":"Match and Keep!","player_choice":"3 cards matched","floor":5,"damage_taken":0},{"event_name":"The Cleric","player_choice":"Card Removal","floor":7,"damage_taken":0},{"event_name":"Addict","player_choice":"Obtained Relic","floor":28,"damage_taken":0},{"event_name":"Mysterious Sphere","player_choice":"Fight","floor":37,"damage_taken":0},{"event_name":"SensoryStone","player_choice":"Memory 1","floor":46,"damage_taken":0}],"boss_relics":[{"not_picked":["Black Star","Snecko Eye"],"picked":"Cursed Key"},{"not_picked":["Sozu","Orrery"],"picked":"Mark of Pain"}],"potions_floor_spawned":[1,8,11,18,23,31,37,39,45],"seed_played":"-6655039614220115331","killed_by":"Time Eater","ascension_level":3,"is_trial":false}