{"gold_per_floor":[115,134,134,134,150,178,178,209,235,263,263,276,276,293,293,366,416,435,350,187,187,206,206,241,241,241,241,261,279,179,197,197,197],"floor_reached":33,"playtime":1410,"items_purged":["Strike_B","Pain"],"score":577,"play_id":"327c2c47-ee10-4503-b337-c31f3afabdf2","local_time":"20190113194226","is_ascension_mode":true,"campfire_choices":[{"floor":7.0,"key":"REST"},{"data":"Zap","floor":13.0,"key":"SMITH"},{"data":"White Noise","floor":15.0,"key":"SMITH"},{"data":"Dualcast","floor":23,"key":"SMITH"},{"data":"Loop","floor":25,"key":"SMITH"},{"data":"Ball Lightning","floor":27,"key":"SMITH"},{"floor":32,"key":"REST"}],"neow_cost":"PERCENT_DAMAGE","seed_source_timestamp":0,"circlet_count":0,"master_deck":["AscendersBane","Strike_B","Strike_B","Defend_B","Defend_B","Defend_B","Defend_B","Zap+1","Dualcast+1","Cold Snap","Loop+1","Conserve Battery","Capacitor+1","White Noise+1","Cold Snap","Ball Lightning+1","Conserve Battery","FTL","All For One","Conserve Battery","Chill","Barrage+1","Conserve Battery+1","Glacier+1","Barrage+1","Cold Snap+1","Go for the Eyes+1"],"special_seed":0,"relics":["Cracked Core","Oddly Smooth Stone","Regal Pillow","Prayer Wheel","Strawberry","Letter Opener","Tiny House","Gambling Chip","WarpedTongs","Molten Egg 2","Mummified Hand"],"potions_floor_usage":[24,28,31],"damage_taken":[{"damage":1.0,"enemies":"Cultist","floor":1.0,"turns":3.0},{"damage":2.0,"enemies":"Small Slimes","floor":2.0,"turns":3.0},{"damage":0.0,"enemies":"2 Louse","floor":5.0,"turns":2.0},{"damage":17.0,"enemies":"3 Sentries","floor":6.0,"turns":8.0},{"damage":24.0,"enemies":"Lagavulin","floor":8.0,"turns":9.0},{"damage":20.0,"enemies":"3 Sentries","floor":10.0,"turns":9.0},{"damage":5.0,"enemies":"Red Slaver","floor":12.0,"turns":4.0},{"damage":3.0,"enemies":"Gremlin Gang","floor":14.0,"turns":4.0},{"damage":33.0,"enemies":"Slime Boss","floor":16.0,"turns":8.0},{"damage":6,"enemies":"Chosen","floor":18,"turns":5},{"damage":21,"enemies":"2 Thieves","floor":22,"turns":4},{"damage":22,"enemies":"Slavers","floor":24,"turns":3},{"damage":25,"enemies":"Shelled Parasite and Fungi","floor":28,"turns":5},{"damage":5,"enemies":"Snake Plant","floor":29,"turns":6},{"damage":0,"enemies":"3 Cultists","floor":31,"turns":5},{"damage":61,"enemies":"Champ","floor":33,"turns":13}],"seed_played":"5846203896275128699","potions_obtained":[{"floor":2.0,"key":"LiquidBronze"},{"floor":5.0,"key":"Dexterity Potion"},{"floor":12.0,"key":"AttackPotion"},{"floor":16.0,"key":"PowerPotion"},{"floor":17.0,"key":"Weak Potion"},{"floor":28,"key":"Fire Potion"},{"floor":31,"key":"Poison Potion"}],"is_trial":false,"path_per_floor":["M","M","?","?","M","E","R","E","T","E","?","M","R","M","R","B",null,"M","?","$","?","M","R","E","R","T","R","M","M","$","M","R","B"],"character_chosen":"DEFECT","items_purchased":["Chill"],"campfire_rested":2,"item_purchase_floors":[20],"current_hp_per_floor":[59,57,31,31,31,14,54,30,37,17,92,87,87,84,84,51,87,81,81,81,81,60,60,38,38,38,38,13,8,8,8,52,0],"gold":197,"neow_bonus":"TWENTY_PERCENT_HP_BONUS","is_prod":false,"is_daily":false,"chose_seed":false,"campfire_upgraded":5,"win_rate":0,"timestamp":1547437346,"path_taken":["M","?","?","?","M","E","R","E","T","E","?","?","R","?","R","BOSS","M","?","$","?","M","R","E","R","T","R","M","?","?","M","R","BOSS"],"build_version":"2019-01-10","purchased_purges":2,"victory":false,"max_hp_per_floor":[85,85,85,85,85,85,85,85,92,92,92,92,92,92,92,92,97,97,97,97,97,97,97,97,97,97,97,97,97,97,97,97,97],"card_choices":[{"not_picked":["Redo","Scrape"],"picked":"Cold Snap","floor":1.0},{"not_picked":["Redo","Leap"],"picked":"Loop","floor":2.0},{"not_picked":["Sweeping Beam","Redo"],"picked":"Conserve Battery","floor":5.0},{"not_picked":["Conserve Battery","Reprogram"],"picked":"Capacitor","floor":6.0},{"not_picked":["Beam Cell","Barrage"],"picked":"White Noise","floor":8.0},{"not_picked":["Sweeping Beam","Go for the Eyes"],"picked":"Cold Snap","floor":10.0},{"not_picked":["Coolheaded","Hologram"],"picked":"Ball Lightning","floor":12.0},{"not_picked":["Barrage","Consume","Steam"],"picked":"SKIP","floor":12.0},{"not_picked":["Turbo","Sweeping Beam"],"picked":"Conserve Battery","floor":14.0},{"not_picked":["Gash","Creative AI"],"picked":"FTL","floor":14.0},{"not_picked":["Multi-Cast","Thunder Strike"],"picked":"All For One","floor":16.0},{"not_picked":["Redo","Chaos+1"],"picked":"Conserve Battery","floor":18},{"not_picked":["Sweeping Beam","Recycle","Reprogram"],"picked":"SKIP","floor":18},{"not_picked":["Sweeping Beam","Double Energy"],"picked":"Barrage+1","floor":22},{"not_picked":["Conserve Battery","Rebound","Double Energy"],"picked":"SKIP","floor":22},{"not_picked":["Coolheaded","Leap"],"picked":"Conserve Battery+1","floor":24},{"not_picked":["Rainbow","Stack"],"picked":"Glacier+1","floor":28},{"not_picked":["Blizzard+1","Rip and Tear+1","Steam Power"],"picked":"SKIP","floor":28},{"not_picked":["Compile Driver+1","Redo"],"picked":"Barrage+1","floor":29},{"not_picked":["Reinforced Body","Fusion+1"],"picked":"Cold Snap+1","floor":29},{"not_picked":["Self Repair","Consume"],"picked":"Go for the Eyes+1","floor":31},{"not_picked":["Barrage+1","Static Discharge","Hologram"],"picked":"SKIP","floor":31}],"player_experience":1123671,"relics_obtained":[{"floor":6.0,"key":"Regal Pillow"},{"floor":8.0,"key":"Prayer Wheel"},{"floor":9.0,"key":"Strawberry"},{"floor":10.0,"key":"Letter Opener"},{"floor":24,"key":"Molten Egg 2"},{"floor":26,"key":"Mummified Hand"}],"event_choices":[{"damage_healed":0.0,"max_hp_gain":0.0,"max_hp_loss":0.0,"gold_gain":0.0,"event_name":"Scrap Ooze","player_choice":"Success","floor":3.0,"gold_loss":0.0,"damage_taken":26.0,"relics_obtained":["Oddly Smooth Stone"]},{"cards_removed":["Strike_B"],"damage_healed":0.0,"max_hp_gain":0.0,"max_hp_loss":0.0,"gold_gain":0.0,"event_name":"Living Wall","player_choice":"Forget","floor":4.0,"gold_loss":0.0,"damage_taken":0.0},{"damage_healed":75.0,"max_hp_gain":0.0,"max_hp_loss":0.0,"gold_gain":0.0,"event_name":"Wheel of Change","player_choice":"Full Heal","floor":11.0,"gold_loss":0.0,"damage_taken":0.0},{"damage_healed":0,"gold_gain":0,"player_choice":"Obtained Relic","damage_taken":0,"relics_obtained":["Gambling Chip"],"max_hp_gain":0,"max_hp_loss":0,"event_name":"Addict","floor":19,"gold_loss":85},{"damage_healed":0,"gold_gain":0,"player_choice":"Rummage","damage_taken":0,"relics_obtained":["WarpedTongs"],"max_hp_gain":0,"max_hp_loss":0,"event_name":"Accursed Blacksmith","floor":21,"gold_loss":0,"cards_obtained":["Pain"]}],"is_beta":false,"boss_relics":[{"not_picked":["Astrolabe","Coffee Dripper"],"picked":"Tiny House"}],"items_purged_floors":[20,30],"is_endless":false,"potions_floor_spawned":[2,5,12,16,22,28,31],"killed_by":"Champ","ascension_level":17}