{"path_per_floor":["M","?","M","M","M","R","E","$","T","R","?","?","E","?","R","B",null,"M","?","M","M","M","R","E","M","T","?","M","M","E","M","R"],"character_chosen":"IRONCLAD","items_purchased":["Blind"],"gold_per_floor":[111,111,131,142,161,161,188,11,37,37,37,37,65,65,65,160,160,178,178,196,206,217,217,247,260,283,283,294,306,341,361,361,361],"floor_reached":33,"campfire_rested":1,"playtime":2651,"current_hp_per_floor":[80,80,80,80,79,79,80,80,80,80,77,77,68,52,52,60,80,80,80,86,89,97,97,63,52,58,58,46,34,35,37,73,0],"items_purged":["Strike_R"],"gold":361,"score":399,"play_id":"4ae8b4c5-ab7e-4d02-87c6-7ebe97d36185","local_time":"20180330142636","is_prod":false,"is_daily":false,"is_ascension_mode":false,"campfire_upgraded":4,"timestamp":1522445196,"path_taken":["M","?","M","M","M","R","E","$","T","R","?","?","E","?","R","BOSS","M","?","M","M","M","R","E","M","T","?","M","?","E","M","R","BOSS"],"build_version":"2018-03-29v2","purchased_purges":1,"victory":false,"master_deck":["Strike_R","Strike_R","Strike_R","Defend_R","Defend_R","Defend_R","Defend_R+1","Bash+1","Pommel Strike+1","Berserk","Iron Wave+1","Iron Wave+1","Dropkick","Blind+1","Dropkick","Feed+1","Pain","Sword Boomerang","Seeing Red"],"max_hp_per_floor":[80,80,80,80,80,80,80,80,80,80,80,80,80,80,80,80,80,82,82,87,92,97,97,103,105,111,111,113,115,117,121,121,121],"relics":["Burning Blood","Singing Bowl","Pen Nib","Blood Vial","Ornamental Fan","Cursed Key","Darkstone Periapt","Lantern","Bronze Scales"],"card_choices":[{"not_picked":["Reckless Charge","Armaments"],"picked":"Pommel Strike","floor":0},{"not_picked":["Body Slam","Shrug It Off"],"picked":"Iron Wave","floor":3},{"not_picked":["Inflame","Metallicize"],"picked":"Iron Wave","floor":4},{"not_picked":["Pommel Strike","Twin Strike"],"picked":"Dropkick","floor":7},{"not_picked":["Burning Pact","Berserk"],"picked":"Dropkick","floor":13},{"not_picked":["Bludgeon","Juggernaut"],"picked":"Feed","floor":16},{"not_picked":["Clothesline","Clash"],"picked":"Seeing Red","floor":31}],"player_experience":185685,"potions_floor_usage":[7,16,16,28,30,30,33,33],"damage_taken":[{"damage":1,"enemies":"Cultist","floor":1,"turns":4},{"damage":5,"enemies":"Small Slimes","floor":3,"turns":4},{"damage":2,"enemies":"2 Louse","floor":4,"turns":2},{"damage":7,"enemies":"Looter","floor":5,"turns":4},{"damage":4,"enemies":"3 Sentries","floor":7,"turns":7},{"damage":17,"enemies":"Lagavulin","floor":13,"turns":10},{"damage":0,"enemies":"Slime Boss","floor":16,"turns":5},{"damage":8,"enemies":"2 Thieves","floor":18,"turns":5},{"damage":7,"enemies":"Shell Parasite","floor":20,"turns":6},{"damage":9,"enemies":"Snake Plant","floor":21,"turns":4},{"damage":3,"enemies":"3 Cultists","floor":22,"turns":7},{"damage":46,"enemies":"Slavers","floor":24,"turns":8},{"damage":21,"enemies":"Sentry and Sphere","floor":25,"turns":6},{"damage":22,"enemies":"Snecko","floor":28,"turns":6},{"damage":22,"enemies":"Snake Plant","floor":29,"turns":4},{"damage":24,"enemies":"Gremlin Leader","floor":30,"turns":6},{"damage":10,"enemies":"Centurion and Healer","floor":31,"turns":7},{"damage":78,"enemies":"Champ","floor":33,"turns":9}],"event_choices":[{"event_name":"Match and Keep!","player_choice":"1 cards matched","floor":2,"damage_taken":0},{"event_name":"Scrap Ooze","player_choice":"success","floor":11,"damage_taken":3},{"event_name":"Upgrade Shrine","player_choice":"Upgraded","floor":12,"damage_taken":0},{"event_name":"Shining Light","player_choice":"Entered Light","floor":14,"damage_taken":0},{"event_name":"Ghosts","player_choice":"Ignored","floor":19,"damage_taken":0},{"event_name":"Transmorgrifier","player_choice":"Transform","floor":27,"damage_taken":0}],"boss_relics":[{"not_picked":["Orrery","Snecko Eye"],"picked":"Cursed Key"}],"potions_floor_spawned":[1,4,5,13,20,24,25,29,31],"seed_played":"-9078585689807362610","killed_by":"Champ","ascension_level":0,"is_trial":false}