{"gold_per_floor":[460,460,485,515,544,544,60,60,94,129,158,158,18,18,51,85,120,152],"floor_reached":19,"playtime":1036,"items_purged":["Strike_R","Heavy Blade","Strike_R"],"score":520,"play_id":"65aec882-671a-46a1-a12e-4cf4fb4fd70d","local_time":"20190418232328","daily_mods":["CTS - Silver Difficulty","CTS - Elite Rush","Uncertain Future"],"is_ascension_mode":false,"campfire_choices":[{"data":"Bash","floor":2,"key":"SMITH"},{"data":"Defend_R","floor":8,"key":"SMITH"},{"data":"Havoc","floor":14,"key":"SMITH"}],"neow_cost":"","seed_source_timestamp":0,"circlet_count":0,"master_deck":["Strike_R+1","Strike_R","Strike_R","Defend_R+1","Defend_R+1","Defend_R","Defend_R+1","Bash+1","Anger+1","Combust","Ghostly Armor","Feel No Pain","Havoc+1","Sever Soul","Corruption","True Grit"],"relics":["Burning Blood","Black Star","Sling","PreservedInsect","Meat on the Bone","Bronze Scales","Pen Nib","Ginger","Question Card","The Courier","War Paint","Coffee Dripper","Unceasing Top","Whetstone","Paper Frog","Centennial Puzzle","Mercury Hourglass","Lantern","Dream Catcher","Letter Opener","Runic Dome","Bag of Marbles","StoneCalendar","Strawberry","Oddly Smooth Stone","Shuriken","Art of War"],"potions_floor_usage":[3,9,16,16,18],"damage_taken":[{"damage":1,"enemies":"Gremlin Nob","floor":3,"turns":2},{"damage":14,"enemies":"3 Sentries","floor":4,"turns":4},{"damage":14,"enemies":"Lagavulin","floor":5,"turns":5},{"damage":5,"enemies":"Gremlin Leader","floor":9,"turns":4},{"damage":8,"enemies":"Book of Stabbing","floor":10,"turns":3},{"damage":4,"enemies":"Slavers","floor":11,"turns":4},{"damage":4,"enemies":"Giant Head","floor":15,"turns":5},{"damage":2,"enemies":"Reptomancer","floor":16,"turns":3},{"damage":14,"enemies":"Nemesis","floor":17,"turns":3},{"damage":64,"enemies":"Shield and Spear","floor":18,"turns":5}],"seed_played":"1365852151673038937","potions_obtained":[{"floor":5,"key":"GamblersBrew"},{"floor":10,"key":"GamblersBrew"},{"floor":11,"key":"Dexterity Potion"}],"is_trial":true,"path_per_floor":["$","R","E","E","E","T","$","R","E","E","E","T","$","R","E","E","E","E",null],"character_chosen":"IRONCLAD","items_purchased":["Anger","Combust","Ghostly Armor","Meat on the Bone","AttackPotion","Unceasing Top","Whetstone","Energy Potion","Block Potion"],"campfire_rested":0,"item_purchase_floors":[1,1,1,1,1,7,7,7,13],"current_hp_per_floor":[72,72,77,69,61,61,61,61,62,60,62,62,62,62,64,75,67,21],"gold":152,"neow_bonus":"","is_prod":false,"is_daily":false,"chose_seed":false,"campfire_upgraded":3,"win_rate":0,"timestamp":1555647808,"path_taken":["$","R","E","E","E","T","$","R","E","E","E","T","$","R","E","E","E","E"],"build_version":"2019-01-23","purchased_purges":3,"victory":true,"max_hp_per_floor":[80,80,80,80,80,80,80,80,80,80,80,80,80,80,80,87,87,87],"card_choices":[{"not_picked":["Seeing Red","Shrug It Off"],"picked":"Feel No Pain","floor":3},{"not_picked":["Clash","Searing Blow","Anger"],"picked":"SKIP","floor":4},{"not_picked":["Metallicize","Blood for Blood","Rage"],"picked":"Heavy Blade","floor":5},{"not_picked":["Reckless Charge","Wild Strike","Feed","Brutality"],"picked":"SKIP","floor":9},{"not_picked":["Warcry","Headbutt","Body Slam","Twin Strike"],"picked":"SKIP","floor":10},{"not_picked":["Uppercut","Headbutt","Corruption"],"picked":"Havoc","floor":11},{"not_picked":["Perfected Strike","Combust","Flame Barrier"],"picked":"Sever Soul","floor":15},{"not_picked":["Power Through","Immolate","Entrench"],"picked":"Corruption","floor":16},{"not_picked":["Body Slam","Sentinel","Pummel"],"picked":"True Grit","floor":17},{"not_picked":["Warcry","Disarm","Clash","Iron Wave"],"picked":"SKIP","floor":18}],"player_experience":779454,"relics_obtained":[{"floor":3,"key":"Bronze Scales"},{"floor":3,"key":"Pen Nib"},{"floor":4,"key":"Ginger"},{"floor":4,"key":"Question Card"},{"floor":5,"key":"The Courier"},{"floor":5,"key":"War Paint"},{"floor":9,"key":"Paper Frog"},{"floor":9,"key":"Centennial Puzzle"},{"floor":10,"key":"Mercury Hourglass"},{"floor":10,"key":"Lantern"},{"floor":11,"key":"Dream Catcher"},{"floor":11,"key":"Letter Opener"},{"floor":15,"key":"Bag of Marbles"},{"floor":15,"key":"StoneCalendar"},{"floor":16,"key":"Strawberry"},{"floor":16,"key":"Oddly Smooth Stone"},{"floor":17,"key":"Shuriken"},{"floor":17,"key":"Art of War"}],"event_choices":[],"is_beta":false,"boss_relics":[{"not_picked":["Busted Crown","Eternal Feather"],"picked":"Coffee Dripper"},{"not_picked":["Orrery","Pandora\u0027s Box"],"picked":"Runic Dome"}],"items_purged_floors":[1,7,13],"is_endless":false,"potions_floor_spawned":[5,10,11,15],"ascension_level":9}