{"gold_per_floor":[359,359,359,6,20,20,20,63,63,86,86,100,100,116,116,235,235,258,279,0,0],"floor_reached":21,"playtime":1107,"items_purged":[],"score":206,"play_id":"79062ba5-1e65-4b03-b392-b4c15b5b49e9","local_time":"20190121223320","is_ascension_mode":true,"campfire_choices":[{"data":"Buffer","floor":11.0,"key":"SMITH"},{"floor":13.0,"key":"REST"},{"floor":15.0,"key":"REST"}],"neow_cost":"CURSE","seed_source_timestamp":86226790928459,"circlet_count":0,"master_deck":["Strike_B","Strike_B","Strike_B","Strike_B","Defend_B","Defend_B","Defend_B","Defend_B","Zap","Dualcast+1","Go for the Eyes","Regret","Darkness","Leap","Buffer+1","Streamline","Coolheaded","All For One","Stack+1","Hologram"],"special_seed":0,"relics":["Cracked Core","Oddly Smooth Stone","Golden Idol","HandDrill","Pen Nib","PreservedInsect","Gremlin Horn","Inserter"],"potions_floor_usage":[],"damage_taken":[{"damage":14.0,"enemies":"Small Slimes","floor":1.0,"turns":3.0},{"damage":1.0,"enemies":"Jaw Worm","floor":5.0,"turns":3.0},{"damage":35.0,"enemies":"Gremlin Nob","floor":8.0,"turns":4.0},{"damage":7.0,"enemies":"2 Louse","floor":10.0,"turns":3.0},{"damage":0.0,"enemies":"2 Fungi Beasts","floor":12.0,"turns":3.0},{"damage":0.0,"enemies":"Exordium Wildlife","floor":14.0,"turns":4.0},{"damage":11.0,"enemies":"Slime Boss","floor":16.0,"turns":8.0},{"damage":54.0,"enemies":"3 Byrds","floor":18.0,"turns":9.0},{"damage":12.0,"enemies":"Shell Parasite","floor":19.0,"turns":6.0},{"damage":3,"enemies":"Cultist and Chosen","floor":21,"turns":2}],"seed_played":"7257684046429703576","potions_obtained":[{"floor":8.0,"key":"Weak Potion"},{"floor":12.0,"key":"SkillPotion"},{"floor":18.0,"key":"Dexterity Potion"}],"is_trial":false,"path_per_floor":["M","?","?","$","M","?","?","E","T","M","R","M","R","M","R","B",null,"M","M","?","M"],"character_chosen":"DEFECT","items_purchased":["HandDrill","Pen Nib"],"campfire_rested":2,"item_purchase_floors":[4,4],"current_hp_per_floor":[61,61,61,61,60,53,53,18,18,11,11,11,31,31,51,40,69,15,3,3,0],"gold":0,"neow_bonus":"TWO_FIFTY_GOLD","is_prod":false,"is_daily":false,"chose_seed":false,"campfire_upgraded":1,"win_rate":0,"timestamp":1548106400,"path_taken":["M","?","?","$","M","?","?","E","T","M","R","M","R","M","R","BOSS","M","M","?","M"],"build_version":"2018-12-20","purchased_purges":0,"victory":false,"max_hp_per_floor":[75,75,69,69,69,69,69,69,69,69,69,69,69,69,69,69,69,69,69,69,69],"card_choices":[{"not_picked":["Static Discharge","Sunder"],"picked":"Go for the Eyes","floor":1.0},{"not_picked":["Double Energy","Go for the Eyes"],"picked":"Darkness","floor":5.0},{"not_picked":["Rebound","Reinforced Body"],"picked":"Leap","floor":8.0},{"not_picked":["FTL","Consume"],"picked":"Buffer","floor":10.0},{"not_picked":["BootSequence","Turbo"],"picked":"Streamline","floor":12.0},{"not_picked":["Sweeping Beam","Skim"],"picked":"Coolheaded","floor":14.0},{"not_picked":["Hyperbeam","Core Surge"],"picked":"All For One","floor":16.0},{"not_picked":["Coolheaded","Rebound"],"picked":"Stack+1","floor":18.0},{"not_picked":["Cold Snap+1","Loop"],"picked":"Hologram","floor":19.0}],"player_experience":85560,"relics_obtained":[{"floor":8.0,"key":"PreservedInsect"},{"floor":9.0,"key":"Gremlin Horn"}],"event_choices":[{"damage_healed":0.0,"max_hp_gain":0.0,"max_hp_loss":0.0,"gold_gain":0.0,"event_name":"Big Fish","player_choice":"Box","floor":2.0,"gold_loss":0.0,"damage_taken":0.0,"relics_obtained":["Oddly Smooth Stone"],"cards_obtained":["Regret"]},{"damage_healed":0.0,"max_hp_gain":0.0,"max_hp_loss":6.0,"gold_gain":0.0,"event_name":"Golden Idol","player_choice":"Lose Max HP","floor":3.0,"gold_loss":0.0,"damage_taken":0.0,"relics_obtained":["Golden Idol"]},{"cards_removed":["Decay"],"damage_healed":0.0,"max_hp_gain":0.0,"max_hp_loss":0.0,"gold_gain":0.0,"event_name":"Golden Wing","player_choice":"Card Removal","floor":6.0,"gold_loss":0.0,"damage_taken":7.0},{"damage_healed":0.0,"max_hp_gain":0.0,"max_hp_loss":0.0,"gold_gain":0.0,"event_name":"Living Wall","player_choice":"Grow","floor":7.0,"gold_loss":0.0,"damage_taken":0.0,"cards_upgraded":["Dualcast"]},{"damage_healed":0.0,"max_hp_gain":0.0,"max_hp_loss":0.0,"gold_gain":0.0,"event_name":"Masked Bandits","player_choice":"Paid Fearfully","floor":20.0,"gold_loss":279.0,"damage_taken":0.0}],"is_beta":false,"boss_relics":[{"not_picked":["Fusion Hammer","Eternal Feather"],"picked":"Inserter"}],"items_purged_floors":[],"is_endless":false,"potions_floor_spawned":[8,12,18],"killed_by":"Cultist and Chosen","ascension_level":3}