{"gold_per_floor":[116,136,136,4,4,4,37,54,54,70,70,31,51,67,67,138,138,154,166,184,25,42,42],"floor_reached":23,"playtime":1052,"items_purged":["Regret"],"score":429,"play_id":"3db96e2c-ea3e-4407-a850-4e5d4c9d2340","local_time":"20190304161710","is_ascension_mode":true,"campfire_choices":[{"data":"Zap","floor":6.0,"key":"SMITH"},{"data":"Fission","floor":11.0,"key":"SMITH"},{"data":"Hologram","floor":15.0,"key":"SMITH"}],"neow_cost":"NONE","seed_source_timestamp":25588412991525,"circlet_count":0,"master_deck":["AscendersBane","Strike_B","Strike_B","Strike_B","Strike_B","Defend_B","Defend_B","Defend_B+1","Defend_B","Zap+1","Dualcast","Leap","Cold Snap","Loop+1","Coolheaded","Cold Snap","Fission+1","Static Discharge","Hologram+1","Ball Lightning","Seek","Steam+1","Conserve Battery","Go for the Eyes"],"special_seed":0,"relics":["Cracked Core","NeowsBlessing","Meat on the Bone","Darkstone Periapt","Ancient Tea Set","Busted Crown"],"potions_floor_usage":[20,23],"damage_taken":[{"damage":0.0,"enemies":"2 Louse","floor":1.0,"turns":1.0},{"damage":0.0,"enemies":"Small Slimes","floor":2.0,"turns":1.0},{"damage":0.0,"enemies":"Lagavulin","floor":7.0,"turns":1.0},{"damage":7.0,"enemies":"Jaw Worm","floor":8.0,"turns":3.0},{"damage":14.0,"enemies":"Exordium Thugs","floor":10.0,"turns":4.0},{"damage":10.0,"enemies":"Large Slime","floor":13.0,"turns":5.0},{"damage":2.0,"enemies":"2 Fungi Beasts","floor":14.0,"turns":3.0},{"damage":18.0,"enemies":"Hexaghost","floor":16.0,"turns":9.0},{"damage":22.0,"enemies":"2 Thieves","floor":18.0,"turns":4.0},{"damage":5.0,"enemies":"3 Byrds","floor":19.0,"turns":3.0},{"damage":6,"enemies":"Snecko","floor":20,"turns":7},{"damage":30,"enemies":"Shelled Parasite and Fungi","floor":22,"turns":8},{"damage":25,"enemies":"Book of Stabbing","floor":23,"turns":5}],"seed_played":"425468764530737209","potions_obtained":[{"floor":8.0,"key":"EntropicBrew"},{"floor":16.0,"key":"SpeedPotion"},{"floor":19.0,"key":"FocusPotion"}],"is_trial":false,"path_per_floor":["M","M","?","$","?","R","E","M","T","M","R","$","M","M","R","B",null,"M","M","M","$","M","E"],"character_chosen":"DEFECT","items_purchased":["Loop","PowerPotion","Static Discharge","Conserve Battery","Go for the Eyes"],"campfire_rested":0,"item_purchase_floors":[4,4,12,21,21],"current_hp_per_floor":[64,64,64,64,43,43,43,36,36,34,34,34,36,46,46,40,63,41,36,42,42,24,0],"gold":42,"neow_bonus":"THREE_ENEMY_KILL","is_prod":false,"is_daily":false,"chose_seed":false,"campfire_upgraded":3,"win_rate":0,"timestamp":1551745030,"path_taken":["M","M","?","$","?","R","E","M","T","M","R","$","M","M","R","BOSS","M","M","M","$","M","E"],"build_version":"2019-01-23","purchased_purges":1,"victory":false,"max_hp_per_floor":[71,71,71,71,71,71,71,71,71,71,71,71,71,71,71,71,71,71,71,71,71,71,71],"card_choices":[{"not_picked":["Go for the Eyes","Streamline"],"picked":"Leap","floor":1.0},{"not_picked":["Barrage","Reprogram"],"picked":"Cold Snap","floor":2.0},{"not_picked":["Gash","Redo"],"picked":"Coolheaded","floor":7.0},{"not_picked":["Conserve Battery","Blizzard"],"picked":"Cold Snap","floor":8.0},{"not_picked":["Loop","Undo"],"picked":"Fission","floor":10.0},{"not_picked":["Steam","Sunder"],"picked":"Hologram","floor":13.0},{"not_picked":["Hologram","Barrage"],"picked":"Ball Lightning","floor":14.0},{"not_picked":["Thunder Strike","Fission"],"picked":"Seek","floor":16.0},{"not_picked":["Skim"],"picked":"SKIP","floor":18.0},{"not_picked":["Aggregate"],"picked":"SKIP","floor":19.0},{"not_picked":[],"picked":"Steam+1","floor":20},{"not_picked":["Beam Cell"],"picked":"SKIP","floor":22}],"player_experience":1243183,"relics_obtained":[{"floor":7.0,"key":"Darkstone Periapt"},{"floor":9.0,"key":"Ancient Tea Set"}],"event_choices":[{"damage_healed":0.0,"max_hp_gain":0.0,"max_hp_loss":0.0,"gold_gain":0.0,"event_name":"Big Fish","player_choice":"Box","floor":3.0,"gold_loss":0.0,"damage_taken":0.0,"relics_obtained":["Meat on the Bone"],"cards_obtained":["Regret"]},{"damage_healed":0.0,"max_hp_gain":0.0,"max_hp_loss":0.0,"gold_gain":0.0,"event_name":"Shining Light","player_choice":"Entered Light","floor":5.0,"gold_loss":0.0,"damage_taken":21.0,"cards_upgraded":["Defend_B","Loop"]}],"is_beta":false,"boss_relics":[{"not_picked":["Fusion Hammer","Lizard Tail"],"picked":"Busted Crown"}],"items_purged_floors":[21],"is_endless":false,"potions_floor_spawned":[8,10,13,16,19],"killed_by":"Book of Stabbing","ascension_level":19}