{"gold_per_floor":[367,384,400,413,34,64,64,77,77,91,125,125,125,139,139,139],"floor_reached":16,"playtime":658,"items_purged":["Strike_R"],"score":200,"play_id":"32250258-d016-413f-8316-ad08687fd72e","local_time":"20181020160617","is_ascension_mode":true,"campfire_choices":[{"data":"Whirlwind","floor":7.0,"key":"SMITH"},{"data":"Inflame","floor":12.0,"key":"SMITH"},{"data":"Inflame","floor":15,"key":"SMITH"}],"neow_cost":"PERCENT_DAMAGE","seed_source_timestamp":0,"circlet_count":0,"master_deck":["Strike_R","Strike_R","Strike_R","Strike_R","Defend_R","Defend_R","Defend_R","Defend_R","Bash","AscendersBane","True Grit","Pommel Strike","Shrug It Off","Shrug It Off","Inflame+1","Whirlwind+1","True Grit","True Grit","Warcry","Clothesline","Injury","Inflame+1"],"special_seed":0,"relics":["Burning Blood","Red Skull","Strawberry","The Courier","Boot","Golden Idol"],"potions_floor_usage":[16],"damage_taken":[{"damage":1.0,"enemies":"Cultist","floor":1.0,"turns":4.0},{"damage":7.0,"enemies":"Small Slimes","floor":2.0,"turns":6.0},{"damage":11.0,"enemies":"2 Louse","floor":3.0,"turns":4.0},{"damage":19.0,"enemies":"Large Slime","floor":4.0,"turns":9.0},{"damage":17.0,"enemies":"3 Sentries","floor":6.0,"turns":5.0},{"damage":0.0,"enemies":"3 Louse","floor":8.0,"turns":1.0},{"damage":12.0,"enemies":"Lots of Slimes","floor":10.0,"turns":3.0},{"damage":20.0,"enemies":"Lagavulin","floor":11.0,"turns":7.0},{"damage":13,"enemies":"Exordium Wildlife","floor":14,"turns":7},{"damage":32,"enemies":"Hexaghost","floor":16,"turns":11}],"seed_played":"6801028147343121412","potions_obtained":[{"floor":6.0,"key":"Regen Potion"},{"floor":8.0,"key":"SteroidPotion"},{"floor":14,"key":"Ancient Potion"}],"is_trial":false,"path_per_floor":["M","M","M","M","$","E","R","M","T","M","E","R","?","M","R"],"character_chosen":"IRONCLAD","items_purchased":["Inflame","Red Skull","Whirlwind","True Grit"],"campfire_rested":0,"item_purchase_floors":[5,5,5,5],"current_hp_per_floor":[55,54,49,36,36,32,32,38,38,32,33,33,33,26,26,0],"gold":139,"neow_bonus":"TWO_FIFTY_GOLD","is_prod":false,"is_daily":false,"chose_seed":false,"campfire_upgraded":3,"win_rate":0,"timestamp":1540076777,"path_taken":["M","M","M","?","$","E","R","M","T","M","E","R","?","M","R","BOSS"],"build_version":"2018-10-18","purchased_purges":1,"victory":false,"max_hp_per_floor":[75,75,75,75,75,82,82,82,82,82,82,82,82,82,82,82],"card_choices":[{"not_picked":["Sword Boomerang","Power Through"],"picked":"True Grit","floor":1.0},{"not_picked":["Rampage","Body Slam"],"picked":"Pommel Strike","floor":2.0},{"not_picked":["Thunderclap","Combust"],"picked":"Shrug It Off","floor":3.0},{"not_picked":["Rage","Carnage"],"picked":"Shrug It Off","floor":4.0},{"not_picked":["Rampage","Seeing Red","Juggernaut"],"picked":"SKIP","floor":6.0},{"not_picked":["Flex","Armaments"],"picked":"True Grit","floor":8.0},{"not_picked":["Cleave","Sentinel"],"picked":"Warcry","floor":10.0},{"not_picked":["Whirlwind","Inflame"],"picked":"Clothesline","floor":11.0},{"not_picked":["Perfected Strike","Rampage"],"picked":"Inflame","floor":14}],"player_experience":965772,"relics_obtained":[{"floor":6.0,"key":"Strawberry"},{"floor":9.0,"key":"The Courier"},{"floor":11.0,"key":"Boot"}],"event_choices":[{"damage_healed":0.0,"max_hp_gain":0.0,"max_hp_loss":0.0,"gold_gain":0.0,"event_name":"Golden Idol","player_choice":"Take Wound","floor":13.0,"gold_loss":0.0,"damage_taken":0.0,"relics_obtained":["Golden Idol"],"cards_obtained":["Injury"]}],"is_beta":false,"boss_relics":[],"items_purged_floors":[5],"is_endless":false,"potions_floor_spawned":[6,8,14],"killed_by":"Hexaghost","ascension_level":15}