{"gold_per_floor":[110,260,260,273,283,283,40,40,40,53,53,81,156,181,181,253,253,269,269,269,279,4,4,38,38,38,72,92,92,92,119,119,198,198,210,210,210,226,176,176,176,191,191,42,76,76,105,115,115,115],"floor_reached":51,"playtime":4460,"items_purged":["Doubt","Writhe"],"score":1557,"play_id":"5d96f365-0e9b-4f24-ad5d-1a46c36f628d","local_time":"20190226211234","is_ascension_mode":true,"campfire_choices":[{"data":"Dualcast","floor":6.0,"key":"SMITH"},{"data":"Chill","floor":8.0,"key":"SMITH"},{"floor":11.0,"key":"REST"},{"data":"Defragment","floor":15.0,"key":"SMITH"},{"data":"Amplify","floor":23.0,"key":"SMITH"},{"data":"FTL","floor":25.0,"key":"SMITH"},{"data":"Static Discharge","floor":29.0,"key":"SMITH"},{"data":"Storm","floor":32.0,"key":"SMITH"},{"data":"Echo Form","floor":41.0,"key":"SMITH"},{"floor":46.0,"key":"REST"},{"data":"Loop","floor":49.0,"key":"SMITH"}],"neow_cost":"PERCENT_DAMAGE","seed_source_timestamp":0,"circlet_count":0,"master_deck":["AscendersBane","Strike_B","Strike_B","Strike_B","Strike_B","Defend_B","Defend_B","Defend_B","Defend_B","Zap+1","Dualcast+1","Chill+1","Leap","Rebound","Glacier","Ball Lightning","Defragment+1","Amplify+1","Self Repair+1","Storm+1","Compile Driver","FTL+1","Cold Snap","Static Discharge+1","Echo Form+1","Go for the Eyes","Purity","Hologram","Biased Cognition","Reboot","Parasite","Loop+1"],"special_seed":0,"relics":["Cracked Core","Bird Faced Urn","DataDisk","Cables","Ancient Tea Set","Sozu","Lee\u0027s Waffle","Regal Pillow","Dodecahedron","Gremlin Horn","Smiling Mask","Runic Pyramid","Ornamental Fan","Peace Pipe","Art of War"],"potions_floor_usage":[],"damage_taken":[{"damage":6.0,"enemies":"Jaw Worm","floor":1.0,"turns":5.0},{"damage":0.0,"enemies":"Small Slimes","floor":4.0,"turns":3.0},{"damage":2.0,"enemies":"2 Louse","floor":5.0,"turns":3.0},{"damage":0.0,"enemies":"Exordium Wildlife","floor":10.0,"turns":4.0},{"damage":4.0,"enemies":"3 Sentries","floor":12.0,"turns":9.0},{"damage":16.0,"enemies":"Gremlin Nob","floor":14.0,"turns":4.0},{"damage":0.0,"enemies":"Slime Boss","floor":16.0,"turns":7.0},{"damage":8.0,"enemies":"2 Thieves","floor":18.0,"turns":4.0},{"damage":21.0,"enemies":"Shell Parasite","floor":21.0,"turns":6.0},{"damage":24.0,"enemies":"Gremlin Leader","floor":24.0,"turns":6.0},{"damage":5.0,"enemies":"Slavers","floor":27.0,"turns":5.0},{"damage":22.0,"enemies":"Sentry and Sphere","floor":28.0,"turns":6.0},{"damage":61.0,"enemies":"Automaton","floor":33.0,"turns":10.0},{"damage":18.0,"enemies":"Orb Walker","floor":35.0,"turns":4.0},{"damage":26.0,"enemies":"3 Shapes","floor":38.0,"turns":2.0},{"damage":33.0,"enemies":"Transient","floor":42.0,"turns":6.0},{"damage":61.0,"enemies":"Reptomancer","floor":45.0,"turns":6.0},{"damage":32.0,"enemies":"Giant Head","floor":47.0,"turns":8.0},{"damage":13.0,"enemies":"Writhing Mass","floor":48.0,"turns":5.0},{"damage":72,"enemies":"Awakened One","floor":50,"turns":25}],"seed_played":"-6317316630930410367","potions_obtained":[{"floor":1.0,"key":"Block Potion"},{"floor":4.0,"key":"Dexterity Potion"},{"floor":5.0,"key":"GamblersBrew"},{"floor":12.0,"key":"Poison Potion"}],"is_trial":false,"path_per_floor":["M","?","?","M","M","R","$","R","T","M","R","E","?","E","R","B",null,"M","?","?","M","$","R","E","R","T","E","M","R","?","T","R","B",null,"M","?","?","M","$","?","R","M","T","$","E","R","E","M","R","B",null],"character_chosen":"DEFECT","items_purchased":["Glacier","Ancient Potion","Lee\u0027s Waffle","Compile Driver","Biased Cognition"],"campfire_rested":2,"item_purchase_floors":[7,7,22,22,44],"current_hp_per_floor":[40,40,40,40,38,38,38,38,38,38,59,55,44,28,28,30,61,55,35,35,28,83,83,69,69,69,82,71,71,71,71,71,28,69,57,57,74,54,54,54,54,53,53,53,28,67,71,83,83,31],"gold":115,"neow_bonus":"ONE_RARE_RELIC","is_prod":false,"is_daily":false,"chose_seed":false,"campfire_upgraded":9,"win_rate":0,"timestamp":1551237154,"path_taken":["M","?","?","M","M","R","$","R","T","M","R","E","?","E","R","BOSS","M","?","?","M","$","R","E","R","T","E","?","R","?","?","R","BOSS","M","?","?","M","$","?","R","M","T","$","E","R","E","M","R","BOSS"],"build_version":"2019-01-23","purchased_purges":2,"victory":true,"max_hp_per_floor":[71,71,71,71,71,71,71,71,71,71,71,71,71,71,71,71,71,71,76,76,76,83,83,83,83,83,83,83,83,83,83,83,83,83,83,83,83,83,83,83,83,83,83,83,83,83,83,83,83,83],"card_choices":[{"not_picked":["Blizzard","Coolheaded"],"picked":"Chill","floor":1.0},{"not_picked":["Rebound","Turbo"],"picked":"Leap","floor":4.0},{"not_picked":["Streamline","Coolheaded"],"picked":"Rebound","floor":5.0},{"not_picked":["Lockon","Gash"],"picked":"Ball Lightning","floor":10.0},{"not_picked":["Rebound","Gash","Tempest"],"picked":"SKIP","floor":12.0},{"not_picked":["Auto Shields","Undo"],"picked":"Defragment","floor":14.0},{"not_picked":["Thunder Strike","Fission"],"picked":"Amplify","floor":16.0},{"not_picked":["Ball Lightning","Coolheaded"],"picked":"Self Repair","floor":18.0},{"not_picked":["Steam","Coolheaded"],"picked":"Storm","floor":21.0},{"not_picked":["Thunder Strike","Melter"],"picked":"FTL","floor":24.0},{"not_picked":["Chill","Barrage"],"picked":"Cold Snap","floor":27.0},{"not_picked":["Doom and Gloom","Fusion"],"picked":"Static Discharge","floor":28.0},{"not_picked":["Core Surge","All For One"],"picked":"Echo Form","floor":33.0},{"not_picked":["Cold Snap+1","Skim"],"picked":"Go for the Eyes","floor":35.0},{"not_picked":["Enlightenment","Bandage Up"],"picked":"Purity","floor":36.0},{"not_picked":["Cold Snap+1","Redo","FTL+1"],"picked":"SKIP","floor":38.0},{"not_picked":["Cold Snap+1","Redo","FTL+1"],"picked":"SKIP","floor":38.0},{"not_picked":["Cold Snap+1","Redo","FTL+1"],"picked":"SKIP","floor":38.0},{"not_picked":["Conserve Battery","Gash"],"picked":"Hologram","floor":42.0},{"not_picked":["Compile Driver","Cold Snap+1"],"picked":"Reboot","floor":45.0},{"not_picked":["Sweeping Beam","Barrage","Turbo"],"picked":"SKIP","floor":47.0},{"not_picked":["Skim","Static Discharge"],"picked":"Loop","floor":48.0}],"player_experience":589469,"relics_obtained":[{"floor":9.0,"key":"DataDisk"},{"floor":12.0,"key":"Cables"},{"floor":14.0,"key":"Ancient Tea Set"},{"floor":24.0,"key":"Regal Pillow"},{"floor":26.0,"key":"Dodecahedron"},{"floor":27.0,"key":"Gremlin Horn"},{"floor":31.0,"key":"Smiling Mask"},{"floor":43.0,"key":"Ornamental Fan"},{"floor":45.0,"key":"Peace Pipe"},{"floor":47.0,"key":"Art of War"}],"event_choices":[{"damage_healed":0.0,"max_hp_gain":0.0,"max_hp_loss":0.0,"gold_gain":150.0,"event_name":"Liars Game","player_choice":"AGREE","floor":2.0,"gold_loss":0.0,"damage_taken":0.0,"cards_obtained":["Doubt"]},{"damage_healed":0.0,"max_hp_gain":0.0,"max_hp_loss":0.0,"gold_gain":0.0,"event_name":"Living Wall","player_choice":"Grow","floor":3.0,"gold_loss":0.0,"damage_taken":0.0,"cards_upgraded":["Zap"]},{"damage_healed":0.0,"max_hp_gain":0.0,"max_hp_loss":0.0,"gold_gain":75.0,"event_name":"World of Goop","player_choice":"Gather Gold","floor":13.0,"gold_loss":0.0,"damage_taken":11.0},{"damage_healed":0.0,"max_hp_gain":5.0,"max_hp_loss":0.0,"gold_gain":0.0,"event_name":"Forgotten Altar","player_choice":"Shed Blood","floor":19.0,"gold_loss":0.0,"damage_taken":25.0},{"damage_healed":0.0,"max_hp_gain":0.0,"max_hp_loss":0.0,"gold_gain":0.0,"event_name":"Accursed Blacksmith","player_choice":"Forge","floor":20.0,"gold_loss":0.0,"damage_taken":0.0,"cards_upgraded":["Self Repair"]},{"damage_healed":0.0,"max_hp_gain":0.0,"max_hp_loss":0.0,"gold_gain":0.0,"event_name":"Ghosts","player_choice":"Ignored","floor":30.0,"gold_loss":0.0,"damage_taken":0.0},{"damage_healed":0.0,"max_hp_gain":0.0,"max_hp_loss":0.0,"gold_gain":0.0,"event_name":"SensoryStone","player_choice":"Memory 1","floor":36.0,"gold_loss":0.0,"damage_taken":0.0},{"damage_healed":17.0,"max_hp_gain":0.0,"max_hp_loss":0.0,"gold_gain":0.0,"event_name":"Winding Halls","player_choice":"Writhe","floor":37.0,"gold_loss":0.0,"damage_taken":0.0,"cards_obtained":["Writhe"]},{"damage_healed":0.0,"max_hp_gain":0.0,"max_hp_loss":0.0,"gold_gain":0.0,"event_name":"Tomb of Lord Red Mask","player_choice":"Ignored","floor":40.0,"gold_loss":0.0,"damage_taken":0.0}],"is_beta":false,"boss_relics":[{"not_picked":["Fusion Hammer","Velvet Choker"],"picked":"Sozu"},{"not_picked":["Lizard Tail","FrozenCore"],"picked":"Runic Pyramid"}],"items_purged_floors":[7,39],"is_endless":false,"potions_floor_spawned":[1,4,5,12,21,33,35,45,48],"ascension_level":19}