{"gold_per_floor":[116,116,131,141,66,66,66,66,91,103,174,203,215,20,20,92,92,109,123,152,152,43,43,56,56,83,115,115,115],"floor_reached":29,"playtime":1022,"items_purged":["Strike_R"],"score":466,"play_id":"9c47012b-e790-464e-a27c-6950d26568d6","local_time":"20190310134838","is_ascension_mode":true,"campfire_choices":[{"data":"Armaments","floor":6.0,"key":"SMITH"},{"data":"Searing Blow","floor":7.0,"key":"SMITH"},{"data":"Searing Blow+1","floor":8.0,"key":"SMITH"},{"data":"Searing Blow+2","floor":10.0,"key":"SMITH"},{"data":"Searing Blow+3","floor":13.0,"key":"SMITH"},{"data":"Searing Blow+4","floor":15.0,"key":"SMITH"},{"floor":23.0,"key":"REST"},{"floor":25.0,"key":"REST"}],"neow_cost":"TEN_PERCENT_HP_LOSS","seed_source_timestamp":1824962537893,"circlet_count":0,"master_deck":["AscendersBane","Strike_R","Strike_R","Strike_R","Strike_R","Defend_R","Defend_R","Defend_R","Defend_R","Bash","Spot Weakness","Searing Blow+5","True Grit","Brutality","Armaments+1","Double Tap","Spot Weakness","Immolate","True Grit","Fiend Fire","Clothesline+1","True Grit","Thunderclap","Shrug It Off","Limit Break","J.A.X."],"special_seed":0,"relics":["Burning Blood","WingedGreaves","MawBank","Tiny Chest","Runic Cube","Red Mask","Bag of Preparation","Smiling Mask"],"potions_floor_usage":[29],"damage_taken":[{"damage":10.0,"enemies":"Small Slimes","floor":1.0,"turns":5.0},{"damage":7.0,"enemies":"Cultist","floor":3.0,"turns":3.0},{"damage":4.0,"enemies":"2 Louse","floor":4.0,"turns":4.0},{"damage":33.0,"enemies":"Lagavulin","floor":11.0,"turns":7.0},{"damage":6.0,"enemies":"Looter","floor":12.0,"turns":3.0},{"damage":31.0,"enemies":"The Guardian","floor":16.0,"turns":16.0},{"damage":24.0,"enemies":"Spheric Guardian","floor":18.0,"turns":4.0},{"damage":19.0,"enemies":"2 Thieves","floor":19.0,"turns":3.0},{"damage":12.0,"enemies":"Masked Bandits","floor":20.0,"turns":3.0},{"damage":16.0,"enemies":"Colosseum Slavers","floor":21.0,"turns":5.0},{"damage":10.0,"enemies":"Shelled Parasite and Fungi","floor":24.0,"turns":3.0},{"damage":42.0,"enemies":"Slavers","floor":27.0,"turns":4.0},{"damage":7,"enemies":"Sentry and Sphere","floor":29,"turns":4}],"seed_played":"-4455284901482113612","potions_obtained":[{"floor":1.0,"key":"Strength Potion"},{"floor":3.0,"key":"SkillPotion"},{"floor":19.0,"key":"Fire Potion"},{"floor":20.0,"key":"Explosive Potion"},{"floor":27.0,"key":"Dexterity Potion"}],"is_trial":false,"path_per_floor":["M","?","M","M","$","R","R","R","T","R","E","M","R","$","R","B",null,"M","M","?","?","$","R","M","R","T","E","?","M"],"character_chosen":"IRONCLAD","items_purchased":["Immolate","True Grit","Thunderclap","Block Potion"],"campfire_rested":2,"item_purchase_floors":[14,14,22,22],"current_hp_per_floor":[64,64,63,65,65,65,65,65,65,65,38,38,38,38,38,13,54,36,23,17,7,7,27,23,43,43,7,7,0],"gold":115,"neow_bonus":"ONE_RARE_RELIC","is_prod":false,"is_daily":false,"chose_seed":false,"campfire_upgraded":6,"win_rate":0,"timestamp":1552222118,"path_taken":["M","?","M","M","$","R","R","R","T","R","E","?","R","$","R","BOSS","M","M","?","?","$","R","M","R","T","E","?","M"],"build_version":"2019-01-23","purchased_purges":1,"victory":false,"max_hp_per_floor":[68,68,68,68,68,68,68,68,68,68,68,68,68,68,68,68,68,68,68,68,68,68,68,68,68,68,68,68,68],"card_choices":[{"not_picked":["Shockwave","Headbutt"],"picked":"Spot Weakness","floor":1.0},{"not_picked":["Flex","Carnage","Perfected Strike"],"picked":"SKIP","floor":3.0},{"not_picked":["Seeing Red","True Grit"],"picked":"Armaments","floor":4.0},{"not_picked":["Wild Strike","True Grit"],"picked":"Double Tap","floor":11.0},{"not_picked":["True Grit","Twin Strike"],"picked":"Spot Weakness","floor":12.0},{"not_picked":["Bludgeon","Brutality"],"picked":"Fiend Fire","floor":16.0},{"not_picked":["Wild Strike","Pommel Strike"],"picked":"Clothesline+1","floor":18.0},{"not_picked":["Thunderclap","Anger+1"],"picked":"True Grit","floor":19.0},{"not_picked":["Sword Boomerang","Anger"],"picked":"Shrug It Off","floor":24.0},{"not_picked":["Warcry","Inflame"],"picked":"Limit Break","floor":27.0}],"player_experience":487685,"relics_obtained":[{"floor":9.0,"key":"MawBank"},{"floor":11.0,"key":"Tiny Chest"},{"floor":20.0,"key":"Red Mask"},{"floor":26.0,"key":"Bag of Preparation"},{"floor":27.0,"key":"Smiling Mask"}],"event_choices":[{"damage_healed":0.0,"max_hp_gain":0.0,"max_hp_loss":0.0,"gold_gain":0.0,"event_name":"Match and Keep!","player_choice":"3 cards matched","floor":2.0,"gold_loss":0.0,"damage_taken":0.0,"cards_obtained":["Searing Blow","True Grit","Brutality"]},{"damage_healed":0.0,"max_hp_gain":0.0,"max_hp_loss":0.0,"gold_gain":0.0,"event_name":"Masked Bandits","player_choice":"Fought Bandits","floor":20.0,"gold_loss":0.0,"damage_taken":0.0},{"damage_healed":0.0,"max_hp_gain":0.0,"max_hp_loss":0.0,"gold_gain":0.0,"event_name":"Colosseum","player_choice":"Fight","floor":21.0,"gold_loss":0.0,"damage_taken":0.0},{"damage_healed":0.0,"max_hp_gain":0.0,"max_hp_loss":0.0,"gold_gain":0.0,"event_name":"Colosseum","player_choice":"Fled From Nobs","floor":21.0,"gold_loss":0.0,"damage_taken":0.0},{"damage_healed":0.0,"max_hp_gain":0.0,"max_hp_loss":0.0,"gold_gain":0.0,"event_name":"Drug Dealer","player_choice":"Obtain J.A.X.","floor":28.0,"gold_loss":0.0,"damage_taken":0.0,"cards_obtained":["J.A.X."]}],"is_beta":false,"boss_relics":[{"not_picked":["Tiny House","Coffee Dripper"],"picked":"Runic Cube"}],"items_purged_floors":[5],"is_endless":false,"potions_floor_spawned":[1,3,19,20,27],"killed_by":"Sentry and Sphere","ascension_level":19}