{"gold_per_floor":[12,25,39,49,69,96,96,116,190,204,204,222,245,245],"floor_reached":14,"playtime":1247,"items_purged":[],"score":115,"play_id":"3f85bc99-9574-4b69-967e-e4e9ace2f6d7","local_time":"20180722043759","is_ascension_mode":true,"campfire_choices":[{"floor":7.0,"key":"REST"},{"data":"Zap","floor":11.0,"key":"SMITH"}],"neow_cost":"NO_GOLD","seed_source_timestamp":0,"circlet_count":0,"master_deck":["Strike_B","Strike_B","Strike_B","Defend_B","Defend_B","Defend_B","Zap+1","Dualcast","Capacitor","Leap","Loop","Static Discharge"],"special_seed":0,"relics":["Cracked Core","The Courier","Cables","Regal Pillow"],"potions_floor_usage":[],"damage_taken":[{"damage":1.0,"enemies":"Cultist","floor":1.0,"turns":3.0},{"damage":0.0,"enemies":"Small Slimes","floor":2.0,"turns":2.0},{"damage":7.0,"enemies":"2 Louse","floor":3.0,"turns":2.0},{"damage":3.0,"enemies":"Looter","floor":4.0,"turns":4.0},{"damage":9.0,"enemies":"Red Slaver","floor":5.0,"turns":4.0},{"damage":38.0,"enemies":"3 Sentries","floor":6.0,"turns":10.0},{"damage":6.0,"enemies":"Blue Slaver","floor":8.0,"turns":4.0},{"damage":8.0,"enemies":"3 Louse","floor":10.0,"turns":3.0},{"damage":3.0,"enemies":"Looter","floor":12.0,"turns":3.0},{"damage":8.0,"enemies":"Gremlin Nob","floor":14.0,"turns":3.0}],"seed_played":"-6602221476117536255","potions_obtained":[{"floor":2.0,"key":"FocusPotion"},{"floor":4.0,"key":"Ancient Potion"},{"floor":5.0,"key":"PowerPotion"},{"floor":6.0,"key":"Swift Potion"},{"floor":10.0,"key":"Fire Potion"},{"floor":12.0,"key":"PowerPotion"}],"is_trial":false,"path_per_floor":["M","M","M","M","M","E","R","M","T","M","R","M","T"],"character_chosen":"DEFECT","items_purchased":[],"campfire_rested":1,"item_purchase_floors":[],"current_hp_per_floor":[74,74,67,64,55,17,39,33,33,25,25,22,22,0],"gold":245,"neow_bonus":"REMOVE_TWO","is_prod":false,"is_daily":false,"chose_seed":false,"campfire_upgraded":1,"win_rate":0,"timestamp":1532259479,"path_taken":["M","M","?","M","M","E","R","?","T","M","R","M","?","?"],"build_version":"2018-07-19v2","purchased_purges":0,"victory":false,"max_hp_per_floor":[75,75,75,75,75,75,75,75,75,75,75,75,75,75],"card_choices":[{"not_picked":["Redo","Barrage","Rebound"],"picked":"SKIP","floor":1.0},{"not_picked":["Beam Cell","Hello World"],"picked":"Capacitor","floor":2.0},{"not_picked":["Rip and Tear","Reboot"],"picked":"Leap","floor":3.0},{"not_picked":["Storm","Barrage","Turbo"],"picked":"SKIP","floor":4.0},{"not_picked":["Storm","Compile Driver","Lockon"],"picked":"SKIP","floor":5.0},{"not_picked":["Tempest","Conserve Battery"],"picked":"Loop","floor":6.0},{"not_picked":["Beam Cell","FTL","Steam"],"picked":"SKIP","floor":8.0},{"not_picked":["Barrage","Steam Power","Compile Driver"],"picked":"SKIP","floor":10.0},{"not_picked":["Redo","Streamline"],"picked":"Static Discharge","floor":12.0}],"player_experience":647229,"relics_obtained":[{"floor":6.0,"key":"The Courier"},{"floor":9.0,"key":"Cables"},{"floor":13.0,"key":"Regal Pillow"}],"event_choices":[{"event_name":"Dead Adventurer","player_choice":"Searched \u00272\u0027 times","floor":14.0,"damage_taken":0.0}],"is_beta":false,"boss_relics":[],"items_purged_floors":[],"is_endless":false,"potions_floor_spawned":[2,4,5,6,10,12],"ascension_level":4}