{"gold_per_floor":[15,15,15,34,10,45,45,72,119,119,139,49,49,62,62,134,134,150,166,166,166,44,44,71,89,142,142,177,187,187,213,213,213],"floor_reached":33,"playtime":1952,"items_purged":[],"score":513,"play_id":"f8f128c0-bad6-40ef-9b23-55b9872a84e7","local_time":"20190203001945","is_ascension_mode":true,"campfire_choices":[{"data":"Demon Form","floor":7.0,"key":"SMITH"},{"floor":10.0,"key":"REST"},{"data":"True Grit","floor":13.0,"key":"SMITH"},{"floor":15.0,"key":"REST"},{"data":"Limit Break","floor":23.0,"key":"SMITH"},{"floor":30,"key":"REST"},{"floor":32,"key":"REST"}],"neow_cost":"NO_GOLD","seed_source_timestamp":135229228271131,"circlet_count":0,"master_deck":["AscendersBane","Strike_R+1","Strike_R+1","Strike_R+1","Defend_R+1","Defend_R+1","Defend_R+1","Defend_R+1","Bash+1","Shrug It Off","Cleave+1","Demon Form+1","Flame Barrier","True Grit+1","Metallicize","Headbutt","Armaments","Reaper","True Grit","Necronomicurse","Limit Break+1","Shrug It Off","Pommel Strike","Twin Strike","Headbutt"],"special_seed":0,"relics":["Burning Blood","Unceasing Top","Potion Belt","Bag of Preparation","Whetstone","Sozu","Necronomicon","Frozen Egg 2","Art of War","Dodecahedron","Molten Egg 2"],"potions_floor_usage":[],"damage_taken":[{"damage":8.0,"enemies":"Jaw Worm","floor":1.0,"turns":5.0},{"damage":1.0,"enemies":"Small Slimes","floor":4.0,"turns":5.0},{"damage":48.0,"enemies":"Gremlin Nob","floor":6.0,"turns":5.0},{"damage":25.0,"enemies":"Lagavulin","floor":8.0,"turns":7.0},{"damage":1.0,"enemies":"Cultist","floor":11.0,"turns":3.0},{"damage":25.0,"enemies":"Exordium Thugs","floor":14.0,"turns":7.0},{"damage":26.0,"enemies":"The Guardian","floor":16.0,"turns":12.0},{"damage":4.0,"enemies":"3 Byrds","floor":18.0,"turns":3.0},{"damage":13.0,"enemies":"Chosen","floor":19.0,"turns":6.0},{"damage":30.0,"enemies":"Slavers","floor":24.0,"turns":9.0},{"damage":11.0,"enemies":"Sentry and Sphere","floor":25.0,"turns":7.0},{"damage":54,"enemies":"Book of Stabbing","floor":28,"turns":7},{"damage":12,"enemies":"Snecko","floor":29,"turns":7},{"damage":58,"enemies":"Slavers","floor":31,"turns":6},{"damage":64,"enemies":"Automaton","floor":33,"turns":6}],"seed_played":"6567909265898724877","potions_obtained":[{"floor":6.0,"key":"Strength Potion"},{"floor":14.0,"key":"Fire Potion"}],"is_trial":false,"path_per_floor":["M","?","?","M","$","E","R","E","T","R","M","$","R","M","R","B",null,"M","M","?","?","$","R","E","M","T","?","E","M","R","E","R","B"],"character_chosen":"IRONCLAD","items_purchased":["Cleave","Metallicize","Headbutt","Limit Break","Shrug It Off"],"campfire_rested":4,"item_purchase_floors":[5,12,12,22,22],"current_hp_per_floor":[70,70,63,68,68,26,26,7,7,31,36,36,36,17,41,21,65,73,75,59,59,59,59,59,65,65,65,17,18,42,14,38,0],"gold":213,"neow_bonus":"ONE_RARE_RELIC","is_prod":false,"is_daily":false,"chose_seed":false,"campfire_upgraded":3,"win_rate":0,"timestamp":1549149585,"path_taken":["M","?","?","M","$","E","R","E","T","R","M","$","R","M","R","BOSS","M","M","?","?","$","R","E","M","T","?","E","M","R","E","R","BOSS"],"build_version":"2019-01-23","purchased_purges":0,"victory":false,"max_hp_per_floor":[80,80,80,80,80,80,80,80,80,80,80,80,80,80,80,80,80,80,80,80,80,80,80,80,80,80,80,80,80,80,80,80,80],"card_choices":[{"not_picked":["Clash","Sword Boomerang","Thunderclap"],"picked":"SKIP","floor":1.0},{"not_picked":["Flex","Wild Strike"],"picked":"Shrug It Off","floor":4.0},{"not_picked":["Heavy Blade","Combust"],"picked":"Demon Form","floor":6.0},{"not_picked":["Rupture","Infernal Blade"],"picked":"Flame Barrier","floor":8.0},{"not_picked":["Feel No Pain","Wild Strike"],"picked":"True Grit","floor":11.0},{"not_picked":["Thunderclap","Cleave"],"picked":"Armaments","floor":14.0},{"not_picked":["Feed","Berserk"],"picked":"Reaper","floor":16.0},{"not_picked":["Pommel Strike","Anger"],"picked":"True Grit","floor":18.0},{"not_picked":["Warcry","Armaments","Dual Wield"],"picked":"SKIP","floor":19.0},{"not_picked":["Wild Strike","Warcry"],"picked":"Pommel Strike","floor":24.0},{"not_picked":["Offering","Armaments"],"picked":"Twin Strike","floor":25.0},{"not_picked":["Hemokinesis","Clash"],"picked":"Headbutt","floor":28},{"not_picked":["Evolve+1","Corruption+1","Shrug It Off"],"picked":"SKIP","floor":29},{"not_picked":["Twin Strike","Flex","True Grit"],"picked":"SKIP","floor":31}],"player_experience":268879,"relics_obtained":[{"floor":6.0,"key":"Potion Belt"},{"floor":8.0,"key":"Bag of Preparation"},{"floor":9.0,"key":"Whetstone"},{"floor":20.0,"key":"Necronomicon"},{"floor":24.0,"key":"Frozen Egg 2"},{"floor":26.0,"key":"Art of War"},{"floor":28,"key":"Dodecahedron"},{"floor":31,"key":"Molten Egg 2"}],"event_choices":[{"damage_healed":0.0,"max_hp_gain":0.0,"max_hp_loss":0.0,"gold_gain":0.0,"event_name":"Living Wall","player_choice":"Grow","floor":2.0,"gold_loss":0.0,"damage_taken":0.0,"cards_upgraded":["Bash"]},{"cards_removed":["Strike_R"],"damage_healed":0.0,"max_hp_gain":0.0,"max_hp_loss":0.0,"gold_gain":0.0,"event_name":"Golden Wing","player_choice":"Card Removal","floor":3.0,"gold_loss":0.0,"damage_taken":7.0},{"damage_healed":0.0,"max_hp_gain":0.0,"max_hp_loss":0.0,"gold_gain":0.0,"event_name":"Cursed Tome","player_choice":"Obtained Book","floor":20.0,"gold_loss":0.0,"damage_taken":16.0},{"damage_healed":0.0,"max_hp_gain":0.0,"max_hp_loss":0.0,"gold_gain":0.0,"event_name":"Back to Basics","player_choice":"Simplicity","floor":21.0,"gold_loss":0.0,"damage_taken":0.0,"cards_upgraded":["Strike_R","Strike_R","Strike_R","Defend_R","Defend_R","Defend_R","Defend_R"]},{"cards_removed":["Strike_R"],"damage_healed":0.0,"max_hp_gain":0.0,"max_hp_loss":0.0,"gold_gain":0.0,"event_name":"Bonfire Elementals","player_choice":"Offered Basic","floor":27.0,"gold_loss":0.0,"damage_taken":0.0}],"is_beta":false,"boss_relics":[{"not_picked":["Mark of Pain","Orrery"],"picked":"Sozu"}],"items_purged_floors":[],"is_endless":false,"potions_floor_spawned":[6,14,18,19,24,31],"killed_by":"Automaton","ascension_level":13}