{"gold_per_floor":[112,187,112,132,32,32,32,51,51,51,85,104,104,119,119,216,216,227,227,237,162,194,220,220,43,69,69,86,102,201,232,232,333,333,344,566,154,154,200,200,200,213,213,231,231,231,262,262,262,262],"floor_reached":51,"playtime":6816,"items_purged":["Strike_R","Strike_R","Strike_R","Strike_R"],"score":767,"play_id":"971f5ece-d7d0-45aa-8cde-6f648c6f84f6","local_time":"20180819175729","is_ascension_mode":true,"campfire_choices":[{"data":"Iron Wave","floor":6,"key":"SMITH"},{"data":"Bash","floor":10,"key":"SMITH"},{"data":"Headbutt","floor":13,"key":"SMITH"},{"data":"Clothesline","floor":15,"key":"SMITH"},{"data":"Iron Wave","floor":24,"key":"SMITH"},{"data":"Heavy Blade","floor":27,"key":"SMITH"},{"floor":32,"key":"REST"},{"data":"Heavy Blade","floor":40,"key":"SMITH"},{"data":"Defend_R","floor":45,"key":"SMITH"},{"floor":49,"key":"REST"}],"neow_cost":"","seed_source_timestamp":2345454735774,"circlet_count":0,"master_deck":["Defend_R+1","Defend_R","Defend_R","Bash+1","Iron Wave+1","Heavy Blade+1","Shrug It Off+1","Headbutt+1","Clothesline+1","Heavy Blade+1","Iron Wave+1","Heavy Blade+1","Shrug It Off+1"],"relics":["Burning Blood","Strawberry","Ancient Tea Set","Snecko Eye","Red Mask","Magic Flower","Red Skull","Juzu Bracelet","Sozu","Shuriken","Bird Faced Urn","Champion Belt","Oddly Smooth Stone","Calipers"],"potions_floor_usage":[16,31,31,33,33,33,33,50],"damage_taken":[{"damage":6,"enemies":"2 Louse","floor":1,"turns":3},{"damage":7,"enemies":"Small Slimes","floor":4,"turns":4},{"damage":1,"enemies":"Cultist","floor":8,"turns":3},{"damage":21,"enemies":"Gremlin Nob","floor":11,"turns":4},{"damage":12,"enemies":"Exordium Wildlife","floor":12,"turns":5},{"damage":0,"enemies":"3 Louse","floor":14,"turns":3},{"damage":47,"enemies":"Slime Boss","floor":16,"turns":11},{"damage":24,"enemies":"Spheric Guardian","floor":18,"turns":4},{"damage":0,"enemies":"3 Byrds","floor":20,"turns":7},{"damage":25,"floor":22,"turns":6},{"damage":9,"enemies":"Book of Stabbing","floor":23,"turns":5},{"damage":2,"enemies":"Centurion and Healer","floor":28,"turns":5},{"damage":29,"enemies":"Sentry and Sphere","floor":29,"turns":7},{"damage":14,"enemies":"Slavers","floor":31,"turns":3},{"damage":56,"enemies":"Champ","floor":33,"turns":11},{"damage":0,"enemies":"3 Shapes","floor":35,"turns":4},{"damage":17,"floor":38,"turns":7},{"damage":13,"floor":39,"turns":4},{"damage":0,"enemies":"Orb Walker","floor":42,"turns":3},{"damage":0,"enemies":"Flame Bruiser 2 Orb","floor":44,"turns":5},{"damage":25,"enemies":"2 Orb Walkers","floor":47,"turns":4},{"damage":15,"enemies":"Time Eater","floor":50,"turns":7}],"seed_played":"-6014419698554807662","potions_obtained":[{"floor":8,"key":"Swift Potion"},{"floor":12,"key":"SpeedPotion"},{"floor":23,"key":"Energy Potion"},{"floor":28,"key":"EntropicBrew"},{"floor":31,"key":"SteroidPotion"}],"is_trial":false,"path_per_floor":["M","?","$","M","$","R","$","M","T","R","E","M","R","M","R","B",null,"M","?","M","?","?","E","R","$","T","R","M","M","?","E","R","B",null,"M","?","$","?","?","R","?","M","T","M","R","?","E","?","R","B"],"character_chosen":"IRONCLAD","items_purchased":["Strength Potion","Shuriken"],"campfire_rested":2,"item_purchase_floors":[25,37],"current_hp_per_floor":[80,69,69,68,68,68,68,73,80,80,65,59,59,65,65,24,87,69,69,75,75,56,53,53,53,53,53,60,40,40,35,61,33,87,87,87,87,79,75,75,65,74,74,83,83,83,67,67,87,81],"gold":262,"neow_bonus":"","is_prod":false,"is_daily":false,"chose_seed":false,"campfire_upgraded":8,"win_rate":0,"timestamp":1534719449,"path_taken":["M","?","$","M","?","R","?","M","T","R","E","M","R","M","R","BOSS","M","?","M","?","?","E","R","$","T","R","M","M","?","E","R","BOSS","M","?","$","?","?","R","?","M","T","M","R","?","E","?","R","BOSS"],"build_version":"2018-08-16","purchased_purges":4,"victory":true,"max_hp_per_floor":[80,80,80,80,80,80,80,80,87,87,87,87,87,87,87,87,87,87,87,87,87,87,87,87,87,87,87,87,87,87,87,87,87,87,87,87,87,87,87,87,87,87,87,87,87,87,87,87,87,87],"card_choices":[{"not_picked":["Wild Strike","Perfected Strike"],"picked":"Iron Wave","floor":1},{"not_picked":["Battle Trance","Body Slam"],"picked":"Heavy Blade","floor":4},{"not_picked":["Flame Barrier","Spot Weakness","Evolve"],"picked":"SKIP","floor":8},{"not_picked":["Cleave","Dropkick"],"picked":"Shrug It Off","floor":11},{"not_picked":["Warcry","Perfected Strike"],"picked":"Headbutt","floor":12},{"not_picked":["Limit Break","Clash"],"picked":"Clothesline","floor":14},{"not_picked":["Ghostly Armor+1","Flex","Headbutt"],"picked":"SKIP","floor":18},{"not_picked":["Twin Strike","Evolve"],"picked":"Heavy Blade","floor":20},{"not_picked":["Armaments","Metallicize+1"],"picked":"Iron Wave","floor":22},{"not_picked":["Shockwave","Clash+1"],"picked":"Heavy Blade+1","floor":23},{"not_picked":["Body Slam","Metallicize","Combust+1"],"picked":"SKIP","floor":28},{"not_picked":["Barricade","Ghostly Armor","Armaments"],"picked":"SKIP","floor":29},{"not_picked":["Body Slam","Pommel Strike","Headbutt"],"picked":"SKIP","floor":31},{"not_picked":["Bloodletting","Entrench+1","True Grit+1"],"picked":"SKIP","floor":35},{"not_picked":["Shockwave","Dropkick+1"],"picked":"Shrug It Off+1","floor":39},{"not_picked":["Perfected Strike+1","Cleave+1","Warcry"],"picked":"SKIP","floor":42},{"not_picked":["Clothesline","Iron Wave","Body Slam+1"],"picked":"SKIP","floor":44},{"not_picked":["Clash","Fire Breathing+1","Twin Strike+1"],"picked":"SKIP","floor":47}],"player_experience":356618,"relics_obtained":[{"floor":9,"key":"Strawberry"},{"floor":11,"key":"Ancient Tea Set"},{"floor":22,"key":"Red Mask"},{"floor":23,"key":"Magic Flower"},{"floor":26,"key":"Red Skull"},{"floor":31,"key":"Juzu Bracelet"},{"floor":38,"key":"Bird Faced Urn"},{"floor":39,"key":"Champion Belt"},{"floor":43,"key":"Oddly Smooth Stone"},{"floor":47,"key":"Calipers"}],"event_choices":[{"event_name":"World of Goop","player_choice":"Gather Gold","floor":2,"damage_taken":0},{"event_name":"Upgrade Shrine","player_choice":"Upgraded","floor":19,"damage_taken":0},{"event_name":"Beggar","player_choice":"Gave Gold","floor":21,"damage_taken":0},{"event_name":"Masked Bandits","player_choice":"Fought Bandits","floor":22,"damage_taken":0},{"event_name":"Nest","player_choice":"Stole From Cult","floor":30,"damage_taken":0},{"event_name":"Tomb of Lord Red Mask","player_choice":"Wore Mask","floor":36,"damage_taken":0},{"event_name":"MindBloom","player_choice":"Fight","floor":38,"damage_taken":0},{"event_name":"Mysterious Sphere","player_choice":"Fight","floor":39,"damage_taken":0},{"event_name":"SensoryStone","player_choice":"Memory 3","floor":41,"damage_taken":0},{"event_name":"Falling","player_choice":"Removed Skill","floor":46,"damage_taken":0},{"event_name":"Match and Keep!","player_choice":"0 cards matched","floor":48,"damage_taken":0}],"is_beta":false,"boss_relics":[{"not_picked":["Astrolabe","Empty Cage"],"picked":"Snecko Eye"},{"not_picked":["Philosopher\u0027s Stone","Runic Pyramid"],"picked":"Sozu"}],"items_purged_floors":[3,5,25,37],"is_endless":false,"potions_floor_spawned":[8,12,23,28,29,31,35,38,39,47],"ascension_level":1}