{"gold_per_floor":[112,125,145,165,165,190,204,204],"floor_reached":8,"playtime":478,"items_purged":[],"score":60,"play_id":"292d0286-f018-49fa-b8b6-d2a1c42fb42f","local_time":"20190322215459","is_ascension_mode":false,"campfire_choices":[],"neow_cost":"NONE","seed_source_timestamp":13533187321927,"circlet_count":0,"master_deck":["Strike_R","Strike_R","Strike_R","Strike_R","Strike_R","Defend_R","Defend_R","Defend_R","Defend_R","Bash","Berserk","Shrug It Off","Armaments","Ghostly Armor","Regret","Spot Weakness","Ghostly Armor"],"relics":["Burning Blood","Shuriken","Art of War"],"potions_floor_usage":[6],"damage_taken":[{"damage":7,"enemies":"Jaw Worm","floor":1,"turns":4},{"damage":6,"enemies":"2 Louse","floor":2,"turns":2},{"damage":2,"enemies":"Small Slimes","floor":3,"turns":6},{"damage":7,"enemies":"Blue Slaver","floor":4,"turns":6},{"damage":69,"enemies":"3 Sentries","floor":6,"turns":17},{"damage":5,"enemies":"3 Louse","floor":7,"turns":5},{"damage":21,"enemies":"Large Slime","floor":8,"turns":3}],"seed_played":"-7324784951613530869","potions_obtained":[{"floor":4,"key":"Block Potion"},{"floor":6,"key":"EssenceOfSteel"}],"is_trial":false,"path_per_floor":["M","M","M","M","?","E","M","M"],"character_chosen":"IRONCLAD","items_purchased":[],"campfire_rested":0,"item_purchase_floors":[],"current_hp_per_floor":[79,79,80,79,79,16,17,0],"gold":204,"neow_bonus":"ONE_RANDOM_RARE_CARD","is_prod":false,"is_daily":false,"chose_seed":false,"campfire_upgraded":0,"win_rate":0,"timestamp":1553316899,"path_taken":["M","M","M","M","?","E","M","M"],"build_version":"2019-01-23","purchased_purges":0,"victory":false,"max_hp_per_floor":[80,80,80,80,80,80,80,80],"card_choices":[{"not_picked":["Headbutt","Clash"],"picked":"Shrug It Off","floor":1},{"not_picked":["Iron Wave","Thunderclap"],"picked":"Armaments","floor":2},{"not_picked":["Headbutt","Body Slam"],"picked":"Ghostly Armor","floor":3},{"not_picked":["Sword Boomerang","Perfected Strike","Flex"],"picked":"SKIP","floor":4},{"not_picked":["Heavy Blade","Feel No Pain"],"picked":"Spot Weakness","floor":6},{"not_picked":["Thunderclap","Twin Strike"],"picked":"Ghostly Armor","floor":7}],"player_experience":1255390,"relics_obtained":[{"floor":6,"key":"Art of War"}],"event_choices":[{"damage_healed":0,"gold_gain":0,"player_choice":"Box","damage_taken":0,"relics_obtained":["Shuriken"],"max_hp_gain":0,"max_hp_loss":0,"event_name":"Big Fish","floor":5,"gold_loss":0,"cards_obtained":["Regret"]}],"is_beta":false,"boss_relics":[],"items_purged_floors":[],"is_endless":false,"potions_floor_spawned":[4,6],"killed_by":"Large Slime","ascension_level":0}