{"path_per_floor":["M","$","$","?","M","E","R","M","T","M","M","R","E","?","R","B",null,"M","?","?","$","M","R","?","M","T","M","R","M","R","T","R","B",null,"M","$","?","?","?","R","M","R","T","M","M","M","$","?","R","B"],"character_chosen":"IRONCLAD","items_purchased":["Toxic Egg 2","Carnage","Finesse+1","Medical Kit","Secret Weapon+1","EssenceOfSteel"],"gold_per_floor":[415,340,18,18,30,61,61,71,97,113,126,126,161,184,184,287,287,306,334,334,131,145,145,345,358,358,375,375,393,393,393,393,495,495,509,187,187,409,409,409,427,427,427,437,448,459,37,37,37,37],"floor_reached":51,"campfire_rested":1,"playtime":2685,"item_purchase_floors":[3,3,21,36,47,47],"current_hp_per_floor":[40,40,40,28,34,21,21,25,25,31,37,76,66,70,70,53,80,80,80,80,80,74,74,74,75,75,80,80,70,70,70,70,57,80,80,80,80,80,80,80,76,76,76,72,60,66,66,66,66,59],"items_purged":["Strike_R","Strike_R","Defend_R","Strike_R"],"gold":37,"score":800,"play_id":"3631b32a-7464-4de6-83a7-fb332f989ab7","local_time":"20180603143129","is_prod":false,"is_daily":false,"chose_seed":false,"is_ascension_mode":true,"campfire_upgraded":9,"win_rate":0,"timestamp":1528054289,"campfire_choices":[{"data":"Bash","floor":7,"key":"SMITH"},{"floor":12,"key":"REST"},{"data":"Carnage","floor":15,"key":"SMITH"},{"data":"Whirlwind","floor":23,"key":"SMITH"},{"data":"Searing Blow","floor":28,"key":"SMITH"},{"data":"Searing Blow+1","floor":30,"key":"SMITH"},{"data":"Searing Blow+2","floor":32,"key":"SMITH"},{"data":"Searing Blow+3","floor":40,"key":"SMITH"},{"data":"Searing Blow+4","floor":42,"key":"SMITH"},{"data":"Searing Blow+5","floor":49,"key":"SMITH"}],"path_taken":["M","?","$","?","M","E","R","M","T","?","M","R","E","?","R","BOSS","M","?","?","$","M","R","?","?","T","M","R","M","R","?","R","BOSS","M","$","?","?","?","R","M","R","T","?","M","M","$","?","R","BOSS"],"build_version":"2018-05-31","seed_source_timestamp":101887694608297,"purchased_purges":4,"victory":true,"master_deck":["Strike_R","Strike_R","Defend_R","Defend_R","Bash+1","Whirlwind+1","Carnage+1","Armaments+1","Twin Strike","Flex+1","Thunderclap","Shockwave+1","Flex+1","Limit Break+1","Shrug It Off+1","Warcry+1","Finesse+1","Searing Blow+6","Heavy Blade+1","Limit Break+1","Headbutt+1","Writhe","Flame Barrier+1","Secret Weapon+1","Dramatic Entrance"],"max_hp_per_floor":[80,80,80,80,80,80,80,80,80,80,80,80,80,80,80,80,80,80,80,80,80,80,80,80,80,80,80,80,80,80,80,80,80,80,80,80,80,80,80,80,80,80,80,80,80,80,80,80,80,80],"relics":["Burning Blood","Old Coin","Toxic Egg 2","Anchor","Matryoshka","Regal Pillow","Bronze Scales","Bag of Marbles","Odd Mushroom","Velvet Choker","Red Mask","Potion Belt","Prayer Wheel","Vajra","Cursed Key","Medical Kit"],"card_choices":[{"not_picked":["Heavy Blade","Armaments"],"picked":"Whirlwind","floor":1},{"not_picked":["Hemokinesis","Wild Strike"],"picked":"Armaments+1","floor":5},{"not_picked":["Flame Barrier+1","Perfected Strike"],"picked":"Twin Strike","floor":6},{"not_picked":["Dropkick","Rupture"],"picked":"Flex+1","floor":8},{"not_picked":["Metallicize","Sentinel+1"],"picked":"Thunderclap","floor":10},{"not_picked":["Second Wind+1","Anger","Cleave"],"picked":"SKIP","floor":11},{"not_picked":["Metallicize","Shrug It Off+1"],"picked":"Shockwave+1","floor":13},{"not_picked":["Thunderclap","True Grit+1"],"picked":"Flex+1","floor":14},{"not_picked":["Feed","Dark Embrace"],"picked":"Limit Break+1","floor":16},{"not_picked":["Body Slam","Rampage+1"],"picked":"Shrug It Off+1","floor":18},{"not_picked":["Clash","Power Through+1"],"picked":"Warcry+1","floor":19},{"not_picked":["Combust+1","Whirlwind","Searing Blow"],"picked":"SKIP","floor":22},{"not_picked":["Shockwave+1","Shrug It Off+1"],"picked":"Searing Blow","floor":25},{"not_picked":["Entrench+1","Havoc+1"],"picked":"Heavy Blade+1","floor":27},{"not_picked":["Pummel","Evolve","Sword Boomerang"],"picked":"SKIP","floor":27},{"not_picked":["Cleave","Ghostly Armor+1","Intimidate+1"],"picked":"SKIP","floor":29},{"not_picked":["Warcry+1","Offering+1","Burning Pact+1"],"picked":"SKIP","floor":29},{"not_picked":["Bludgeon","Berserk"],"picked":"Limit Break+1","floor":33},{"not_picked":["True Grit+1","Bloodletting+1"],"picked":"Headbutt+1","floor":35},{"not_picked":["Disarm+1","Sword Boomerang","Warcry+1"],"picked":"SKIP","floor":35},{"not_picked":["Infernal Blade+1","Clash+1","Armaments+1"],"picked":"SKIP","floor":41},{"not_picked":["Berserk","Flex+1","Armaments+1"],"picked":"SKIP","floor":41},{"not_picked":["Flex+1","Corruption"],"picked":"Flame Barrier+1","floor":44},{"not_picked":["Evolve","Intimidate+1","Heavy Blade"],"picked":"SKIP","floor":44},{"not_picked":["Rampage","Inflame+1","Pummel+1"],"picked":"SKIP","floor":45},{"not_picked":["Second Wind+1","Seeing Red+1","Entrench+1"],"picked":"SKIP","floor":45},{"not_picked":["Twin Strike","Cleave+1","Warcry+1"],"picked":"SKIP","floor":46},{"not_picked":["Dropkick+1","Spot Weakness+1","Ghostly Armor+1"],"picked":"SKIP","floor":46},{"not_picked":["Magnetism","Flash of Steel"],"picked":"Dramatic Entrance","floor":48}],"player_experience":173147,"potions_floor_usage":[11,13,29,33,33,33,46,50,50,50,50,50],"damage_taken":[{"damage":6,"enemies":"Cultist","floor":1,"turns":4},{"damage":0,"enemies":"Small Slimes","floor":5,"turns":2},{"damage":19,"enemies":"Lagavulin","floor":6,"turns":7},{"damage":2,"enemies":"Jaw Worm","floor":8,"turns":2},{"damage":0,"enemies":"Large Slime","floor":10,"turns":4},{"damage":0,"enemies":"Exordium Wildlife","floor":11,"turns":3},{"damage":16,"enemies":"Gremlin Nob","floor":13,"turns":3},{"damage":2,"enemies":"The Mushroom Lair","floor":14,"turns":2},{"damage":23,"enemies":"The Guardian","floor":16,"turns":8},{"damage":0,"enemies":"3 Byrds","floor":18,"turns":3},{"damage":0,"enemies":"Masked Bandits","floor":19,"turns":2},{"damage":12,"enemies":"Spheric Guardian","floor":22,"turns":3},{"damage":5,"enemies":"Snecko","floor":25,"turns":3},{"damage":0,"enemies":"Centurion and Healer","floor":27,"turns":3},{"damage":16,"enemies":"Sentry and Sphere","floor":29,"turns":3},{"damage":19,"enemies":"Champ","floor":33,"turns":5},{"damage":0,"enemies":"Orb Walker","floor":35,"turns":2},{"damage":10,"enemies":"3 Darklings","floor":41,"turns":3},{"damage":10,"enemies":"4 Shapes","floor":44,"turns":1},{"damage":18,"enemies":"Sphere and 2 Shapes","floor":45,"turns":4},{"damage":0,"enemies":"3 Darklings","floor":46,"turns":2},{"damage":21,"enemies":"Awakened One","floor":50,"turns":8}],"relics_obtained":[{"floor":6,"key":"Matryoshka"},{"floor":9,"key":"Regal Pillow"},{"floor":9,"key":"Bronze Scales"},{"floor":13,"key":"Bag of Marbles"},{"floor":14,"key":"Odd Mushroom"},{"floor":19,"key":"Red Mask"},{"floor":26,"key":"Potion Belt"},{"floor":26,"key":"Prayer Wheel"},{"floor":31,"key":"Vajra"}],"event_choices":[{"event_name":"Scrap Ooze","player_choice":"success","floor":4,"damage_taken":12},{"event_name":"Mushrooms","player_choice":"Fought Mushrooms","floor":14,"damage_taken":0},{"event_name":"Masked Bandits","player_choice":"Fought over 306 gold","floor":19,"damage_taken":0},{"event_name":"Vampires","player_choice":"Ignored","floor":20,"damage_taken":0},{"event_name":"The Joust","player_choice":"Bet on Owner","floor":24,"damage_taken":0},{"event_name":"Winding Halls","player_choice":"Writhe","floor":37,"damage_taken":0},{"event_name":"Tomb of Lord Red Mask","player_choice":"Wore Mask","floor":38,"damage_taken":0},{"event_name":"SensoryStone","player_choice":"Memory 1","floor":48,"damage_taken":0}],"boss_relics":[{"not_picked":["Orrery","Mark of Pain"],"picked":"Velvet Choker"},{"not_picked":["Runic Cube","Runic Dome"],"picked":"Cursed Key"}],"items_purged_floors":[2,21,36,47],"potions_floor_spawned":[6,8,10,13,16,18,27,44,45],"seed_played":"-4229925198456698410","ascension_level":3,"potions_obtained":[{"floor":6,"key":"AttackPotion"},{"floor":8,"key":"EntropicBrew"},{"floor":10,"key":"Fire Potion"},{"floor":13,"key":"SteroidPotion"},{"floor":16,"key":"Swift Potion"},{"floor":27,"key":"PowerPotion"},{"floor":44,"key":"Fire Potion"},{"floor":45,"key":"Dexterity Potion"}],"is_trial":false}