{"gold_per_floor":[114,114,133,133,12,46,74,114,126,149,181,193,235,266,278,392,404,430,541,563,575,109,109,135,135,135,145,176,51,69,98,98,197,197,214,226,226,0,16,44,58,58,58,93,111,139,139,172,172,172,172,172,96,122,122],"floor_reached":56,"playtime":4166,"items_purged":["Strike_B","Strike_B","Strike_B"],"score":1529,"play_id":"45a7e0d0-e416-4c55-bdd9-469f6196051c","local_time":"20190121124644","is_ascension_mode":true,"campfire_choices":[{"data":"Hologram","floor":12,"key":"SMITH"},{"data":"Zap","floor":15,"key":"SMITH"},{"data":"Dualcast","floor":23,"key":"SMITH"},{"data":"Chill","floor":25,"key":"SMITH"},{"data":"Beam Cell","floor":32,"key":"SMITH"},{"floor":42,"key":"RECALL"},{"data":"Seek","floor":47,"key":"SMITH"},{"data":"Leap","floor":49,"key":"SMITH"},{"data":"Conserve Battery","floor":52,"key":"SMITH"}],"neow_cost":"NONE","seed_source_timestamp":2368118362176,"circlet_count":0,"master_deck":["Defend_B","Defend_B","Defend_B","Defend_B","Zap+1","Dualcast+1","Ball Lightning","Iron Wave","Hologram+1","Gash","FTL","Conserve Battery+1","Leap+1","Streamline","BootSequence","Seek+1","Self Repair","Chill+1","FTL","Hologram+1","Beam Cell+1","Beam Cell+1","Gash","All For One","Go for the Eyes+1","Go for the Eyes"],"relics":["Cracked Core","NeowsBlessing","WarpedTongs","MawBank","Letter Opener","Bottled Lightning","Potion Belt","Runic Dome","Unceasing Top","Mercury Hourglass","Singing Bowl","Regal Pillow","Nuclear Battery","Lantern","Centennial Puzzle","Torii","Calipers","Oddly Smooth Stone","Orichalcum","Blue Candle"],"potions_floor_usage":[8,13,33,33,50,55,55,55,55,55,55,55,55,55,55],"damage_taken":[{"damage":0,"enemies":"Jaw Worm","floor":1,"turns":1},{"damage":0,"enemies":"Cultist","floor":3,"turns":1},{"damage":0,"enemies":"Gremlin Nob","floor":6,"turns":1},{"damage":0,"enemies":"Small Slimes","floor":7,"turns":3},{"damage":5,"enemies":"3 Sentries","floor":8,"turns":5},{"damage":0,"enemies":"3 Louse","floor":10,"turns":2},{"damage":0,"enemies":"Looter","floor":11,"turns":3},{"damage":11,"enemies":"Gremlin Nob","floor":13,"turns":3},{"damage":0,"enemies":"Gremlin Gang","floor":14,"turns":4},{"damage":20,"enemies":"The Guardian","floor":16,"turns":9},{"damage":0,"enemies":"Chosen","floor":18,"turns":3},{"damage":10,"enemies":"2 Thieves","floor":20,"turns":3},{"damage":8,"enemies":"Gremlin Leader","floor":24,"turns":7},{"damage":6,"enemies":"Cultist and Chosen","floor":27,"turns":5},{"damage":0,"enemies":"Slavers","floor":28,"turns":4},{"damage":0,"enemies":"Centurion and Healer","floor":30,"turns":3},{"damage":0,"enemies":"Gremlin Leader","floor":31,"turns":5},{"damage":27,"enemies":"Automaton","floor":33,"turns":7},{"damage":0,"enemies":"3 Darklings","floor":35,"turns":3},{"damage":0,"enemies":"3 Shapes","floor":36,"turns":2},{"damage":0,"enemies":"Jaw Worm Horde","floor":39,"turns":2},{"damage":1,"enemies":"Giant Head","floor":40,"turns":5},{"damage":0,"enemies":"4 Shapes","floor":41,"turns":2},{"damage":1,"enemies":"Nemesis","floor":44,"turns":3},{"damage":0,"enemies":"Sphere and 2 Shapes","floor":45,"turns":1},{"damage":0,"enemies":"Reptomancer","floor":46,"turns":4},{"damage":0,"enemies":"Nemesis","floor":48,"turns":4},{"damage":14,"enemies":"Donu and Deca","floor":50,"turns":7},{"damage":1,"enemies":"Shield and Spear","floor":54,"turns":5},{"damage":30,"enemies":"The Heart","floor":55,"turns":7}],"seed_played":"-2635673782842356138","potions_obtained":[{"floor":3,"key":"SkillPotion"},{"floor":6,"key":"Poison Potion"},{"floor":8,"key":"AttackPotion"},{"floor":11,"key":"EssenceOfSteel"},{"floor":20,"key":"GamblersBrew"},{"floor":27,"key":"Strength Potion"},{"floor":31,"key":"LiquidBronze"},{"floor":33,"key":"SteroidPotion"},{"floor":35,"key":"SmokeBomb"},{"floor":44,"key":"EntropicBrew"},{"floor":46,"key":"Dexterity Potion"},{"floor":48,"key":"Dexterity Potion"}],"is_trial":false,"path_per_floor":["M","?","M","?","$","E","M","E","T","M","M","R","E","M","R","B",null,"M","?","M","?","$","R","E","R","T","M","E","$","M","E","R","B",null,"M","M","?","$","M","E","M","R","T","E","M","E","R","E","R","B",null,"R","$","E","B",null],"character_chosen":"DEFECT","items_purchased":["Hologram","FTL","Unceasing Top","Fire Potion","All For One","Lantern","EssenceOfSteel"],"campfire_rested":0,"item_purchase_floors":[5,22,22,22,38,38,53],"current_hp_per_floor":[75,75,75,75,75,75,75,70,70,70,70,70,59,59,59,39,75,75,75,75,75,75,75,74,74,74,75,77,77,79,79,79,61,81,81,83,75,75,77,83,87,87,87,89,91,93,93,93,93,86,93,93,93,95,72],"gold":122,"neow_bonus":"THREE_ENEMY_KILL","is_prod":false,"is_daily":false,"chose_seed":false,"campfire_upgraded":8,"win_rate":0,"timestamp":1548096404,"path_taken":["M","?","?","?","$","E","?","E","T","M","?","R","E","M","R","BOSS","M","?","M","?","$","R","E","R","T","?","E","?","M","E","R","BOSS","M","M","?","$","?","E","?","R","T","E","M","E","R","E","R","BOSS","R","$","E","BOSS"],"build_version":"2019-01-17v2","purchased_purges":3,"victory":true,"max_hp_per_floor":[75,75,75,75,75,75,75,75,75,75,75,75,75,75,75,75,75,75,75,75,75,75,75,75,75,75,75,77,77,79,79,79,81,81,81,83,83,83,85,85,87,87,87,89,91,93,93,93,93,93,93,93,93,95,95],"card_choices":[{"not_picked":["Sweeping Beam","Reinforced Body"],"picked":"Ball Lightning","floor":1},{"not_picked":["Stack","Storm","Rip and Tear"],"picked":"SKIP","floor":3},{"not_picked":["Hyperbeam","Auto Shields"],"picked":"Gash","floor":6},{"not_picked":["Self Repair","Hologram"],"picked":"FTL","floor":7},{"not_picked":["Compile Driver","Undo"],"picked":"Conserve Battery","floor":8},{"not_picked":["Steam","Ball Lightning"],"picked":"Leap","floor":10},{"not_picked":["Sunder","Force Field"],"picked":"Streamline","floor":11},{"not_picked":["Undo","Ball Lightning"],"picked":"BootSequence","floor":13},{"not_picked":["Blizzard","Rainbow","Conserve Battery"],"picked":"SKIP","floor":14},{"not_picked":["Creative AI","Multi-Cast"],"picked":"Seek","floor":16},{"not_picked":["Defragment","Stack"],"picked":"Self Repair","floor":18},{"not_picked":["Cold Snap","Compile Driver+1"],"picked":"Chill","floor":20},{"not_picked":["Ball Lightning","Consume"],"picked":"Hologram+1","floor":24},{"not_picked":["Consume","Capacitor+1"],"picked":"Beam Cell","floor":27},{"not_picked":["Sweeping Beam","Turbo","Recycle"],"picked":"Singing Bowl","floor":28},{"not_picked":["Static Discharge","Compile Driver+1","Glacier"],"picked":"Singing Bowl","floor":30},{"not_picked":["Steam","Sweeping Beam"],"picked":"Beam Cell+1","floor":31},{"not_picked":["Amplify","Multi-Cast","Hyperbeam"],"picked":"Singing Bowl","floor":33},{"not_picked":["Cold Snap","White Noise"],"picked":"Gash","floor":35},{"not_picked":["Turbo+1","Rip and Tear","Cold Snap+1"],"picked":"Singing Bowl","floor":36},{"not_picked":["Sweeping Beam+1","Redo","Glacier"],"picked":"Singing Bowl","floor":39},{"not_picked":["BootSequence+1","Steam Power"],"picked":"Go for the Eyes+1","floor":40},{"not_picked":["Fusion","Loop+1","Turbo+1"],"picked":"Singing Bowl","floor":41},{"not_picked":["Defragment","Cold Snap+1","Tempest"],"picked":"Singing Bowl","floor":44},{"not_picked":["Leap","Sweeping Beam","Compile Driver"],"picked":"Singing Bowl","floor":45},{"not_picked":["Multi-Cast","Reinforced Body+1","Machine Learning"],"picked":"Singing Bowl","floor":46},{"not_picked":["Storm","Consume+1"],"picked":"Go for the Eyes","floor":48},{"not_picked":["Barrage","Go for the Eyes","Doom and Gloom"],"picked":"Singing Bowl","floor":54}],"player_experience":479345,"relics_obtained":[{"floor":6,"key":"MawBank"},{"floor":8,"key":"Letter Opener"},{"floor":9,"key":"Bottled Lightning"},{"floor":13,"key":"Potion Belt"},{"floor":24,"key":"Mercury Hourglass"},{"floor":28,"key":"Singing Bowl"},{"floor":31,"key":"Regal Pillow"},{"floor":40,"key":"Centennial Puzzle"},{"floor":43,"key":"Torii"},{"floor":44,"key":"Calipers"},{"floor":46,"key":"Oddly Smooth Stone"},{"floor":48,"key":"Orichalcum"},{"floor":54,"key":"Blue Candle"}],"event_choices":[{"damage_healed":0,"gold_gain":0,"player_choice":"Rummage","damage_taken":0,"relics_obtained":["WarpedTongs"],"max_hp_gain":0,"max_hp_loss":0,"event_name":"Accursed Blacksmith","floor":2,"gold_loss":0,"cards_obtained":["Pain"]},{"cards_removed":["Pain"],"damage_healed":0,"gold_gain":0,"player_choice":"Took Card","damage_taken":0,"max_hp_gain":0,"max_hp_loss":0,"event_name":"NoteForYourself","floor":4,"gold_loss":0,"cards_obtained":["Iron Wave"]},{"damage_healed":0,"gold_gain":99,"player_choice":"Stole From Cult","damage_taken":0,"max_hp_gain":0,"max_hp_loss":0,"event_name":"Nest","floor":19,"gold_loss":0},{"cards_removed":["Strike_B"],"damage_healed":0,"gold_gain":0,"player_choice":"Offered Basic","damage_taken":0,"max_hp_gain":0,"max_hp_loss":0,"event_name":"Bonfire Elementals","floor":21,"gold_loss":0},{"damage_healed":0,"gold_gain":0,"player_choice":"Damaged","damage_taken":8,"max_hp_gain":0,"max_hp_loss":0,"event_name":"Wheel of Change","floor":37,"gold_loss":0}],"is_beta":false,"boss_relics":[{"not_picked":["Inserter","Runic Pyramid"],"picked":"Runic Dome"},{"not_picked":["Velvet Choker","Snecko Eye"],"picked":"Nuclear Battery"}],"items_purged_floors":[5,22,29],"is_endless":false,"potions_floor_spawned":[3,6,8,11,20,27,31,33,35,44,46,48],"ascension_level":1}