{"gold_per_floor":[15,28,45,65,79,79,112,128,210,210,260,277,287,68,68,146,146,166,166,166,178,243,269,269,283,283,0,0,50,110,144,144,223,223,241,253,303,313,463,463,559,559,584,634,634,662,712,13,13,13,13,13,13,48,48],"floor_reached":55,"playtime":2555,"items_purged":["Strike_G"],"score":1413,"play_id":"f82d9cc4-f8e7-4ef1-b4dc-b765caa8589d","local_time":"20190315220910","is_ascension_mode":true,"campfire_choices":[{"data":"Envenom","floor":6.0,"key":"SMITH"},{"data":"Neutralize","floor":10.0,"key":"SMITH"},{"data":"Catalyst","floor":15.0,"key":"SMITH"},{"floor":24.0,"key":"REST"},{"floor":28.0,"key":"REST"},{"data":"Burst","floor":32.0,"key":"SMITH"},{"data":"Malaise","floor":40.0,"key":"SMITH"},{"data":"Sucker Punch","floor":42.0,"key":"SMITH"},{"floor":45.0,"key":"REST"},{"floor":49.0,"key":"RECALL"},{"data":"Crippling Poison","floor":52,"key":"SMITH"}],"neow_cost":"NO_GOLD","seed_source_timestamp":0,"circlet_count":0,"master_deck":["AscendersBane","Defend_G","Defend_G","Defend_G","Defend_G","Defend_G","Strike_G","Strike_G","Strike_G","Strike_G","Survivor","Neutralize+1","Corpse Explosion","Bane","Quick Slash","Sucker Punch+1","Flying Knee","Catalyst+1","Leg Sweep","Deadly Poison","Malaise+1","Crippling Poison+1","Burst+1","Escape Plan","Crippling Poison+1","Cloak And Dagger+1","Adrenaline+1","Adrenaline+1","Madness+1","Madness+1","Purity+1","PiercingWail+1","Deadly Poison+1","Prepared+1"],"special_seed":0,"relics":["Ring of the Snake","Pen Nib","The Courier","Snake Skull","Velvet Choker","SsserpentHead","Kunai","Paper Crane","Toxic Egg 2","Tough Bandages","Runic Pyramid","Prayer Wheel","Pocketwatch","Juzu Bracelet","Lee\u0027s Waffle","Pantograph","Torii","Oddly Smooth Stone"],"potions_floor_usage":[54,55],"damage_taken":[{"damage":0.0,"enemies":"Jaw Worm","floor":1.0,"turns":4.0},{"damage":0.0,"enemies":"Cultist","floor":2.0,"turns":4.0},{"damage":1.0,"enemies":"2 Louse","floor":3.0,"turns":3.0},{"damage":5.0,"enemies":"Gremlin Gang","floor":4.0,"turns":3.0},{"damage":1.0,"enemies":"2 Fungi Beasts","floor":5.0,"turns":2.0},{"damage":22.0,"enemies":"3 Sentries","floor":7.0,"turns":4.0},{"damage":1.0,"enemies":"Red Slaver","floor":8.0,"turns":5.0},{"damage":4.0,"enemies":"Looter","floor":12.0,"turns":4.0},{"damage":4.0,"enemies":"2 Fungi Beasts","floor":13.0,"turns":3.0},{"damage":3.0,"enemies":"Hexaghost","floor":16.0,"turns":8.0},{"damage":9.0,"enemies":"2 Thieves","floor":18.0,"turns":2.0},{"damage":0.0,"enemies":"Spheric Guardian","floor":21.0,"turns":3.0},{"damage":24.0,"enemies":"Centurion and Healer","floor":22.0,"turns":5.0},{"damage":12.0,"enemies":"Book of Stabbing","floor":23.0,"turns":5.0},{"damage":7.0,"enemies":"Snecko","floor":25.0,"turns":4.0},{"damage":30.0,"enemies":"Sentry and Sphere","floor":30.0,"turns":5.0},{"damage":11.0,"enemies":"Slavers","floor":31.0,"turns":3.0},{"damage":10.0,"enemies":"Collector","floor":33.0,"turns":6.0},{"damage":5.0,"enemies":"3 Darklings","floor":35.0,"turns":2.0},{"damage":7.0,"enemies":"Orb Walker","floor":36.0,"turns":3.0},{"damage":0.0,"enemies":"4 Shapes","floor":38.0,"turns":3.0},{"damage":0.0,"enemies":"Mind Bloom Boss Battle","floor":39.0,"turns":6.0},{"damage":11.0,"enemies":"2 Orb Walkers","floor":41.0,"turns":3.0},{"damage":29.0,"enemies":"Reptomancer","floor":46.0,"turns":5.0},{"damage":27,"enemies":"Donu and Deca","floor":50,"turns":13},{"damage":75,"enemies":"Shield and Spear","floor":54,"turns":4},{"damage":38,"enemies":"The Heart","floor":55,"turns":5}],"seed_played":"-1168749075096962210","potions_obtained":[{"floor":2.0,"key":"PowerPotion"},{"floor":5.0,"key":"Explosive Potion"},{"floor":8.0,"key":"Block Potion"},{"floor":31.0,"key":"Regen Potion"},{"floor":39.0,"key":"SkillPotion"},{"floor":54,"key":"SpeedPotion"}],"is_trial":false,"path_per_floor":["M","M","M","M","M","R","E","M","T","R","?","M","M","$","R","B",null,"M","?","?","M","M","E","R","M","T","$","R","?","M","E","R","B",null,"M","M","?","M","?","R","?","R","T","?","R","E","?","$","R","B",null,"R","$","E","B"],"character_chosen":"THE_SILENT","items_purchased":["Snake Skull","Well Laid Plans","Deadly Poison","Toxic Egg 2","PiercingWail+1","Lee\u0027s Waffle","Pantograph","Torii","Deadly Poison+1"],"campfire_rested":3,"item_purchase_floors":[14,14,14,27,48,48,48,48,48],"current_hp_per_floor":[59,59,58,53,52,52,30,29,29,29,29,25,21,21,21,18,54,45,45,45,45,21,9,28,21,21,21,40,76,46,35,35,25,63,58,51,51,51,51,51,40,40,40,26,48,19,19,83,83,56,76,76,76,13,0],"gold":48,"neow_bonus":"THREE_RARE_CARDS","is_prod":false,"is_daily":false,"chose_seed":false,"campfire_upgraded":7,"win_rate":0,"timestamp":1552684150,"path_taken":["M","M","M","M","M","R","E","M","T","R","?","M","?","$","R","BOSS","M","?","?","M","?","E","R","M","T","$","R","?","?","E","R","BOSS","M","M","?","M","?","R","?","R","T","?","R","E","?","$","R","BOSS","R","$","E","BOSS"],"build_version":"2019-01-23","purchased_purges":1,"victory":false,"max_hp_per_floor":[66,66,66,66,66,66,66,66,66,66,66,66,66,66,66,66,66,66,66,66,66,66,66,66,66,66,66,66,76,76,76,76,76,76,76,76,76,76,76,76,76,76,76,76,76,76,76,83,83,83,83,83,83,83,83],"card_choices":[{"not_picked":["Die Die Die","Doppelganger"],"picked":"Corpse Explosion","floor":0.0},{"not_picked":["Quick Slash","Underhanded Strike"],"picked":"Bane","floor":1.0},{"not_picked":["Dodge and Roll","Dagger Spray"],"picked":"Quick Slash","floor":2.0},{"not_picked":["Slice","Bane","Prepared"],"picked":"SKIP","floor":3.0},{"not_picked":["Eviscerate","Acrobatics"],"picked":"Sucker Punch","floor":4.0},{"not_picked":["Quick Slash","Distraction"],"picked":"Envenom","floor":5.0},{"not_picked":["Reflex","Bane","Dagger Throw"],"picked":"SKIP","floor":7.0},{"not_picked":["Sucker Punch","Deflect"],"picked":"Flying Knee","floor":8.0},{"not_picked":["Underhanded Strike","Flying Knee"],"picked":"Catalyst","floor":12.0},{"not_picked":["Deadly Poison","PiercingWail"],"picked":"Leg Sweep","floor":13.0},{"not_picked":["A Thousand Cuts","Venomology"],"picked":"Malaise","floor":16.0},{"not_picked":["Dagger Throw","Heel Hook","Outmaneuver"],"picked":"SKIP","floor":18.0},{"not_picked":["Poisoned Stab","Dash"],"picked":"Crippling Poison","floor":21.0},{"not_picked":["Quick Slash","Predator","Bane+1"],"picked":"SKIP","floor":22.0},{"not_picked":["Noxious Fumes","Calculated Gamble"],"picked":"Burst","floor":23.0},{"not_picked":["Sucker Punch","Dagger Throw"],"picked":"Escape Plan","floor":25.0},{"not_picked":["Dagger Throw","Acrobatics+1"],"picked":"Crippling Poison+1","floor":30.0},{"not_picked":["Dagger Spray","Quick Slash"],"picked":"Cloak And Dagger+1","floor":31.0},{"not_picked":["Storm of Steel+1","Doppelganger+1"],"picked":"Adrenaline+1","floor":33.0},{"not_picked":["Blade Dance+1","Quick Slash","Deflect+1"],"picked":"SKIP","floor":35.0},{"not_picked":["Dodge and Roll+1","Deflect+1","Setup+1"],"picked":"SKIP","floor":36.0},{"not_picked":["Dodge and Roll+1","Deflect+1","Setup+1"],"picked":"SKIP","floor":36.0},{"not_picked":["Dagger Throw","Acrobatics+1","Dodge and Roll+1"],"picked":"SKIP","floor":38.0},{"not_picked":["Deflect+1","Flying Knee"],"picked":"Adrenaline+1","floor":39.0},{"not_picked":["Poisoned Stab","Eviscerate+1","Well Laid Plans"],"picked":"SKIP","floor":46.0},{"not_picked":["Madness+1","Good Instincts+1"],"picked":"Purity+1","floor":47.0},{"not_picked":["Endless Agony+1","All Out Attack"],"picked":"Prepared+1","floor":54}],"player_experience":505072,"relics_obtained":[{"floor":7.0,"key":"Pen Nib"},{"floor":9.0,"key":"The Courier"},{"floor":23.0,"key":"Kunai"},{"floor":26.0,"key":"Paper Crane"},{"floor":31.0,"key":"Tough Bandages"},{"floor":39.0,"key":"Prayer Wheel"},{"floor":41.0,"key":"Pocketwatch"},{"floor":46.0,"key":"Juzu Bracelet"},{"floor":54,"key":"Oddly Smooth Stone"}],"event_choices":[{"damage_healed":0.0,"max_hp_gain":0.0,"max_hp_loss":0.0,"gold_gain":50.0,"event_name":"Golden Shrine","player_choice":"Pray","floor":11.0,"gold_loss":0.0,"damage_taken":0.0},{"damage_healed":0.0,"max_hp_gain":0.0,"max_hp_loss":0.0,"gold_gain":0.0,"event_name":"Cursed Tome","player_choice":"Ignored","floor":19.0,"gold_loss":0.0,"damage_taken":0.0},{"damage_healed":0.0,"max_hp_gain":0.0,"max_hp_loss":0.0,"gold_gain":0.0,"event_name":"FaceTrader","player_choice":"Trade","floor":20.0,"gold_loss":0.0,"damage_taken":0.0,"relics_obtained":["SsserpentHead"]},{"cards_removed":["Envenom"],"damage_healed":26.0,"max_hp_gain":10.0,"max_hp_loss":0.0,"gold_gain":0.0,"event_name":"Bonfire Elementals","player_choice":"Offered Rare","floor":29.0,"gold_loss":0.0,"damage_taken":0.0},{"cards_removed":["Well Laid Plans"],"damage_healed":0.0,"max_hp_gain":0.0,"max_hp_loss":0.0,"gold_gain":0.0,"event_name":"Falling","player_choice":"Removed Power","floor":37.0,"gold_loss":0.0,"damage_taken":0.0},{"damage_healed":0.0,"max_hp_gain":0.0,"max_hp_loss":0.0,"gold_gain":0.0,"event_name":"MindBloom","player_choice":"Fight","floor":39.0,"gold_loss":0.0,"damage_taken":0.0},{"damage_healed":0.0,"max_hp_gain":0.0,"max_hp_loss":0.0,"gold_gain":0.0,"event_name":"Mysterious Sphere","player_choice":"Fight","floor":41.0,"gold_loss":0.0,"damage_taken":0.0},{"damage_healed":0.0,"max_hp_gain":0.0,"max_hp_loss":0.0,"gold_gain":0.0,"event_name":"Winding Halls","player_choice":"Embrace Madness","floor":44.0,"gold_loss":0.0,"damage_taken":14.0,"cards_obtained":["Madness","Madness"]},{"damage_healed":0.0,"max_hp_gain":0.0,"max_hp_loss":0.0,"gold_gain":0.0,"event_name":"SensoryStone","player_choice":"Memory 1","floor":47.0,"gold_loss":0.0,"damage_taken":0.0}],"is_beta":false,"boss_relics":[{"not_picked":["Orrery","Sozu"],"picked":"Velvet Choker"},{"not_picked":["Snecko Eye","HoveringKite"],"picked":"Runic Pyramid"}],"items_purged_floors":[27],"is_endless":false,"potions_floor_spawned":[2,5,8,16,21,31,39,46,54],"killed_by":"The Heart","ascension_level":19}