{"gold_per_floor":[117,131,141,141,155,155,187,112,162,182,182,182,182,212,212,212],"floor_reached":16,"playtime":642,"items_purged":["Regret"],"score":220,"play_id":"3505595f-3aec-4508-824a-c834a73cf6c7","local_time":"20190313111527","is_ascension_mode":true,"campfire_choices":[{"data":"Armaments","floor":6.0,"key":"SMITH"},{"data":"Bash","floor":11,"key":"SMITH"},{"data":"Shrug It Off","floor":13,"key":"SMITH"},{"data":"Offering","floor":15,"key":"SMITH"}],"neow_cost":"NONE","seed_source_timestamp":11356329659618,"circlet_count":0,"master_deck":["AscendersBane","Strike_R","Strike_R+1","Strike_R","Strike_R","Strike_R+1","Defend_R","Defend_R","Defend_R","Bash+1","Armaments+1","Shrug It Off+1","Reaper+1","Offering+1","Clothesline+1","Rampage+1"],"special_seed":0,"relics":["Burning Blood","Lantern","Molten Egg 2","Whetstone","Pen Nib","Ancient Tea Set"],"potions_floor_usage":[16],"damage_taken":[{"damage":3.0,"enemies":"Small Slimes","floor":1.0,"turns":4.0},{"damage":7.0,"enemies":"Cultist","floor":2.0,"turns":4.0},{"damage":2.0,"enemies":"2 Louse","floor":3.0,"turns":3.0},{"damage":6.0,"enemies":"Exordium Wildlife","floor":5.0,"turns":4.0},{"damage":38.0,"enemies":"Lagavulin","floor":7.0,"turns":13.0},{"damage":22,"enemies":"Gremlin Gang","floor":10,"turns":5},{"damage":26,"enemies":"3 Sentries","floor":14,"turns":7},{"damage":51,"enemies":"Hexaghost","floor":16,"turns":9}],"seed_played":"2055595476054133461","potions_obtained":[{"floor":2.0,"key":"Dexterity Potion"},{"floor":5.0,"key":"Strength Potion"},{"floor":14,"key":"Poison Potion"}],"is_trial":false,"path_per_floor":["M","M","M","?","M","R","E","$","T","M","R","?","R","E","R","B"],"character_chosen":"IRONCLAD","items_purchased":[],"campfire_rested":0,"item_purchase_floors":[],"current_hp_per_floor":[71,70,74,74,74,74,47,47,47,51,51,51,51,41,41,0],"gold":212,"neow_bonus":"RANDOM_COMMON_RELIC","is_prod":false,"is_daily":false,"chose_seed":false,"campfire_upgraded":4,"win_rate":0,"timestamp":1552500927,"path_taken":["M","M","M","?","M","R","E","$","T","M","R","?","R","E","R","BOSS"],"build_version":"2019-01-23","purchased_purges":1,"victory":false,"max_hp_per_floor":[75,75,75,75,75,75,75,75,75,75,75,75,75,75,75,75],"card_choices":[{"not_picked":["Cleave","Dual Wield","Reckless Charge"],"picked":"SKIP","floor":1.0},{"not_picked":["Havoc","Intimidate"],"picked":"Armaments","floor":2.0},{"not_picked":["Warcry","Twin Strike"],"picked":"Shrug It Off","floor":3.0},{"not_picked":["Clothesline+1","Wild Strike+1"],"picked":"Reaper+1","floor":5.0},{"not_picked":["Impervious","Anger+1"],"picked":"Offering","floor":7.0},{"not_picked":["Sword Boomerang+1","Armaments"],"picked":"Clothesline+1","floor":10},{"not_picked":["Sever Soul+1","Corruption"],"picked":"Rampage+1","floor":14}],"player_experience":1252318,"relics_obtained":[{"floor":7.0,"key":"Whetstone"},{"floor":9.0,"key":"Pen Nib"},{"floor":14,"key":"Ancient Tea Set"}],"event_choices":[{"damage_healed":0.0,"max_hp_gain":0.0,"max_hp_loss":0.0,"gold_gain":0.0,"event_name":"Big Fish","player_choice":"Box","floor":4.0,"gold_loss":0.0,"damage_taken":0.0,"relics_obtained":["Molten Egg 2"],"cards_obtained":["Regret"]},{"cards_removed":["Defend_R"],"damage_healed":0,"gold_gain":0,"player_choice":"Purged","damage_taken":0,"max_hp_gain":0,"max_hp_loss":0,"event_name":"Purifier","floor":12,"gold_loss":0}],"is_beta":false,"boss_relics":[],"items_purged_floors":[8],"is_endless":false,"potions_floor_spawned":[2,5,14],"killed_by":"Hexaghost","ascension_level":20}