{"gold_per_floor":[323,323,354,384,416,416,30,30,59,86,111,111,36,36,64,94,127,155],"floor_reached":19,"playtime":997,"items_purged":["Strike_R","Strike_R"],"score":520,"play_id":"14f40a3f-8b7d-47f2-af6c-8cfc685de79b","local_time":"20190407183254","daily_mods":["Uncertain Future"],"is_ascension_mode":false,"campfire_choices":[{"data":"Bash","floor":2,"key":"SMITH"},{"data":"Flame Barrier","floor":8,"key":"SMITH"},{"data":"Brutality","floor":14,"key":"SMITH"}],"neow_cost":"","seed_source_timestamp":0,"circlet_count":0,"master_deck":["Strike_R","Strike_R","Strike_R","Defend_R","Defend_R","Defend_R","Defend_R","Bash+1","Pummel","Cleave","Dark Shackles","Anger","Heavy Blade","Flame Barrier+1","Immolate","Brutality+1","Evolve","Rupture","Shrug It Off"],"relics":["Burning Blood","Black Star","Sling","PreservedInsect","Self Forming Clay","Pen Nib","Gremlin Horn","Lantern","Sundial","Dead Branch","Meat on the Bone","Sozu","Thread and Needle","Dodecahedron","Bottled Lightning","Dream Catcher","Red Skull","Molten Egg 2","Vajra","Coffee Dripper","Paper Frog","Boot","Bag of Marbles","Pear","Nunchaku","Omamori","Question Card","Blood Vial"],"potions_floor_usage":[4,18,18,18],"damage_taken":[{"damage":10,"enemies":"3 Sentries","floor":3,"turns":4},{"damage":3,"enemies":"Lagavulin","floor":4,"turns":3},{"damage":0,"enemies":"Gremlin Nob","floor":5,"turns":2},{"damage":0,"enemies":"Gremlin Leader","floor":9,"turns":3},{"damage":0,"enemies":"Slavers","floor":10,"turns":2},{"damage":0,"enemies":"Book of Stabbing","floor":11,"turns":3},{"damage":10,"enemies":"Giant Head","floor":15,"turns":5},{"damage":6,"enemies":"Nemesis","floor":16,"turns":3},{"damage":15,"enemies":"Reptomancer","floor":17,"turns":3},{"damage":8,"enemies":"Shield and Spear","floor":18,"turns":3}],"seed_played":"-8550120141065665440","potions_obtained":[{"floor":4,"key":"LiquidBronze"}],"is_trial":true,"path_per_floor":["$","R","E","E","E","T","$","R","E","E","E","T","$","R","E","E","E","E",null],"character_chosen":"IRONCLAD","items_purchased":["Self Forming Clay","Pummel","Cleave","Dark Shackles","PowerPotion","Poison Potion","Explosive Potion","Thread and Needle","Rupture"],"campfire_rested":0,"item_purchase_floors":[1,1,1,1,1,1,1,7,13],"current_hp_per_floor":[80,80,76,79,80,80,80,80,80,80,80,80,80,80,76,86,77,75],"gold":155,"neow_bonus":"","is_prod":false,"is_daily":false,"chose_seed":false,"campfire_upgraded":3,"win_rate":0,"timestamp":1554679974,"path_taken":["$","R","E","E","E","T","$","R","E","E","E","T","$","R","E","E","E","E"],"build_version":"2019-01-23","purchased_purges":2,"victory":true,"max_hp_per_floor":[80,80,80,80,80,80,80,80,80,80,80,80,80,80,80,90,90,90],"card_choices":[{"not_picked":["Fire Breathing","Heavy Blade"],"picked":"Anger","floor":3},{"not_picked":["Wild Strike","Perfected Strike"],"picked":"Heavy Blade","floor":4},{"not_picked":["Twin Strike","Shrug It Off"],"picked":"Flame Barrier","floor":5},{"not_picked":["Headbutt","Twin Strike"],"picked":"Immolate","floor":9},{"not_picked":["Corruption","Blood for Blood"],"picked":"Brutality","floor":10},{"not_picked":["Flex","Rage"],"picked":"Evolve","floor":11},{"not_picked":["Body Slam+1","Intimidate"],"picked":"Shrug It Off","floor":15},{"not_picked":["Body Slam+1","Warcry","Flame Barrier"],"picked":"SKIP","floor":16},{"not_picked":["Dual Wield","Feel No Pain","Warcry"],"picked":"SKIP","floor":17}],"player_experience":702956,"relics_obtained":[{"floor":3,"key":"Pen Nib"},{"floor":3,"key":"Gremlin Horn"},{"floor":4,"key":"Lantern"},{"floor":4,"key":"Sundial"},{"floor":5,"key":"Dead Branch"},{"floor":5,"key":"Meat on the Bone"},{"floor":9,"key":"Dodecahedron"},{"floor":9,"key":"Bottled Lightning"},{"floor":10,"key":"Dream Catcher"},{"floor":10,"key":"Red Skull"},{"floor":11,"key":"Molten Egg 2"},{"floor":11,"key":"Vajra"},{"floor":15,"key":"Paper Frog"},{"floor":15,"key":"Boot"},{"floor":16,"key":"Bag of Marbles"},{"floor":16,"key":"Pear"},{"floor":17,"key":"Nunchaku"},{"floor":17,"key":"Omamori"},{"floor":18,"key":"Question Card"},{"floor":18,"key":"Blood Vial"}],"event_choices":[],"is_beta":false,"boss_relics":[{"not_picked":["Eternal Feather","Black Blood"],"picked":"Sozu"},{"not_picked":["Lizard Tail","White Beast Statue"],"picked":"Coffee Dripper"}],"items_purged_floors":[1,7],"is_endless":false,"potions_floor_spawned":[4,10,15,16],"ascension_level":0}