{"gold_per_floor":[115,190,92,108,108,108,166,184,184,212,112,129,129,145,145,249,249,263,263,178,103,114,114,114],"floor_reached":24,"playtime":1314,"items_purged":["Strike_B","Regret"],"score":204,"play_id":"dc014585-389f-4f37-ade9-3a7b8b71415e","local_time":"20180713201133","is_ascension_mode":true,"campfire_choices":[{"data":"Zap","floor":6,"key":"SMITH"},{"floor":13,"key":"REST"},{"data":"Multi-Cast","floor":15,"key":"SMITH"},{"data":"Go for the Eyes","floor":23,"key":"SMITH"}],"neow_cost":"","seed_source_timestamp":43637981548479,"circlet_count":0,"master_deck":["Strike_B","Strike_B","Defend_B","Defend_B","Defend_B","Defend_B","Zap+1","Dualcast","Ball Lightning","Ball Lightning","Auto Shields","Conserve Battery","Leap","Conserve Battery","Conserve Battery","Multi-Cast+1","Machine Learning","Ball Lightning+1","Go for the Eyes+1","BootSequence+1"],"relics":["Cracked Core","Happy Flower","Darkstone Periapt","Lantern","Incense Burner","Nuclear Battery","Centennial Puzzle"],"potions_floor_usage":[10,16],"damage_taken":[{"damage":2,"enemies":"Small Slimes","floor":1,"turns":4},{"damage":6,"enemies":"Jaw Worm","floor":4,"turns":3},{"damage":17,"enemies":"3 Sentries","floor":7,"turns":5},{"damage":0,"enemies":"Cultist","floor":8,"turns":3},{"damage":24,"enemies":"Gremlin Nob","floor":10,"turns":4},{"damage":0,"enemies":"Gremlin Gang","floor":12,"turns":5},{"damage":2,"enemies":"2 Fungi Beasts","floor":14,"turns":3},{"damage":31,"enemies":"Slime Boss","floor":16,"turns":9},{"damage":10,"enemies":"2 Thieves","floor":18,"turns":3},{"damage":15,"enemies":"3 Byrds","floor":22,"turns":4},{"damage":55,"enemies":"Gremlin Leader","floor":24,"turns":8}],"seed_played":"-5068746809653074491","potions_obtained":[{"floor":4,"key":"SkillPotion"},{"floor":10,"key":"Ancient Potion"},{"floor":14,"key":"Strength Potion"}],"is_trial":false,"path_per_floor":["M","?","$","M","?","R","?","M","T","E","$","M","R","M","R","B",null,"M","?","?","?","M","R"],"character_chosen":"DEFECT","items_purchased":["Ball Lightning"],"campfire_rested":1,"item_purchase_floors":[3],"current_hp_per_floor":[73,62,62,56,56,56,39,39,39,15,15,15,37,35,35,4,75,65,65,65,65,50,50,0],"gold":114,"neow_bonus":"","is_prod":false,"is_daily":false,"chose_seed":false,"campfire_upgraded":3,"win_rate":0.0,"timestamp":1531537893,"path_taken":["M","?","?","?","?","R","?","M","T","E","$","M","R","M","R","BOSS","M","?","?","?","M","R","E"],"build_version":"2018-07-12","purchased_purges":2,"victory":false,"max_hp_per_floor":[75,75,75,75,75,75,75,75,75,75,75,75,75,75,75,75,75,75,75,75,75,75,75,75],"card_choices":[{"not_picked":["Leap","Reprogram"],"picked":"Ball Lightning","floor":1},{"not_picked":["Go for the Eyes","Hologram"],"picked":"Auto Shields","floor":4},{"not_picked":["Heatsinks","Ball Lightning"],"picked":"Conserve Battery","floor":7},{"not_picked":["Gash","Storm"],"picked":"Leap","floor":8},{"not_picked":["Force Field","Cold Snap"],"picked":"Conserve Battery","floor":10},{"not_picked":["FTL","Skim"],"picked":"Conserve Battery","floor":12},{"not_picked":["Coolheaded","Rebound"],"picked":"Multi-Cast","floor":14},{"not_picked":["Multi-Cast","Electrodynamics"],"picked":"Machine Learning","floor":16},{"not_picked":["Compile Driver","FTL"],"picked":"Ball Lightning+1","floor":18},{"not_picked":["Barrage+1","Go for the Eyes"],"picked":"BootSequence+1","floor":22}],"player_experience":580126,"relics_obtained":[{"floor":7,"key":"Darkstone Periapt"},{"floor":9,"key":"Lantern"},{"floor":10,"key":"Incense Burner"}],"event_choices":[{"event_name":"World of Goop","player_choice":"Gather Gold","floor":2,"damage_taken":0},{"event_name":"Big Fish","player_choice":"Box","floor":5,"damage_taken":0},{"event_name":"Dead Adventurer","player_choice":"Searched \u00272\u0027 times","floor":7,"damage_taken":0},{"event_name":"The Library","player_choice":"Read","floor":19,"damage_taken":0},{"event_name":"Addict","player_choice":"Obtained Relic","floor":20,"damage_taken":0},{"event_name":"Beggar","player_choice":"Gave Gold","floor":21,"damage_taken":0}],"boss_relics":[{"not_picked":["Eternal Feather","Fusion Hammer"],"picked":"Nuclear Battery"}],"items_purged_floors":[3,11],"is_endless":false,"potions_floor_spawned":[4,10,14],"killed_by":"Gremlin Leader","ascension_level":1}