{"gold_per_floor":[117,137,137,137,154,182,182,217,271,30,93,93,64,81,81,156,156,176,186,286,305,42,68,118,168,222,109,109,73,73,91,91,91],"floor_reached":33,"playtime":1583,"items_purged":["Strike_R","Strike_R","Writhe"],"score":551,"play_id":"1a83da3e-18f4-4a9a-9b17-520fd8f4264c","local_time":"20190210114153","is_ascension_mode":true,"campfire_choices":[{"floor":7.0,"key":"REST"},{"floor":12.0,"key":"REST"},{"data":"True Grit","floor":15.0,"key":"SMITH"},{"data":"Ghostly","floor":28.0,"key":"SMITH"},{"data":"Ghostly","floor":30.0,"key":"SMITH"},{"floor":32.0,"key":"REST"}],"neow_cost":"NONE","seed_source_timestamp":0,"circlet_count":0,"master_deck":["AscendersBane","Strike_R","Strike_R+1","Strike_R","Defend_R","Defend_R","Defend_R","Defend_R","Bash","Pommel Strike+1","Headbutt","Spot Weakness","Spot Weakness","True Grit+1","Immolate+1","Heavy Blade+1","Clothesline+1","Bludgeon+1","Shrug It Off","Ghostly Armor","Ghostly+1","Ghostly+1","Ghostly","Second Wind","Carnage+1"],"special_seed":0,"relics":["Burning Blood","NeowsBlessing","SsserpentHead","Molten Egg 2","Potion Belt","Dream Catcher","PreservedInsect","Snecko Eye","Art of War","Regal Pillow","Ancient Tea Set","MawBank"],"potions_floor_usage":[33,33,33],"damage_taken":[{"damage":0.0,"enemies":"Cultist","floor":1.0,"turns":1.0},{"damage":0.0,"enemies":"Jaw Worm","floor":2.0,"turns":1.0},{"damage":0.0,"enemies":"Small Slimes","floor":5.0,"turns":1.0},{"damage":32.0,"enemies":"Gremlin Nob","floor":6.0,"turns":4.0},{"damage":45.0,"enemies":"3 Sentries","floor":8.0,"turns":9.0},{"damage":9.0,"enemies":"Exordium Wildlife","floor":11.0,"turns":5.0},{"damage":3.0,"enemies":"2 Fungi Beasts","floor":14.0,"turns":2.0},{"damage":34.0,"enemies":"Hexaghost","floor":16.0,"turns":9.0},{"damage":19.0,"enemies":"2 Thieves","floor":18.0,"turns":3.0},{"damage":12.0,"enemies":"Shell Parasite","floor":19.0,"turns":3.0},{"damage":24.0,"enemies":"Shelled Parasite and Fungi","floor":21.0,"turns":4.0},{"damage":8.0,"enemies":"Gremlin Leader","floor":23.0,"turns":4.0},{"damage":18.0,"enemies":"Snake Plant","floor":31.0,"turns":2.0},{"damage":0,"enemies":"Champ","floor":33,"turns":1}],"seed_played":"5393050353567289052","potions_obtained":[{"floor":2.0,"key":"SpeedPotion"},{"floor":8.0,"key":"FearPotion"},{"floor":11.0,"key":"Poison Potion"},{"floor":14.0,"key":"Ancient Potion"},{"floor":21.0,"key":"Weak Potion"},{"floor":23.0,"key":"Weak Potion"},{"floor":31.0,"key":"SpeedPotion"}],"is_trial":false,"path_per_floor":["M","M","?","?","M","E","R","E","T","$","M","R","$","M","R","B",null,"M","M","?","M","$","E","?","?","T","$","R","$","R","M","R","B"],"character_chosen":"IRONCLAD","items_purchased":["PreservedInsect","Clothesline+1","SteroidPotion","Art of War","Second Wind"],"campfire_rested":3,"item_purchase_floors":[10,13,13,22,29],"current_hp_per_floor":[74,75,52,52,58,32,54,15,15,15,12,34,34,37,37,9,59,46,40,40,22,22,20,20,20,20,20,20,20,20,8,34,34],"gold":91,"neow_bonus":"THREE_ENEMY_KILL","is_prod":false,"is_daily":false,"chose_seed":false,"campfire_upgraded":3,"win_rate":0,"timestamp":1549795313,"path_taken":["M","?","?","?","M","E","R","E","T","$","?","R","?","M","R","BOSS","M","M","?","M","$","E","?","?","T","$","R","?","R","M","R","BOSS"],"build_version":"2019-01-23","purchased_purges":3,"victory":false,"max_hp_per_floor":[75,75,75,75,75,75,75,75,75,75,75,75,75,75,75,75,75,75,75,75,75,75,75,75,37,37,37,37,37,37,37,37,37],"card_choices":[{"not_picked":["Anger","Evolve"],"picked":"Pommel Strike","floor":1.0},{"not_picked":["Pummel","Thunderclap"],"picked":"Headbutt","floor":2.0},{"not_picked":["Battle Trance","Warcry"],"picked":"Spot Weakness","floor":5.0},{"not_picked":["Iron Wave","Metallicize"],"picked":"Spot Weakness","floor":6.0},{"not_picked":["Dual Wield","Body Slam+1"],"picked":"True Grit","floor":8.0},{"not_picked":["Evolve","Dual Wield"],"picked":"Immolate+1","floor":11.0},{"not_picked":["Clash+1","Cleave+1"],"picked":"Heavy Blade+1","floor":12.0},{"not_picked":["Headbutt+1","Dual Wield","Warcry"],"picked":"SKIP","floor":14.0},{"not_picked":["Demon Form","Impervious"],"picked":"Bludgeon+1","floor":16.0},{"not_picked":["Iron Wave+1","Inflame"],"picked":"Shrug It Off","floor":18.0},{"not_picked":["Metallicize","Havoc+1"],"picked":"Ghostly Armor","floor":19.0},{"not_picked":["Pommel Strike+1","Inflame+1","Evolve"],"picked":"SKIP","floor":21.0},{"not_picked":["Spot Weakness+1","Hemokinesis+1","Iron Wave+1"],"picked":"SKIP","floor":23.0},{"not_picked":["Cleave+1","Flex"],"picked":"Carnage+1","floor":31.0}],"player_experience":350365,"relics_obtained":[{"floor":6.0,"key":"Molten Egg 2"},{"floor":8.0,"key":"Potion Belt"},{"floor":9.0,"key":"Dream Catcher"},{"floor":23.0,"key":"Regal Pillow"},{"floor":26.0,"key":"MawBank"}],"event_choices":[{"damage_healed":0.0,"max_hp_gain":0.0,"max_hp_loss":0.0,"gold_gain":0.0,"event_name":"Shining Light","player_choice":"Entered Light","floor":3.0,"gold_loss":0.0,"damage_taken":23.0,"cards_upgraded":["Strike_R","Pommel Strike"]},{"damage_healed":0.0,"max_hp_gain":0.0,"max_hp_loss":0.0,"gold_gain":0.0,"event_name":"FaceTrader","player_choice":"Trade","floor":4.0,"gold_loss":0.0,"damage_taken":0.0,"relics_obtained":["SsserpentHead"]},{"damage_healed":0.0,"max_hp_gain":0.0,"max_hp_loss":0.0,"gold_gain":50.0,"event_name":"Nest","player_choice":"Stole From Cult","floor":20.0,"gold_loss":0.0,"damage_taken":0.0},{"damage_healed":0.0,"max_hp_gain":0.0,"max_hp_loss":0.0,"gold_gain":0.0,"event_name":"The Mausoleum","player_choice":"Opened","floor":24.0,"gold_loss":0.0,"damage_taken":0.0,"relics_obtained":["Ancient Tea Set"],"cards_obtained":["Writhe"]},{"damage_healed":0.0,"max_hp_gain":0.0,"max_hp_loss":38.0,"gold_gain":0.0,"event_name":"Ghosts","player_choice":"Became a Ghost","floor":25.0,"gold_loss":0.0,"damage_taken":0.0,"cards_obtained":["Ghostly","Ghostly","Ghostly"]}],"is_beta":false,"boss_relics":[{"not_picked":["Runic Pyramid","Coffee Dripper"],"picked":"Snecko Eye"}],"items_purged_floors":[10,22,27],"is_endless":false,"potions_floor_spawned":[2,8,11,14,21,23,31],"killed_by":"Champ","ascension_level":17}