{"gold_per_floor":[115,135,135,135,154,154,184,259,286,303,323,333,508,524,524,624,624,636,656,0,18,29,64,77,2,32,32,32,32,61,71,71,71],"floor_reached":33,"playtime":1592,"items_purged":["Strike_R"],"score":291,"play_id":"558efeb5-0687-44ff-abb9-93ce3f370974","local_time":"20190424190342","is_ascension_mode":false,"campfire_choices":[{"data":"Uppercut","floor":6.0,"key":"SMITH"},{"data":"Spot Weakness","floor":15.0,"key":"SMITH"},{"floor":28.0,"key":"REST"},{"floor":32.0,"key":"REST"}],"neow_cost":"NONE","seed_source_timestamp":31700790328184,"circlet_count":0,"master_deck":["Strike_R","Strike_R","Defend_R","Defend_R","Defend_R","Defend_R+1","Bash","Whirlwind","Shrug It Off+1","Uppercut+1","Spot Weakness+1","Armaments","Sword Boomerang","Iron Wave","Offering","Inflame","Heavy Blade","Chrysalis","Armaments+1","Inflame","Metallicize","Shrug It Off"],"special_seed":0,"relics":["Burning Blood","Omamori","War Paint","Fusion Hammer","Nunchaku","Gremlin Horn","Tiny Chest","Happy Flower"],"potions_floor_usage":[],"damage_taken":[{"damage":6.0,"enemies":"Cultist","floor":1.0,"turns":3.0},{"damage":8.0,"enemies":"Small Slimes","floor":2.0,"turns":4.0},{"damage":0.0,"enemies":"2 Louse","floor":5.0,"turns":3.0},{"damage":62.0,"enemies":"3 Sentries","floor":7.0,"turns":16.0},{"damage":9.0,"enemies":"Large Slime","floor":10.0,"turns":6.0},{"damage":2.0,"enemies":"Looter","floor":11.0,"turns":4.0},{"damage":0.0,"enemies":"2 Fungi Beasts","floor":12.0,"turns":3.0},{"damage":1.0,"enemies":"Exordium Wildlife","floor":14.0,"turns":4.0},{"damage":32.0,"enemies":"Slime Boss","floor":16.0,"turns":13.0},{"damage":6.0,"enemies":"Chosen","floor":18.0,"turns":4.0},{"damage":20.0,"enemies":"Shell Parasite","floor":19.0,"turns":4.0},{"damage":15.0,"enemies":"Shelled Parasite and Fungi","floor":21.0,"turns":5.0},{"damage":38.0,"enemies":"Sentry and Sphere","floor":22.0,"turns":6.0},{"damage":16.0,"enemies":"Gremlin Leader","floor":23.0,"turns":5.0},{"damage":31.0,"enemies":"Snake Plant","floor":24.0,"turns":5.0},{"damage":7.0,"enemies":"Colosseum Slavers","floor":27.0,"turns":4.0},{"damage":24.0,"enemies":"Book of Stabbing","floor":30.0,"turns":5.0},{"damage":7.0,"enemies":"3 Cultists","floor":31.0,"turns":4.0},{"damage":42,"enemies":"Collector","floor":33,"turns":5}],"seed_played":"-7245310850929295567","potions_obtained":[{"floor":1.0,"key":"GamblersBrew"},{"floor":7.0,"key":"Regen Potion"},{"floor":12.0,"key":"Regen Potion"},{"floor":16.0,"key":"Energy Potion"},{"floor":21.0,"key":"Explosive Potion"},{"floor":24.0,"key":"Block Potion"}],"is_trial":false,"path_per_floor":["M","M","?","?","M","R","E","?","T","M","M","M","?","M","R","B",null,"M","M","$","M","M","E","M","?","T","?","R","?","E","M","R","B"],"character_chosen":"IRONCLAD","items_purchased":["Inflame","Heavy Blade","Nunchaku","Chrysalis"],"campfire_rested":2,"item_purchase_floors":[20,20,20,20],"current_hp_per_floor":[88,86,79,79,85,85,29,18,18,15,31,37,37,42,42,16,88,88,74,74,65,33,35,10,10,10,9,35,35,17,16,42,0],"gold":71,"neow_bonus":"TEN_PERCENT_HP_BONUS","is_prod":false,"is_daily":false,"chose_seed":false,"campfire_upgraded":2,"win_rate":0,"timestamp":1556157822,"path_taken":["M","M","?","?","M","R","E","?","T","M","M","M","?","M","R","BOSS","M","M","$","M","M","E","M","?","T","?","R","?","E","?","R","BOSS"],"build_version":"2019-01-23","purchased_purges":1,"victory":false,"max_hp_per_floor":[88,88,88,88,88,88,88,88,88,88,88,88,88,88,88,88,88,88,88,88,88,88,88,88,88,88,88,88,88,88,88,88,88],"card_choices":[{"not_picked":["True Grit","Heavy Blade"],"picked":"Whirlwind","floor":1.0},{"not_picked":["Clash","Armaments"],"picked":"Shrug It Off","floor":2.0},{"not_picked":["Wild Strike","Iron Wave"],"picked":"Uppercut","floor":5.0},{"not_picked":["Armaments","Evolve"],"picked":"Spot Weakness","floor":7.0},{"not_picked":["Reckless Charge","Searing Blow"],"picked":"Armaments","floor":10.0},{"not_picked":["Clothesline","Dark Embrace"],"picked":"Sword Boomerang","floor":11.0},{"not_picked":["Wild Strike","Body Slam"],"picked":"Iron Wave","floor":12.0},{"not_picked":["Anger","Havoc","Burning Pact"],"picked":"SKIP","floor":14.0},{"not_picked":["Immolate","Juggernaut"],"picked":"Offering","floor":16.0},{"not_picked":["Flex","Warcry","Sentinel"],"picked":"SKIP","floor":18.0},{"not_picked":["Corruption","Dual Wield","Sever Soul"],"picked":"SKIP","floor":19.0},{"not_picked":["Rampage+1","Twin Strike+1"],"picked":"Armaments+1","floor":21.0},{"not_picked":["Evolve+1","Thunderclap","Body Slam"],"picked":"SKIP","floor":22.0},{"not_picked":["Armaments","Headbutt"],"picked":"Inflame","floor":23.0},{"not_picked":["Sentinel","Clothesline","Pommel Strike"],"picked":"SKIP","floor":24.0},{"not_picked":["Fiend Fire","Shrug It Off"],"picked":"Metallicize","floor":30.0},{"not_picked":["Whirlwind","Flex+1"],"picked":"Shrug It Off","floor":31.0}],"player_experience":1266692,"relics_obtained":[{"floor":7.0,"key":"War Paint"},{"floor":23.0,"key":"Gremlin Horn"},{"floor":26.0,"key":"Tiny Chest"},{"floor":30.0,"key":"Happy Flower"}],"event_choices":[{"damage_healed":0.0,"max_hp_gain":0.0,"max_hp_loss":0.0,"gold_gain":0.0,"event_name":"Scrap Ooze","player_choice":"Success","floor":3.0,"gold_loss":0.0,"damage_taken":7.0,"relics_obtained":["Omamori"]},{"cards_removed":["Strike_R"],"damage_healed":0.0,"max_hp_gain":0.0,"max_hp_loss":0.0,"gold_gain":0.0,"event_name":"Living Wall","player_choice":"Forget","floor":4.0,"gold_loss":0.0,"damage_taken":0.0},{"damage_healed":0.0,"max_hp_gain":0.0,"max_hp_loss":0.0,"gold_gain":75.0,"event_name":"World of Goop","player_choice":"Gather Gold","floor":8.0,"gold_loss":0.0,"damage_taken":11.0},{"damage_healed":0.0,"max_hp_gain":0.0,"max_hp_loss":0.0,"gold_gain":175.0,"event_name":"Liars Game","player_choice":"AGREE","floor":13.0,"gold_loss":0.0,"damage_taken":0.0,"cards_obtained":["Doubt"]},{"cards_removed":["Strike_R"],"damage_healed":0.0,"max_hp_gain":0.0,"max_hp_loss":0.0,"gold_gain":0.0,"event_name":"Beggar","player_choice":"Gave Gold","floor":25.0,"gold_loss":75.0,"damage_taken":0.0},{"damage_healed":0.0,"max_hp_gain":0.0,"max_hp_loss":0.0,"gold_gain":0.0,"event_name":"Colosseum","player_choice":"Fight","floor":27.0,"gold_loss":0.0,"damage_taken":0.0},{"damage_healed":0.0,"max_hp_gain":0.0,"max_hp_loss":0.0,"gold_gain":0.0,"event_name":"Colosseum","player_choice":"Fled From Nobs","floor":27.0,"gold_loss":0.0,"damage_taken":0.0},{"damage_healed":0.0,"max_hp_gain":0.0,"max_hp_loss":0.0,"gold_gain":0.0,"event_name":"Vampires","player_choice":"Ignored","floor":29.0,"gold_loss":0.0,"damage_taken":0.0}],"is_beta":false,"boss_relics":[{"not_picked":["Black Blood","Runic Pyramid"],"picked":"Fusion Hammer"}],"items_purged_floors":[20],"is_endless":false,"potions_floor_spawned":[1,7,12,16,21,22,24],"killed_by":"Collector","ascension_level":0}