{"gold_per_floor":[209,229,13,13,28,28,57,73,98,98,117,150,169,169,169,245,245,262,262,262,187,112,112,142,154,193,178,217,229,241,283,295,383,395,417,429,455,467,496,541,139,152,179,179,179,7,18,30,30,30],"floor_reached":51,"playtime":6830,"items_purged":["Strike_B","Strike_B"],"score":1384,"play_id":"00f35b50-ee3f-4bfd-bc1c-0c20bd560296","local_time":"20190224164438","is_ascension_mode":true,"campfire_choices":[{"data":"Zap","floor":6.0,"key":"SMITH"},{"floor":10.0,"key":"REST"},{"floor":15.0,"key":"REST"},{"data":"Creative AI","floor":23.0,"key":"SMITH"},{"data":"Defragment","floor":25.0,"key":"SMITH"},{"data":"Capacitor","floor":30,"key":"SMITH"},{"floor":32,"key":"REST"},{"floor":45,"key":"REST"},{"floor":49,"key":"REST"}],"neow_cost":"NONE","seed_source_timestamp":17027109389324,"circlet_count":0,"master_deck":["AscendersBane","Defend_B","Defend_B","Defend_B","Defend_B","Zap+1","Dualcast","Sweeping Beam+1","Go for the Eyes+1","Leap","Conserve Battery","Glacier","Cold Snap","Glacier","Defragment+1","Cold Snap","Creative AI+1","BootSequence","Force Field","Hologram","Hologram","Gash+1","Capacitor+1","Conserve Battery","Capacitor","Barrage","Echo Form","Reinforced Body","Hologram"],"special_seed":0,"relics":["Cracked Core","DataDisk","Dream Catcher","Boot","PreservedInsect","Orrery","Nilry\u0027s Codex","MawBank","Blood Vial","Darkstone Periapt","Ornamental Fan","Velvet Choker","Question Card","Gambling Chip","Vajra","Whetstone"],"potions_floor_usage":[28,31,44],"damage_taken":[{"damage":7.0,"enemies":"Small Slimes","floor":1.0,"turns":3.0},{"damage":7.0,"enemies":"Jaw Worm","floor":2.0,"turns":3.0},{"damage":0.0,"enemies":"Cultist","floor":5.0,"turns":3.0},{"damage":30.0,"enemies":"Gremlin Nob","floor":7.0,"turns":4.0},{"damage":0.0,"enemies":"Blue Slaver","floor":8.0,"turns":3.0},{"damage":0.0,"enemies":"2 Fungi Beasts","floor":11.0,"turns":3.0},{"damage":10.0,"enemies":"Lagavulin","floor":12.0,"turns":8.0},{"damage":2.0,"enemies":"3 Louse","floor":13.0,"turns":3.0},{"damage":9.0,"enemies":"The Guardian","floor":16.0,"turns":14.0},{"damage":0.0,"enemies":"Shell Parasite","floor":18.0,"turns":12.0},{"damage":15.0,"enemies":"Gremlin Leader","floor":24.0,"turns":9.0},{"damage":4,"enemies":"2 Thieves","floor":27,"turns":5},{"damage":3,"enemies":"Book of Stabbing","floor":28,"turns":7},{"damage":14,"enemies":"Slavers","floor":31,"turns":7},{"damage":50,"enemies":"Collector","floor":33,"turns":13},{"damage":0,"enemies":"Orb Walker","floor":35,"turns":4},{"damage":32,"enemies":"3 Darklings","floor":37,"turns":7},{"damage":0,"enemies":"Maw","floor":39,"turns":10},{"damage":0,"enemies":"Nemesis","floor":40,"turns":11},{"damage":15,"enemies":"Spire Growth","floor":42,"turns":10},{"damage":0,"enemies":"Reptomancer","floor":44,"turns":2},{"damage":26,"enemies":"4 Shapes","floor":47,"turns":8},{"damage":1,"enemies":"Sphere and 2 Shapes","floor":48,"turns":7},{"damage":8,"enemies":"Time Eater","floor":50,"turns":14}],"seed_played":"4356260196110347521","potions_obtained":[{"floor":5.0,"key":"SteroidPotion"},{"floor":7.0,"key":"EssenceOfSteel"},{"floor":11.0,"key":"LiquidBronze"},{"floor":16.0,"key":"SmokeBomb"},{"floor":27,"key":"Weak Potion"},{"floor":28,"key":"Block Potion"},{"floor":31,"key":"FearPotion"}],"is_trial":false,"path_per_floor":["M","M","$","?","M","R","E","M","T","R","M","E","M","?","R","B",null,"M","?","?","?","$","R","E","R","T","M","E","?","R","E","R","B",null,"M","?","M","?","M","E","$","M","T","E","R","$","M","M","R","B",null],"character_chosen":"DEFECT","items_purchased":["DataDisk","Leap","Gambling Chip","Whetstone"],"campfire_rested":5,"item_purchase_floors":[3,3,41,46],"current_hp_per_floor":[57,50,50,55,55,55,25,25,25,47,47,37,35,35,57,48,69,69,69,48,48,48,48,33,33,33,31,30,45,45,33,55,7,59,61,61,31,31,33,35,35,22,22,24,46,46,22,23,45,39],"gold":30,"neow_bonus":"HUNDRED_GOLD","is_prod":false,"is_daily":false,"chose_seed":false,"campfire_upgraded":4,"win_rate":0,"timestamp":1551048278,"path_taken":["M","M","$","?","M","R","E","M","T","R","M","E","M","?","R","BOSS","M","?","?","?","$","R","E","R","T","M","E","?","R","E","R","BOSS","M","?","M","?","M","E","$","M","T","E","R","$","M","?","R","BOSS"],"build_version":"2019-01-23","purchased_purges":2,"victory":true,"max_hp_per_floor":[71,71,71,76,76,76,76,76,76,76,76,76,76,76,76,76,76,76,76,76,76,76,76,76,76,76,76,76,76,76,76,76,76,76,76,76,76,76,76,76,76,76,76,76,76,76,76,76,76,76],"card_choices":[{"not_picked":["Barrage","Compile Driver"],"picked":"Sweeping Beam","floor":1.0},{"not_picked":["Gash","Doom and Gloom"],"picked":"Go for the Eyes","floor":2.0},{"not_picked":["Consume","Gash"],"picked":"Conserve Battery","floor":5.0},{"not_picked":["Echo Form","Go for the Eyes"],"picked":"Glacier","floor":7.0},{"not_picked":["Conserve Battery","Sunder"],"picked":"Cold Snap","floor":8.0},{"not_picked":["Melter","Blizzard"],"picked":"Glacier","floor":10.0},{"not_picked":["Steam Power","Tempest","Leap"],"picked":"SKIP","floor":11.0},{"not_picked":["Steam Power","Stack"],"picked":"Beam Cell","floor":12.0},{"not_picked":["Ball Lightning","Turbo"],"picked":"Defragment","floor":13.0},{"not_picked":["Conserve Battery","Turbo"],"picked":"Cold Snap","floor":15.0},{"not_picked":["Buffer","Machine Learning"],"picked":"Creative AI","floor":16.0},{"not_picked":["Cold Snap","Coolheaded"],"picked":"BootSequence","floor":17.0},{"not_picked":["Lockon","Steam"],"picked":"Force Field","floor":17.0},{"not_picked":["Rainbow","Ball Lightning"],"picked":"Hologram","floor":17.0},{"not_picked":["Rebound","Heatsinks"],"picked":"Hologram","floor":17.0},{"not_picked":["Ball Lightning","Reinforced Body+1"],"picked":"Gash+1","floor":18.0},{"not_picked":["Steam","Storm"],"picked":"Capacitor","floor":24.0},{"not_picked":["Leap","Streamline"],"picked":"Conserve Battery","floor":27},{"not_picked":["Gash","Doom and Gloom"],"picked":"Capacitor","floor":28},{"not_picked":["Heatsinks","Rebound","Thunder Strike"],"picked":"SKIP","floor":31},{"not_picked":["Scrape","Beam Cell+1"],"picked":"Barrage","floor":32},{"not_picked":["Core Surge","Hyperbeam"],"picked":"Echo Form","floor":33},{"not_picked":["Sweeping Beam+1","Coolheaded+1","Lockon+1"],"picked":"SKIP","floor":35},{"not_picked":["Cold Snap+1","Compile Driver","Genetic Algorithm"],"picked":"SKIP","floor":37},{"not_picked":["Skim+1","Turbo","White Noise+1"],"picked":"SKIP","floor":39},{"not_picked":["Consume","Hello World"],"picked":"Reinforced Body","floor":40},{"not_picked":["Streamline","Rip and Tear","Rebound+1","Rainbow"],"picked":"SKIP","floor":42},{"not_picked":["Streamline+1","Barrage+1","Gash","Redo+1"],"picked":"SKIP","floor":47},{"not_picked":["Rebound","Fusion","Chill","Aggregate"],"picked":"SKIP","floor":48},{"not_picked":["All For One","Streamline","Steam Power+1"],"picked":"Hologram","floor":49}],"player_experience":577417,"relics_obtained":[{"floor":7.0,"key":"Dream Catcher"},{"floor":9.0,"key":"Boot"},{"floor":12.0,"key":"PreservedInsect"},{"floor":20.0,"key":"Nilry\u0027s Codex"},{"floor":24.0,"key":"MawBank"},{"floor":26.0,"key":"Blood Vial"},{"floor":28,"key":"Darkstone Periapt"},{"floor":31,"key":"Ornamental Fan"},{"floor":40,"key":"Question Card"},{"floor":43,"key":"Vajra"}],"event_choices":[{"damage_healed":0.0,"max_hp_gain":5.0,"max_hp_loss":0.0,"gold_gain":0.0,"event_name":"Big Fish","player_choice":"Donut","floor":4.0,"gold_loss":0.0,"damage_taken":0.0},{"cards_removed":["Strike_B"],"damage_healed":0.0,"max_hp_gain":0.0,"max_hp_loss":0.0,"gold_gain":0.0,"event_name":"Wheel of Change","player_choice":"Card Removal","floor":14.0,"gold_loss":0.0,"damage_taken":0.0},{"damage_healed":0.0,"max_hp_gain":0.0,"max_hp_loss":0.0,"gold_gain":0.0,"event_name":"Vampires","player_choice":"Ignored","floor":19.0,"gold_loss":0.0,"damage_taken":0.0},{"damage_healed":0.0,"max_hp_gain":0.0,"max_hp_loss":0.0,"gold_gain":0.0,"event_name":"Cursed Tome","player_choice":"Obtained Book","floor":20.0,"gold_loss":0.0,"damage_taken":21.0},{"cards_removed":["Strike_B"],"damage_healed":0.0,"max_hp_gain":0.0,"max_hp_loss":0.0,"gold_gain":0.0,"event_name":"Beggar","player_choice":"Gave Gold","floor":21.0,"gold_loss":75.0,"damage_taken":0.0},{"damage_healed":15,"gold_gain":0,"player_choice":"Heal","damage_taken":0,"max_hp_gain":0,"max_hp_loss":0,"event_name":"The Library","floor":29,"gold_loss":0},{"cards_removed":["Beam Cell"],"damage_healed":0,"gold_gain":0,"player_choice":"Removed Attack","damage_taken":0,"max_hp_gain":0,"max_hp_loss":0,"event_name":"Falling","floor":36,"gold_loss":0},{"damage_healed":0,"gold_gain":0,"player_choice":"Ignored","damage_taken":0,"max_hp_gain":0,"max_hp_loss":0,"event_name":"Tomb of Lord Red Mask","floor":38,"gold_loss":0}],"is_beta":false,"boss_relics":[{"not_picked":["Lizard Tail","Coffee Dripper"],"picked":"Orrery"},{"not_picked":["Calling Bell","Empty Cage"],"picked":"Velvet Choker"}],"items_purged_floors":[22,41],"is_endless":false,"potions_floor_spawned":[5,7,11,12,13,16,18,27,28,31,35,44],"ascension_level":17}