{"gold_per_floor":[20,40,57,75,75,109,109,138,183,194,194,194,444,456,456,533,533,552,533,51,51,67,67,100,100,100,113,129,129,139,40,40,40],"floor_reached":33,"playtime":2206,"items_purged":["Strike_R"],"score":499,"play_id":"e8a06ce1-0b2f-4c62-a930-6ec7c4c9d62c","local_time":"20180711222347","is_ascension_mode":true,"campfire_choices":[{"data":"Bash","floor":7,"key":"SMITH"},{"data":"Metallicize","floor":12,"key":"SMITH"},{"data":"Clothesline","floor":15,"key":"SMITH"},{"data":"Rampage","floor":23,"key":"SMITH"},{"data":"Disarm","floor":25,"key":"SMITH"},{"floor":32,"key":"REST"}],"neow_cost":"NO_GOLD","seed_source_timestamp":11054193706202,"circlet_count":0,"master_deck":["Defend_R","Defend_R+1","Defend_R","Defend_R+1","Bash+1","AscendersBane","Pommel Strike","Clothesline+1","Shrug It Off","Shrug It Off","Metallicize+1","Disarm+1","Rampage+1","Offering","Shrug It Off","Metallicize"],"relics":["Burning Blood","War Paint","Self Forming Clay","Omamori","Sozu","Pear","Dream Catcher","Mummified Hand","Bottled Tornado"],"potions_floor_usage":[6,8,8,16],"damage_taken":[{"damage":14,"enemies":"Jaw Worm","floor":1,"turns":6},{"damage":0,"enemies":"Small Slimes","floor":2,"turns":3},{"damage":1,"enemies":"Cultist","floor":3,"turns":4},{"damage":7,"enemies":"Looter","floor":4,"turns":4},{"damage":33,"enemies":"3 Sentries","floor":6,"turns":12},{"damage":14,"enemies":"Gremlin Nob","floor":8,"turns":5},{"damage":3,"enemies":"2 Fungi Beasts","floor":10,"turns":5},{"damage":0,"enemies":"Large Slime","floor":14,"turns":4},{"damage":6,"enemies":"The Guardian","floor":16,"turns":14},{"damage":2,"enemies":"Shell Parasite","floor":18,"turns":7},{"damage":15,"enemies":"2 Thieves","floor":19,"turns":4},{"damage":9,"enemies":"Snake Plant","floor":22,"turns":4},{"damage":20,"enemies":"Book of Stabbing","floor":24,"turns":6},{"damage":17,"enemies":"Slaver and Parasite","floor":27,"turns":6},{"damage":9,"enemies":"3 Cultists","floor":28,"turns":5},{"damage":4,"enemies":"Centurion and Healer","floor":30,"turns":5},{"damage":76,"enemies":"Automaton","floor":33,"turns":10}],"seed_played":"2794669361413868935","potions_obtained":[{"floor":2,"key":"Regen Potion"},{"floor":4,"key":"AttackPotion"},{"floor":6,"key":"Weak Potion"},{"floor":14,"key":"Fruit Juice"}],"is_trial":false,"path_per_floor":["M","M","M","M","?","E","R","E","T","M","?","R","?","M","R","B",null,"M","M","$","?","M","R","E","R","T","M","M","T","M","$","R"],"character_chosen":"IRONCLAD","items_purchased":["Rampage","Offering","Pear","Shrug It Off"],"campfire_rested":1,"item_purchase_floors":[20,20,20,31],"current_hp_per_floor":[60,66,71,70,70,55,55,47,47,50,43,43,43,49,49,54,74,78,69,79,61,58,58,44,44,44,33,30,30,32,32,60,0],"gold":40,"neow_bonus":"REMOVE_TWO","is_prod":false,"is_daily":false,"chose_seed":false,"campfire_upgraded":5,"win_rate":0,"timestamp":1531373027,"path_taken":["M","M","M","M","?","E","R","E","T","M","?","R","?","M","R","BOSS","M","M","$","?","M","R","E","R","T","M","?","?","?","?","R","BOSS"],"build_version":"2018-07-05","purchased_purges":1,"victory":false,"max_hp_per_floor":[75,75,75,75,75,75,75,75,75,75,75,75,75,75,75,80,80,80,80,90,95,95,95,95,95,95,95,95,95,95,95,95,95],"card_choices":[{"not_picked":["Body Slam","Fire Breathing"],"picked":"Pommel Strike","floor":1},{"not_picked":["Cleave","Body Slam","Heavy Blade"],"picked":"SKIP","floor":2},{"not_picked":["Shrug It Off","Combust"],"picked":"Clothesline","floor":3},{"not_picked":["Heavy Blade","Intimidate"],"picked":"Shrug It Off","floor":4},{"not_picked":["Exhume","Havoc"],"picked":"Shrug It Off","floor":6},{"not_picked":["Seeing Red","Spot Weakness"],"picked":"Metallicize","floor":8},{"not_picked":["Thunderclap","Seeing Red","Headbutt"],"picked":"SKIP","floor":10},{"not_picked":["Shrug It Off","Burning Pact","Twin Strike"],"picked":"SKIP","floor":14},{"not_picked":["Armaments","Fire Breathing","Sword Boomerang"],"picked":"SKIP","floor":18},{"not_picked":["Twin Strike","Shrug It Off"],"picked":"Disarm","floor":19},{"not_picked":["Thunderclap+1","Wild Strike","Power Through"],"picked":"SKIP","floor":22},{"not_picked":["Flame Barrier","True Grit","Corruption"],"picked":"SKIP","floor":24},{"not_picked":["Twin Strike","Rage","Anger+1"],"picked":"SKIP","floor":27},{"not_picked":["Second Wind","Perfected Strike","Blood for Blood+1"],"picked":"SKIP","floor":28},{"not_picked":["Armaments","Immolate","Clash"],"picked":"SKIP","floor":30},{"not_picked":["Havoc","Combust"],"picked":"Metallicize","floor":32}],"player_experience":573838,"relics_obtained":[{"floor":6,"key":"War Paint"},{"floor":8,"key":"Self Forming Clay"},{"floor":9,"key":"Omamori"},{"floor":24,"key":"Dream Catcher"},{"floor":26,"key":"Mummified Hand"},{"floor":29,"key":"Bottled Tornado"}],"event_choices":[{"event_name":"Living Wall","player_choice":"Forget","floor":5,"damage_taken":0},{"event_name":"Golden Wing","player_choice":"Card Removal","floor":11,"damage_taken":0},{"event_name":"Golden Shrine","player_choice":"Desecrate","floor":13,"damage_taken":0},{"event_name":"Forgotten Altar","player_choice":"Shed Blood","floor":21,"damage_taken":0}],"boss_relics":[{"not_picked":["Black Star","Runic Dome"],"picked":"Sozu"}],"items_purged_floors":[31],"is_endless":false,"potions_floor_spawned":[2,4,6,14,18,19,30],"killed_by":"Automaton","ascension_level":14}