{"gold_per_floor":[119,119,144,144,167,167,206,218,257,294,321,21,39,78,78,171,171,191,210,228,242,22,22,38,38],"floor_reached":25,"playtime":3792,"items_purged":["Strike_B"],"score":434,"play_id":"8aa9e293-aa87-422b-863a-715e4da96388","local_time":"20190301115824","is_ascension_mode":true,"campfire_choices":[{"data":"Zap","floor":6.0,"key":"SMITH"},{"data":"Dualcast","floor":8.0,"key":"SMITH"},{"floor":15.0,"key":"REST"},{"data":"Defragment","floor":23.0,"key":"SMITH"}],"neow_cost":"NONE","seed_source_timestamp":5346416518724,"circlet_count":0,"master_deck":["AscendersBane","Strike_B","Strike_B","Defend_B","Defend_B","Defend_B","Defend_B","Zap+1","Dualcast+1","Beam Cell","Hologram","Ball Lightning","White Noise","Melter","Defragment+1","Undo","BootSequence","Coolheaded","Echo Form","Darkness","Redo","Capacitor","Recycle+1"],"special_seed":0,"relics":["Cracked Core","Golden Idol","MawBank","Orichalcum","DataDisk","Centennial Puzzle","Runic Pyramid"],"potions_floor_usage":[24,25],"damage_taken":[{"damage":4.0,"enemies":"Jaw Worm","floor":1.0,"turns":3.0},{"damage":2.0,"enemies":"Cultist","floor":3.0,"turns":4.0},{"damage":0.0,"enemies":"2 Louse","floor":5.0,"turns":3.0},{"damage":15.0,"enemies":"Gremlin Nob","floor":7.0,"turns":4.0},{"damage":7.0,"enemies":"2 Fungi Beasts","floor":10.0,"turns":2.0},{"damage":0.0,"enemies":"Looter","floor":11.0,"turns":3.0},{"damage":8.0,"enemies":"3 Louse","floor":13.0,"turns":2.0},{"damage":9.0,"enemies":"Lagavulin","floor":14.0,"turns":5.0},{"damage":11.0,"enemies":"The Guardian","floor":16.0,"turns":8.0},{"damage":0.0,"enemies":"Spheric Guardian","floor":18.0,"turns":2.0},{"damage":0.0,"enemies":"Chosen","floor":19.0,"turns":4.0},{"damage":15.0,"enemies":"Snecko","floor":20.0,"turns":5.0},{"damage":14.0,"enemies":"Snake Plant","floor":21.0,"turns":4.0},{"damage":5,"enemies":"Cultist and Chosen","floor":24,"turns":7},{"damage":27,"enemies":"3 Cultists","floor":25,"turns":4}],"seed_played":"-6927628789832277205","potions_obtained":[{"floor":3.0,"key":"Block Potion"},{"floor":4.0,"key":"Block Potion"},{"floor":11.0,"key":"FearPotion"},{"floor":13.0,"key":"EssenceOfSteel"}],"is_trial":false,"path_per_floor":["M","?","M","?","M","R","E","R","T","M","M","$","M","E","R","B",null,"M","M","M","M","$","R","M","M"],"character_chosen":"DEFECT","items_purchased":["DataDisk","Defragment","Undo","Capacitor","SpeedPotion"],"campfire_rested":1,"item_purchase_floors":[12,12,12,22,22],"current_hp_per_floor":[60,60,58,58,58,58,43,43,43,36,36,36,28,19,38,27,55,55,55,40,26,26,26,21,0],"gold":38,"neow_bonus":"REMOVE_CARD","is_prod":false,"is_daily":false,"chose_seed":false,"campfire_upgraded":3,"win_rate":0,"timestamp":1551463104,"path_taken":["M","?","M","?","M","R","E","R","T","M","?","$","M","E","R","BOSS","M","?","M","M","$","R","?","M"],"build_version":"2019-01-23","purchased_purges":1,"victory":false,"max_hp_per_floor":[71,64,64,64,64,64,64,64,64,64,64,64,64,64,64,64,64,64,64,64,64,64,64,64,64],"card_choices":[{"not_picked":["Redo","Turbo"],"picked":"Beam Cell","floor":1.0},{"not_picked":["Steam","Compile Driver"],"picked":"Hologram","floor":3.0},{"not_picked":["Hyperbeam","Hologram"],"picked":"Ball Lightning","floor":5.0},{"not_picked":["Rebound","Beam Cell","Recycle"],"picked":"SKIP","floor":7.0},{"not_picked":["Skim","Coolheaded"],"picked":"White Noise","floor":10.0},{"not_picked":["Turbo","Stack"],"picked":"Melter","floor":11.0},{"not_picked":["Recycle","Hologram"],"picked":"BootSequence","floor":13.0},{"not_picked":["Sweeping Beam","Conserve Battery"],"picked":"Coolheaded","floor":14.0},{"not_picked":["Electrodynamics","Meteor Strike"],"picked":"Echo Form","floor":16.0},{"not_picked":["Beam Cell","Fusion","Consume"],"picked":"SKIP","floor":18.0},{"not_picked":["Ball Lightning","Stack","FTL"],"picked":"SKIP","floor":19.0},{"not_picked":["Ball Lightning","Stack","FTL"],"picked":"SKIP","floor":19.0},{"not_picked":["Streamline+1","Beam Cell"],"picked":"Darkness","floor":20.0},{"not_picked":["Static Discharge","Storm"],"picked":"Redo","floor":21.0},{"not_picked":["Leap","Blizzard+1"],"picked":"Recycle+1","floor":24}],"player_experience":599090,"relics_obtained":[{"floor":7.0,"key":"MawBank"},{"floor":9.0,"key":"Orichalcum"},{"floor":14.0,"key":"Centennial Puzzle"}],"event_choices":[{"damage_healed":0.0,"max_hp_gain":0.0,"max_hp_loss":7.0,"gold_gain":0.0,"event_name":"Golden Idol","player_choice":"Lose Max HP","floor":2.0,"gold_loss":0.0,"damage_taken":0.0,"relics_obtained":["Golden Idol"]},{"damage_healed":0.0,"max_hp_gain":0.0,"max_hp_loss":0.0,"gold_gain":0.0,"event_name":"Lab","player_choice":"Got Potions","floor":4.0,"gold_loss":0.0,"damage_taken":0.0}],"is_beta":false,"boss_relics":[{"not_picked":["Astrolabe","Eternal Feather"],"picked":"Runic Pyramid"}],"items_purged_floors":[22],"is_endless":false,"potions_floor_spawned":[3,11,13,18],"killed_by":"3 Cultists","ascension_level":20}