{"gold_per_floor":[114,129,129,54,69,69,84,84,84,114,129,159,334,349,349,449,449,449,449,119,119,44,44,44,44,44,44,44,0,0,0,0,0,0,0,0,0,0,0,0,0,0],"floor_reached":42,"playtime":3953,"items_purged":["Strike_G","Strike_G"],"score":505,"play_id":"8d3fa4bf-9f22-4558-954e-7718d89bd21c","local_time":"20180803141605","daily_mods":["Heirloom","Time Dilation","Night Terrors"],"is_ascension_mode":false,"campfire_choices":[{"data":"Defend_G","floor":6,"key":"PURGE"},{"data":"Poisoned Stab","floor":8,"key":"SMITH"},{"floor":15,"key":"REST"},{"floor":32,"key":"REST"}],"neow_cost":"","seed_source_timestamp":0,"circlet_count":0,"master_deck":["Survivor","Neutralize","Backflip","Poisoned Stab","Blade Dance","Poisoned Stab+1","A Thousand Cuts","Acrobatics","Flying Knee","Poisoned Stab","After Image","Crippling Poison","Noxious Fumes","Poisoned Stab","Dodge and Roll","Noxious Fumes","Glass Knife","Dodge and Roll","Deadly Poison","Terror","Crippling Poison","Cloak And Dagger","Reflex","Backflip+1","Crippling Poison+1","Envenom","Deadly Poison+1"],"special_seed":17746,"relics":["Ring of the Snake","Peace Pipe","Ornamental Fan","Orichalcum","Snake Skull","Ectoplasm","Red Mask","Anchor","Enchiridion","Gremlin Horn","Shuriken","Darkstone Periapt","Pandora\u0027s Box","StoneCalendar"],"potions_floor_usage":[10,16,16,25,25,38,39,40],"damage_taken":[{"damage":0,"enemies":"2 Louse","floor":1,"turns":3},{"damage":0,"enemies":"Small Slimes","floor":2,"turns":3},{"damage":10,"enemies":"Jaw Worm","floor":5,"turns":4},{"damage":0,"enemies":"2 Fungi Beasts","floor":7,"turns":4},{"damage":8,"enemies":"Gremlin Nob","floor":10,"turns":4},{"damage":8,"enemies":"Large Slime","floor":11,"turns":4},{"damage":5,"enemies":"Lagavulin","floor":12,"turns":5},{"damage":3,"enemies":"3 Louse","floor":14,"turns":4},{"damage":18,"enemies":"The Guardian","floor":16,"turns":8},{"damage":0,"enemies":"Shell Parasite","floor":18,"turns":5},{"damage":18,"floor":19,"turns":4},{"damage":1,"enemies":"Gremlin Leader","floor":23,"turns":5},{"damage":1,"enemies":"Book of Stabbing","floor":25,"turns":4},{"damage":1,"enemies":"2 Thieves","floor":29,"turns":4},{"damage":0,"enemies":"Centurion and Healer","floor":31,"turns":4},{"damage":30,"enemies":"Collector","floor":33,"turns":7},{"damage":2,"enemies":"Flame Bruiser 1 Orb","floor":35,"turns":4},{"damage":16,"enemies":"3 Darklings","floor":36,"turns":4},{"damage":2,"enemies":"Sphere and 2 Shapes","floor":37,"turns":3},{"damage":4,"enemies":"Maw","floor":38,"turns":6},{"damage":15,"enemies":"Transient","floor":39,"turns":5},{"damage":25,"enemies":"2 Orb Walkers","floor":40,"turns":4},{"damage":0,"enemies":"3 Darklings","floor":41,"turns":5},{"damage":2,"enemies":"4 Shapes","floor":42,"turns":4}],"seed_played":"1315967547394537302","potions_obtained":[{"floor":5,"key":"Strength Potion"},{"floor":7,"key":"Block Potion"},{"floor":10,"key":"Energy Potion"},{"floor":14,"key":"Fruit Juice"},{"floor":18,"key":"Fire Potion"},{"floor":19,"key":"AttackPotion"},{"floor":25,"key":"FearPotion"},{"floor":36,"key":"PowerPotion"},{"floor":38,"key":"SkillPotion"},{"floor":41,"key":"FearPotion"}],"is_trial":false,"path_per_floor":["M","M","?","$","M","R","M","R","T","E","M","E","?","M","R","B",null,"M","?","$","?","?","E","?","E","T","?","$","M","$","M","R","B",null,"M","M","M","M","M","E","M"],"character_chosen":"THE_SILENT","items_purchased":["Noxious Fumes","Anchor"],"campfire_rested":2,"item_purchase_floors":[20,20],"current_hp_per_floor":[70,70,56,56,46,46,46,46,46,38,30,25,25,22,65,52,70,70,52,52,36,36,35,35,34,34,34,34,33,33,33,65,35,65,63,47,45,41,26,1,1,0],"gold":0,"neow_bonus":"","is_prod":false,"is_daily":true,"chose_seed":false,"campfire_upgraded":1,"win_rate":0.0,"timestamp":1533298565,"path_taken":["M","M","?","$","M","R","M","R","T","E","M","E","?","M","R","BOSS","M","?","$","?","?","E","?","E","T","?","?","?","?","M","R","BOSS","M","M","M","?","?","E","M","M"],"build_version":"2018-08-02","purchased_purges":2,"victory":false,"max_hp_per_floor":[70,70,70,70,70,70,70,70,70,70,70,70,70,70,65,70,70,70,70,70,70,70,70,70,70,70,70,70,70,70,70,65,65,65,65,65,65,65,65,65,65,65],"card_choices":[{"not_picked":["PiercingWail","Cloak And Dagger"],"picked":"Backflip","floor":1},{"not_picked":["Outmaneuver","Calculated Gamble"],"picked":"Poisoned Stab","floor":2},{"not_picked":["Acrobatics","Backstab"],"picked":"Blade Dance","floor":5},{"not_picked":["Heel Hook","Quick Slash"],"picked":"Poisoned Stab","floor":7},{"not_picked":["Acrobatics","Blade Dance"],"picked":"A Thousand Cuts","floor":10},{"not_picked":["Setup","Underhanded Strike"],"picked":"Acrobatics","floor":11},{"not_picked":["Sucker Punch","Outmaneuver"],"picked":"Flying Knee","floor":12},{"not_picked":["Bullet Time","Caltrops"],"picked":"Poisoned Stab","floor":14},{"not_picked":["Glass Knife","Unload"],"picked":"After Image","floor":16},{"not_picked":["Sucker Punch","Distraction+1"],"picked":"Crippling Poison","floor":18},{"not_picked":["A Thousand Cuts","Flying Knee"],"picked":"Poisoned Stab","floor":23},{"not_picked":["Slice+1","Blade Dance"],"picked":"Dodge and Roll","floor":25},{"not_picked":["Bouncing Flask","Outmaneuver"],"picked":"Noxious Fumes","floor":29},{"not_picked":["Accuracy","Blade Dance","Flying Knee"],"picked":"SKIP","floor":31},{"not_picked":["Unload","Die Die Die"],"picked":"Glass Knife","floor":33},{"not_picked":["Outmaneuver+1","Reflex+1","Slice"],"picked":"SKIP","floor":35},{"not_picked":["Dagger Spray+1","Finisher+1"],"picked":"Backflip+1","floor":36},{"not_picked":["Outmaneuver+1","Quick Slash+1","Well Laid Plans+1"],"picked":"SKIP","floor":37},{"not_picked":["Dagger Spray+1","Dodge and Roll"],"picked":"Crippling Poison+1","floor":38},{"not_picked":["Dodge and Roll","Prepared","Dagger Spray"],"picked":"SKIP","floor":39},{"not_picked":["A Thousand Cuts","Outmaneuver"],"picked":"Envenom","floor":40},{"not_picked":["Flying Knee","Blade Dance+1"],"picked":"Deadly Poison+1","floor":41}],"player_experience":82370,"relics_obtained":[{"floor":9,"key":"Ornamental Fan"},{"floor":10,"key":"Orichalcum"},{"floor":12,"key":"Snake Skull"},{"floor":19,"key":"Red Mask"},{"floor":21,"key":"Enchiridion"},{"floor":23,"key":"Gremlin Horn"},{"floor":25,"key":"Shuriken"},{"floor":26,"key":"Darkstone Periapt"},{"floor":40,"key":"StoneCalendar"}],"event_choices":[{"event_name":"Shining Light","player_choice":"Entered Light","floor":3,"damage_taken":0},{"event_name":"Liars Game","player_choice":"agreed","floor":13,"damage_taken":0},{"event_name":"Masked Bandits","player_choice":"Fought over 449 gold","floor":19,"damage_taken":0},{"event_name":"Cursed Tome","player_choice":"Obtained Book","floor":21,"damage_taken":0},{"event_name":"Beggar","player_choice":"Gave Gold","floor":22,"damage_taken":0},{"event_name":"Ghosts","player_choice":"Ignored","floor":24,"damage_taken":0},{"event_name":"Back to Basics","player_choice":"Elegance","floor":27,"damage_taken":0}],"is_beta":false,"boss_relics":[{"not_picked":["Lizard Tail","Tiny House"],"picked":"Ectoplasm"},{"not_picked":["Philosopher\u0027s Stone","Runic Pyramid"],"picked":"Pandora\u0027s Box"}],"items_purged_floors":[4,20],"is_endless":false,"potions_floor_spawned":[5,7,10,14,18,19,25,36,38,41],"killed_by":"4 Shapes","ascension_level":0}