{"gold_per_floor":[118,132,3,3,3,3,3,29,78,78,97,110,127,160,160,234,234,247,272,0,0,16,50,50,65,65,81,26,26,43,62,62,136,136,155,155,200,14,0,0,11,11,56,81,98,98,126,142,142,142,142],"floor_reached":52,"playtime":3768,"items_purged":["Strike_G","Strike_G"],"score":1830,"play_id":"f3ad5337-f344-4d6c-af7a-66e9b8462e65","local_time":"20190414155221","is_ascension_mode":true,"campfire_choices":[{"data":"Skewer","floor":6.0,"key":"SMITH"},{"floor":10.0,"key":"REST"},{"data":"Noxious Fumes","floor":15.0,"key":"SMITH"},{"data":"Wraith Form v2","floor":24.0,"key":"SMITH"},{"floor":29.0,"key":"REST"},{"data":"Cloak And Dagger","floor":32.0,"key":"SMITH"},{"data":"After Image","floor":42.0,"key":"SMITH"},{"data":"Noxious Fumes","floor":46.0,"key":"SMITH"},{"data":"Footwork","floor":49.0,"key":"SMITH"}],"neow_cost":"NONE","seed_source_timestamp":0,"circlet_count":0,"master_deck":["AscendersBane","Defend_G","Defend_G","Defend_G+1","Defend_G","Defend_G","Strike_G+1","Strike_G","Strike_G","Survivor","Neutralize+1","Skewer+1","Backflip","Dagger Spray+1","Dash","PiercingWail","Footwork+1","PiercingWail","Noxious Fumes+1","Storm of Steel","Blade Dance+1","Bane","Flechettes","Infinite Blades","Wraith Form v2+1","Outmaneuver","Backstab+1","Deflect","Dodge and Roll","Cloak And Dagger+1","After Image+1","Noxious Fumes+1","PiercingWail"],"special_seed":0,"relics":["Ring of the Snake","Bird Faced Urn","Oddly Smooth Stone","Shuriken","Runic Pyramid","Potion Belt","Medical Kit","Whetstone","Kunai","Busted Crown","Calipers","Red Mask","Art of War","Pocketwatch","Darkstone Periapt"],"potions_floor_usage":[51,51,51],"damage_taken":[{"damage":14.0,"enemies":"Jaw Worm","floor":1.0,"turns":8.0},{"damage":0.0,"enemies":"Small Slimes","floor":2.0,"turns":3.0},{"damage":19.0,"enemies":"3 Sentries","floor":8.0,"turns":7.0},{"damage":0.0,"enemies":"Cultist","floor":11.0,"turns":3.0},{"damage":0.0,"enemies":"Red Slaver","floor":12.0,"turns":5.0},{"damage":3.0,"enemies":"Looter","floor":13.0,"turns":3.0},{"damage":13.0,"enemies":"Lagavulin","floor":14.0,"turns":8.0},{"damage":19.0,"enemies":"Hexaghost","floor":16.0,"turns":10.0},{"damage":0.0,"enemies":"Chosen","floor":18.0,"turns":5.0},{"damage":8.0,"enemies":"3 Byrds","floor":22.0,"turns":5.0},{"damage":32.0,"enemies":"Slavers","floor":23.0,"turns":6.0},{"damage":7.0,"enemies":"Centurion and Healer","floor":25.0,"turns":7.0},{"damage":24.0,"enemies":"Sentry and Sphere","floor":27.0,"turns":8.0},{"damage":1.0,"enemies":"Cultist and Chosen","floor":30.0,"turns":6.0},{"damage":19.0,"enemies":"Shelled Parasite and Fungi","floor":31.0,"turns":5.0},{"damage":24.0,"enemies":"Collector","floor":33.0,"turns":10.0},{"damage":0.0,"enemies":"3 Shapes","floor":35.0,"turns":7.0},{"damage":23.0,"enemies":"2 Orb Walkers","floor":37.0,"turns":8.0},{"damage":2.0,"enemies":"Orb Walker","floor":41.0,"turns":4.0},{"damage":1.0,"enemies":"Giant Head","floor":44.0,"turns":9.0},{"damage":0.0,"enemies":"Maw","floor":45.0,"turns":9.0},{"damage":0.0,"enemies":"Nemesis","floor":47.0,"turns":9.0},{"damage":2.0,"enemies":"Jaw Worm Horde","floor":48.0,"turns":6.0},{"damage":41.0,"enemies":"Time Eater","floor":50.0,"turns":17.0},{"damage":14,"enemies":"Awakened One","floor":51,"turns":17}],"seed_played":"5256386152176375618","potions_obtained":[{"floor":2.0,"key":"Weak Potion"},{"floor":11.0,"key":"SkillPotion"},{"floor":16.0,"key":"Fruit Juice"},{"floor":18.0,"key":"Explosive Potion"},{"floor":22.0,"key":"Regen Potion"},{"floor":23.0,"key":"SteroidPotion"},{"floor":31.0,"key":"Explosive Potion"},{"floor":37.0,"key":"SpeedPotion"},{"floor":45.0,"key":"AttackPotion"},{"floor":48.0,"key":"SteroidPotion"}],"is_trial":false,"path_per_floor":["M","M","$","?","?","R","$","E","T","R","M","M","M","E","R","B",null,"M","T","$","?","M","E","R","M","T","M","$","R","M","M","R","B",null,"M","?","?","$","?","$","M","R","T","E","M","R","E","M","R","B","B",null],"character_chosen":"THE_SILENT","items_purchased":["Dagger Spray","Medical Kit","Bane","Deflect","Noxious Fumes"],"campfire_rested":2,"item_purchase_floors":[3,20,20,28,38],"current_hp_per_floor":[51,51,51,29,29,29,29,10,10,31,31,33,32,23,23,8,56,58,58,58,58,52,24,24,25,25,20,20,48,51,36,36,20,63,69,69,54,54,54,54,58,58,58,67,73,73,73,73,73,38,32],"gold":142,"neow_bonus":"TEN_PERCENT_HP_BONUS","is_prod":false,"is_daily":false,"chose_seed":false,"campfire_upgraded":7,"win_rate":0,"timestamp":1555249941,"path_taken":["M","M","$","?","?","R","$","E","T","R","M","M","?","E","R","BOSS","M","?","$","?","M","E","R","M","T","M","?","R","M","M","R","BOSS","M","?","?","$","?","?","M","R","T","E","M","R","E","M","R","BOSS","BOSS"],"build_version":"2019-01-23","purchased_purges":2,"victory":true,"max_hp_per_floor":[72,72,72,72,72,72,72,72,72,72,72,72,72,72,72,72,72,72,72,72,72,72,72,72,72,72,72,72,77,77,77,77,77,77,77,73,73,73,73,73,73,73,73,73,73,73,73,73,73,73,73],"card_choices":[{"not_picked":["Sucker Punch","Eviscerate"],"picked":"Skewer","floor":1.0},{"not_picked":["Dodge and Roll","Prepared"],"picked":"Backflip","floor":2.0},{"not_picked":["Blade Dance","Flying Knee"],"picked":"PiercingWail","floor":8.0},{"not_picked":["Quick Slash","Sucker Punch"],"picked":"Footwork","floor":11.0},{"not_picked":["Expertise","Quick Slash"],"picked":"PiercingWail","floor":12.0},{"not_picked":["Glass Knife","Outmaneuver"],"picked":"Noxious Fumes","floor":13.0},{"not_picked":["Expertise","Quick Slash","PiercingWail"],"picked":"SKIP","floor":14.0},{"not_picked":["Phantasmal Killer","Unload"],"picked":"Storm of Steel","floor":16.0},{"not_picked":["Expertise","Poisoned Stab"],"picked":"Blade Dance+1","floor":18.0},{"not_picked":["Quick Slash","Masterful Stab"],"picked":"Infinite Blades","floor":22.0},{"not_picked":["Blade Dance","Deflect"],"picked":"Wraith Form v2","floor":23.0},{"not_picked":["Crippling Poison+1","Blur"],"picked":"Outmaneuver","floor":25.0},{"not_picked":["Tactician","Slice"],"picked":"Backstab+1","floor":27.0},{"not_picked":["Finisher","Underhanded Strike"],"picked":"Dodge and Roll","floor":30.0},{"not_picked":["Noxious Fumes","Quick Slash"],"picked":"Cloak And Dagger","floor":31.0},{"not_picked":["Tools of the Trade","Burst"],"picked":"After Image","floor":33.0},{"not_picked":["Infinite Blades+1"],"picked":"SKIP","floor":35.0},{"not_picked":["Well Laid Plans+1"],"picked":"SKIP","floor":41.0},{"not_picked":["Backflip"],"picked":"SKIP","floor":44.0},{"not_picked":["Escape Plan"],"picked":"SKIP","floor":45.0},{"not_picked":[],"picked":"PiercingWail","floor":47.0},{"not_picked":["Flying Knee"],"picked":"SKIP","floor":48.0}],"player_experience":600357,"relics_obtained":[{"floor":8.0,"key":"Bird Faced Urn"},{"floor":9.0,"key":"Oddly Smooth Stone"},{"floor":14.0,"key":"Shuriken"},{"floor":19.0,"key":"Potion Belt"},{"floor":23.0,"key":"Whetstone"},{"floor":26.0,"key":"Kunai"},{"floor":37.0,"key":"Calipers"},{"floor":43.0,"key":"Art of War"},{"floor":44.0,"key":"Pocketwatch"},{"floor":47.0,"key":"Darkstone Periapt"}],"event_choices":[{"damage_healed":0.0,"max_hp_gain":0.0,"max_hp_loss":0.0,"gold_gain":0.0,"event_name":"Shining Light","player_choice":"Entered Light","floor":4.0,"gold_loss":0.0,"damage_taken":22.0,"cards_upgraded":["Dagger Spray","Defend_G"]},{"damage_healed":0.0,"max_hp_gain":0.0,"max_hp_loss":0.0,"gold_gain":0.0,"event_name":"Match and Keep!","player_choice":"1 cards matched","floor":5.0,"gold_loss":0.0,"damage_taken":0.0,"cards_obtained":["Dash"]},{"damage_healed":0.0,"max_hp_gain":0.0,"max_hp_loss":0.0,"gold_gain":0.0,"event_name":"The Library","player_choice":"Read","floor":21.0,"gold_loss":0.0,"damage_taken":0.0,"cards_obtained":["Flechettes"]},{"damage_healed":0.0,"max_hp_gain":0.0,"max_hp_loss":4.0,"gold_gain":0.0,"event_name":"Winding Halls","player_choice":"Max HP","floor":36.0,"gold_loss":0.0,"damage_taken":0.0},{"damage_healed":0.0,"max_hp_gain":0.0,"max_hp_loss":0.0,"gold_gain":0.0,"event_name":"Mysterious Sphere","player_choice":"Fight","floor":37.0,"gold_loss":0.0,"damage_taken":0.0},{"damage_healed":0.0,"max_hp_gain":0.0,"max_hp_loss":0.0,"gold_gain":0.0,"event_name":"Tomb of Lord Red Mask","player_choice":"Paid","floor":39.0,"gold_loss":14.0,"damage_taken":0.0,"relics_obtained":["Red Mask"]}],"is_beta":false,"boss_relics":[{"not_picked":["WristBlade","Empty Cage"],"picked":"Runic Pyramid"},{"not_picked":["Black Star","Fusion Hammer"],"picked":"Busted Crown"}],"items_purged_floors":[3,38],"is_endless":false,"potions_floor_spawned":[2,11,16,18,22,23,31,37,45,48],"ascension_level":20}