{"gold_per_floor":[109,109,9,28,41,41,60,73,73,73,84,101,101,112,112,213,213,233,249,159,174,174,174,193,193,246,246,257,276,276,85,85,184,184,199,199,199,214,214,214,114,114,140,156,156,44,57,71,71,71],"floor_reached":51,"playtime":3073,"items_purged":["Strike_R","Anger"],"score":643,"play_id":"42f0050d-70aa-4107-b373-80d230171d30","local_time":"20180829153749","is_ascension_mode":false,"campfire_choices":[{"data":"Flame Barrier","floor":6.0,"key":"SMITH"},{"data":"Body Slam","floor":10.0,"key":"SMITH"},{"data":"Shrug It Off","floor":15.0,"key":"SMITH"},{"floor":23.0,"key":"REST"},{"data":"Barricade","floor":25.0,"key":"SMITH"},{"data":"Shrug It Off","floor":27.0,"key":"SMITH"},{"floor":32.0,"key":"REST"},{"data":"Brutality","floor":40.0,"key":"SMITH"},{"data":"Apotheosis","floor":42.0,"key":"SMITH"},{"floor":49,"key":"REST"}],"neow_cost":"NONE","seed_source_timestamp":11110849669339,"circlet_count":0,"master_deck":["Strike_R","Defend_R","Defend_R","Bash+1","Shrug It Off+1","Flame Barrier+1","Shrug It Off+1","Body Slam+1","Immolate","Thunderclap","Rage","Barricade+1","Ghostly Armor","Panacea","Brutality+1","Writhe","Apotheosis+1","Secret Weapon","Dark Shackles","Entrench"],"special_seed":0,"relics":["Philosopher\u0027s Stone"],"potions_floor_usage":[50,50],"damage_taken":[{"damage":1.0,"enemies":"Jaw Worm","floor":1.0,"turns":3.0},{"damage":0.0,"enemies":"2 Louse","floor":4.0,"turns":2.0},{"damage":0.0,"enemies":"Cultist","floor":5.0,"turns":3.0},{"damage":0.0,"enemies":"Exordium Wildlife","floor":7.0,"turns":4.0},{"damage":3.0,"enemies":"Exordium Thugs","floor":8.0,"turns":5.0},{"damage":0.0,"enemies":"Large Slime","floor":11.0,"turns":3.0},{"damage":0.0,"enemies":"Lots of Slimes","floor":12.0,"turns":1.0},{"damage":3.0,"enemies":"3 Louse","floor":14.0,"turns":3.0},{"damage":19.0,"enemies":"Slime Boss","floor":16.0,"turns":6.0},{"damage":19.0,"enemies":"3 Byrds","floor":18.0,"turns":1.0},{"damage":7.0,"enemies":"2 Thieves","floor":19.0,"turns":4.0},{"damage":17.0,"enemies":"Snake Plant","floor":21.0,"turns":4.0},{"damage":26.0,"enemies":"Chosen and Byrds","floor":24.0,"turns":7.0},{"damage":0.0,"enemies":"Shelled Parasite and Fungi","floor":28.0,"turns":3.0},{"damage":2.0,"enemies":"Sentry and Sphere","floor":29.0,"turns":7.0},{"damage":37.0,"enemies":"Collector","floor":33.0,"turns":10.0},{"damage":15.0,"enemies":"Flame Bruiser 1 Orb","floor":35.0,"turns":6.0},{"damage":21.0,"enemies":"Orb Walker","floor":38.0,"turns":5.0},{"damage":17.0,"enemies":"Transient","floor":44.0,"turns":5.0},{"damage":4,"enemies":"Flame Bruiser 2 Orb","floor":47,"turns":5},{"damage":3,"enemies":"Spire Growth","floor":48,"turns":4},{"damage":8,"enemies":"Time Eater","floor":50,"turns":8}],"seed_played":"8357820389079932551","potions_obtained":[{"floor":1.0,"key":"SpeedPotion"},{"floor":7.0,"key":"Ancient Potion"},{"floor":8.0,"key":"Dexterity Potion"},{"floor":14.0,"key":"Strength Potion"},{"floor":19.0,"key":"Explosive Potion"},{"floor":21.0,"key":"FearPotion"},{"floor":24.0,"key":"EssenceOfSteel"},{"floor":35.0,"key":"Dexterity Potion"},{"floor":44.0,"key":"Block Potion"}],"is_trial":false,"path_per_floor":["M","?","$","M","M","R","M","M","T","R","M","M","?","M","R","B",null,"M","M","?","M","?","R","M","R","T","R","M","M","?","$","R","B",null,"M","?","?","M","?","R","$","R","T","M","?","$","M","M","R","B"],"character_chosen":"IRONCLAD","items_purchased":["Anger","Block Potion","Block Potion","Panacea","Entrench","EssenceOfSteel"],"campfire_rested":3,"item_purchase_floors":[3,31,31,31,46,46],"current_hp_per_floor":[79,79,79,79,79,79,79,76,76,76,76,76,76,73,73,54,80,61,54,54,37,37,61,35,35,35,35,35,33,33,33,57,20,80,65,65,80,59,49,49,49,49,49,32,32,32,28,25,49,41],"gold":71,"neow_bonus":"BOSS_RELIC","is_prod":false,"is_daily":false,"chose_seed":false,"campfire_upgraded":7,"win_rate":0,"timestamp":1535575069,"path_taken":["M","?","$","M","M","R","M","M","T","R","M","?","?","M","R","BOSS","M","M","?","M","?","R","M","R","T","R","M","M","?","$","R","BOSS","M","?","?","M","?","R","?","R","T","M","?","$","M","M","R","BOSS"],"build_version":"2018-08-23v2","purchased_purges":2,"victory":true,"max_hp_per_floor":[80,80,80,80,80,80,80,80,80,80,80,80,80,80,80,80,80,80,80,80,80,80,80,80,80,80,80,80,80,80,80,80,80,80,80,80,80,80,80,80,80,80,80,80,80,80,80,80,80,80],"card_choices":[{"not_picked":["Second Wind","Metallicize"],"picked":"Shrug It Off","floor":1.0},{"not_picked":["Dropkick","Havoc"],"picked":"Flame Barrier","floor":4.0},{"not_picked":["Anger","Seeing Red"],"picked":"Shrug It Off","floor":5.0},{"not_picked":["Clothesline","Havoc"],"picked":"Body Slam","floor":7.0},{"not_picked":["Burning Pact","Wild Strike"],"picked":"Immolate","floor":8.0},{"not_picked":["Warcry","True Grit"],"picked":"Thunderclap","floor":11.0},{"not_picked":["Sword Boomerang","Twin Strike","Heavy Blade"],"picked":"SKIP","floor":12.0},{"not_picked":["Combust","Thunderclap"],"picked":"Rage","floor":14.0},{"not_picked":["Impervious","Exhume"],"picked":"Barricade","floor":16.0},{"not_picked":["Burning Pact+1","Sword Boomerang","Searing Blow"],"picked":"SKIP","floor":18.0},{"not_picked":["Searing Blow","Whirlwind","Infernal Blade"],"picked":"SKIP","floor":19.0},{"not_picked":["Armaments","Infernal Blade"],"picked":"Ghostly Armor","floor":21.0},{"not_picked":["Wild Strike","Clash+1","Seeing Red"],"picked":"SKIP","floor":24.0},{"not_picked":["Carnage","Thunderclap","Pommel Strike"],"picked":"SKIP","floor":28.0},{"not_picked":["Carnage","Thunderclap","Pommel Strike"],"picked":"SKIP","floor":28.0},{"not_picked":["Barricade","Blood for Blood","Corruption+1"],"picked":"SKIP","floor":29.0},{"not_picked":["Fiend Fire","Double Tap"],"picked":"Brutality","floor":33.0},{"not_picked":["Dropkick","Inflame","Armaments+1"],"picked":"SKIP","floor":35.0},{"not_picked":["Flex","Second Wind","Burning Pact+1"],"picked":"SKIP","floor":38.0},{"not_picked":["Dramatic Entrance","Enlightenment"],"picked":"Apotheosis","floor":39.0},{"not_picked":["Bandage Up","Mind Blast"],"picked":"Secret Weapon","floor":39.0},{"not_picked":["Impatience","Secret Weapon"],"picked":"Dark Shackles","floor":39.0},{"not_picked":["Cleave+1","True Grit","Pommel Strike"],"picked":"SKIP","floor":44.0},{"not_picked":["Pommel Strike+1","Sword Boomerang+1","True Grit"],"picked":"SKIP","floor":47},{"not_picked":["Wild Strike+1","Flex+1","Whirlwind"],"picked":"SKIP","floor":48}],"player_experience":383587,"relics_obtained":[],"event_choices":[{"event_name":"Living Wall","player_choice":"Forget","floor":2.0,"damage_taken":0.0},{"event_name":"Purifier","player_choice":"One Purge","floor":13.0,"damage_taken":0.0},{"event_name":"Designer","player_choice":"Full Service","floor":20.0,"damage_taken":0.0},{"event_name":"Vampires","player_choice":"Ignored","floor":22.0,"damage_taken":0.0},{"event_name":"Cursed Tome","player_choice":"Ignored","floor":30.0,"damage_taken":0.0},{"event_name":"Falling","player_choice":"Removed Skill","floor":36.0,"damage_taken":0.0},{"event_name":"Winding Halls","player_choice":"Writhe","floor":37.0,"damage_taken":0.0},{"event_name":"SensoryStone","player_choice":"Memory 3","floor":39.0,"damage_taken":0.0},{"event_name":"Bonfire Elementals","player_choice":"BASIC","floor":45,"damage_taken":0}],"is_beta":false,"boss_relics":[{"not_picked":["Empty Cage","Coffee Dripper","Busted Crown"]},{"not_picked":["Pandora\u0027s Box","Orrery","Mark of Pain"]}],"items_purged_floors":[3,41],"is_endless":false,"potions_floor_spawned":[1,7,8,11,14,16,19,21,24,35,44],"ascension_level":0}