{"path_per_floor":["M","?","?","?","M","R","E","R","T","E","$","M","R","E","R","B",null,"M","$","?","$","?","R","?","?","T","E","R","M","M","?","R","B",null,"M","M","$","?","M","E","R","E","T","M","R","$","M","M","R","B"],"character_chosen":"DEFECT","items_purchased":["Rebound","Master of Strategy","Scrape","Ornamental Fan","EssenceOfSteel"],"gold_per_floor":[117,117,117,117,137,137,176,176,176,216,116,139,139,175,175,303,303,323,127,127,45,45,45,45,45,98,136,136,155,176,176,176,275,275,294,309,209,209,229,256,256,288,315,332,332,3,17,27,27,27],"floor_reached":51,"campfire_rested":1,"playtime":3725,"item_purchase_floors":[11,19,21,46,46],"current_hp_per_floor":[82,82,82,62,61,61,33,72,72,63,63,62,62,52,52,12,82,84,84,84,84,84,84,84,84,84,85,85,85,77,77,77,47,88,90,90,90,90,77,79,79,78,83,84,84,84,88,97,97,99],"items_purged":["Defend_B","Steam"],"gold":27,"score":852,"play_id":"5044f9ae-3efa-40dd-a9a6-1edb42a8063d","local_time":"20180602105308","is_prod":false,"is_daily":false,"chose_seed":false,"is_ascension_mode":true,"campfire_upgraded":9,"win_rate":0.0,"timestamp":1527954788,"campfire_choices":[{"data":"Zap","floor":6,"key":"SMITH"},{"floor":8,"key":"REST"},{"data":"Dualcast","floor":13,"key":"SMITH"},{"data":"Hologram","floor":15,"key":"SMITH"},{"data":"Scrape","floor":23,"key":"SMITH"},{"data":"Beam Cell","floor":28,"key":"SMITH"},{"data":"Conserve Battery","floor":32,"key":"SMITH"},{"data":"Machine Learning","floor":41,"key":"SMITH"},{"data":"Chill","floor":45,"key":"SMITH"},{"data":"Coolheaded","floor":49,"key":"SMITH"}],"path_taken":["M","?","?","?","M","R","E","R","T","E","$","M","R","E","R","BOSS","M","$","?","$","?","R","?","?","T","E","R","M","M","?","R","BOSS","M","M","$","?","M","E","R","E","T","?","R","$","M","M","R","BOSS"],"build_version":"2018-05-31","seed_source_timestamp":1309312028289,"purchased_purges":2,"victory":true,"master_deck":["Zap+1","Dualcast+1","Conserve Battery+1","BootSequence","BootSequence","Rebound","Gash","Hologram+1","All For One","Chill+1","Steam","Beam Cell+1","Coolheaded+1","Master of Strategy","Scrape+1","Gash","Gash+1","Machine Learning+1","Go for the Eyes+1","Gash"],"max_hp_per_floor":[82,82,82,82,82,82,82,82,82,82,82,82,82,82,82,82,82,84,84,84,84,84,84,84,84,84,86,86,88,88,88,88,88,88,90,90,90,90,92,92,92,94,94,96,96,96,98,100,100,100],"relics":["Cracked Core","Strawberry","Bloody Idol","Regal Pillow","Singing Bowl","Gremlin Horn","Blue Candle","Pandora\u0027s Box","Potion Belt","Darkstone Periapt","Black Star","Dodecahedron","Centennial Puzzle","Bag of Preparation","Blood Vial","Lantern","Ornamental Fan"],"card_choices":[{"not_picked":["Go for the Eyes","Redo"],"picked":"Sweeping Beam","floor":1},{"not_picked":["Compile Driver","Storm"],"picked":"Conserve Battery","floor":5},{"not_picked":["Defragment","Rip and Tear"],"picked":"BootSequence","floor":7},{"not_picked":["Tempest","Barrage"],"picked":"BootSequence","floor":10},{"not_picked":["Auto Shields","Skim"],"picked":"Gash","floor":12},{"not_picked":["Steam Power","Chill"],"picked":"Hologram","floor":14},{"not_picked":["Machine Learning","Seek"],"picked":"All For One","floor":16},{"not_picked":["Hologram","Beam Cell","Redo"],"picked":"Singing Bowl","floor":18},{"not_picked":["Storm","Redo+1","Lockon"],"picked":"Singing Bowl","floor":27},{"not_picked":["Coolheaded+1","Compile Driver","Redo+1"],"picked":"Singing Bowl","floor":29},{"not_picked":["Darkness","Fusion"],"picked":"Gash+1","floor":30},{"not_picked":["Rainbow","Buffer"],"picked":"Machine Learning","floor":33},{"not_picked":["Reinforced Body+1","Self Repair+1","Chaos+1"],"picked":"Singing Bowl","floor":35},{"not_picked":["Consume+1","Darkness+1"],"picked":"Go for the Eyes+1","floor":36},{"not_picked":["Rebound","Ball Lightning+1","Compile Driver+1"],"picked":"Singing Bowl","floor":39},{"not_picked":["Conserve Battery+1","Barrage+1"],"picked":"Gash","floor":40},{"not_picked":["Sweeping Beam+1","Compile Driver","Melter+1"],"picked":"Singing Bowl","floor":42},{"not_picked":["Skim+1","Rainbow","Stack"],"picked":"Singing Bowl","floor":44},{"not_picked":["Hologram+1","Ball Lightning+1","Gash+1"],"picked":"Singing Bowl","floor":47},{"not_picked":["Coolheaded","Undo+1","Rebound"],"picked":"Singing Bowl","floor":48}],"player_experience":167664,"potions_floor_usage":[7,10,10,16,16,42,50,50,50],"damage_taken":[{"damage":0,"enemies":"2 Louse","floor":1,"turns":2},{"damage":1,"enemies":"Cultist","floor":5,"turns":3},{"damage":28,"enemies":"Lagavulin","floor":7,"turns":6},{"damage":9,"enemies":"Gremlin Nob","floor":10,"turns":5},{"damage":1,"enemies":"Jaw Worm","floor":12,"turns":3},{"damage":10,"enemies":"Lagavulin","floor":14,"turns":6},{"damage":40,"enemies":"Hexaghost","floor":16,"turns":9},{"damage":0,"enemies":"Shell Parasite","floor":18,"turns":4},{"damage":1,"enemies":"Book of Stabbing","floor":27,"turns":4},{"damage":2,"enemies":"2 Thieves","floor":29,"turns":3},{"damage":8,"enemies":"Snake Plant","floor":30,"turns":4},{"damage":35,"enemies":"Champ","floor":33,"turns":7},{"damage":0,"enemies":"3 Darklings","floor":35,"turns":3},{"damage":0,"enemies":"3 Shapes","floor":36,"turns":2},{"damage":20,"enemies":"Sphere and 2 Shapes","floor":39,"turns":4},{"damage":3,"enemies":"2 Orb Walkers","floor":40,"turns":4},{"damage":22,"enemies":"Nemesis","floor":42,"turns":5},{"damage":8,"enemies":"4 Shapes","floor":44,"turns":3},{"damage":5,"enemies":"Maw","floor":47,"turns":4},{"damage":0,"enemies":"Sphere and 2 Shapes","floor":48,"turns":3},{"damage":0,"enemies":"Awakened One","floor":50,"turns":4}],"relics_obtained":[{"floor":7,"key":"Regal Pillow"},{"floor":9,"key":"Singing Bowl"},{"floor":10,"key":"Gremlin Horn"},{"floor":14,"key":"Blue Candle"},{"floor":26,"key":"Potion Belt"},{"floor":27,"key":"Darkstone Periapt"},{"floor":40,"key":"Dodecahedron"},{"floor":40,"key":"Centennial Puzzle"},{"floor":42,"key":"Bag of Preparation"},{"floor":42,"key":"Blood Vial"},{"floor":43,"key":"Lantern"}],"event_choices":[{"event_name":"Purifier","player_choice":"One Purge","floor":2,"damage_taken":0},{"event_name":"The Lab","player_choice":"Got Potions","floor":3,"damage_taken":0},{"event_name":"Golden Idol","player_choice":"Take Damage","floor":4,"damage_taken":0},{"event_name":"Back to Basics","player_choice":"Elegance","floor":20,"damage_taken":0},{"event_name":"The Library","player_choice":"Read","floor":22,"damage_taken":0},{"event_name":"Ghosts","player_choice":"Ignored","floor":24,"damage_taken":0},{"event_name":"Vampires","player_choice":"Ignored","floor":25,"damage_taken":0},{"event_name":"Forgotten Altar","player_choice":"Gave Idol","floor":31,"damage_taken":0}],"boss_relics":[{"not_picked":["Nuclear Battery","Runic Dome"],"picked":"Pandora\u0027s Box"},{"not_picked":["Philosopher\u0027s Stone","Orrery"],"picked":"Black Star"}],"items_purged_floors":[11,37],"potions_floor_spawned":[7,12,14,30,39,40,42,47],"seed_played":"-1671565747594339618","ascension_level":1,"potions_obtained":[{"floor":3,"key":"Dexterity Potion"},{"floor":3,"key":"SkillPotion"},{"floor":3,"key":"Strength Potion"},{"floor":7,"key":"Fire Potion"},{"floor":12,"key":"Poison Potion"},{"floor":14,"key":"Explosive Potion"},{"floor":30,"key":"Dexterity Potion"},{"floor":39,"key":"Dexterity Potion"},{"floor":40,"key":"Regen Potion"},{"floor":42,"key":"Poison Potion"}],"is_trial":false}