{"gold_per_floor":[15,15,30,44,61,61,388,388,388,418,436,436,121,149,149,250,250,250,250,250,250,175,175,175,175,175,175,175,175,175,16,16,16],"floor_reached":33,"playtime":2385,"items_purged":[],"score":428,"play_id":"2c78bcc8-44f8-4325-9c04-b04cf8b6da51","local_time":"20180720172217","is_ascension_mode":true,"campfire_choices":[{"data":"Zap","floor":6,"key":"SMITH"},{"floor":8,"key":"REST"},{"data":"Capacitor","floor":12,"key":"SMITH"},{"floor":15,"key":"REST"},{"data":"Chill","floor":24,"key":"SMITH"},{"floor":29,"key":"REST"},{"floor":32,"key":"REST"}],"neow_cost":"NO_GOLD","seed_source_timestamp":14581209829033,"circlet_count":0,"master_deck":["Defend_B","Defend_B","Defend_B","Defend_B","Zap+1","Dualcast","Ball Lightning","Chaos","Coolheaded","Cold Snap","Leap","Capacitor+1","Conserve Battery","Cold Snap","Ball Lightning","Barrage","Seek","Chill+1","Leap","Stack+1","Chaos","Core Surge","Tempest","Go for the Eyes"],"relics":["Cracked Core","Old Coin","Cables","Gremlin Horn","Torii","Symbiotic Virus","Ectoplasm","Red Mask","Peace Pipe","The Courier","Matryoshka","Bronze Scales"],"potions_floor_usage":[10,14,16,16,30,30,33],"damage_taken":[{"damage":9,"enemies":"Small Slimes","floor":1,"turns":3},{"damage":0,"enemies":"Cultist","floor":3,"turns":3},{"damage":5,"enemies":"Jaw Worm","floor":4,"turns":3},{"damage":10,"enemies":"Red Slaver","floor":5,"turns":3},{"damage":24,"enemies":"3 Sentries","floor":7,"turns":12},{"damage":13,"enemies":"Lagavulin","floor":10,"turns":6},{"damage":2,"enemies":"Looter","floor":11,"turns":3},{"damage":32,"enemies":"Gremlin Nob","floor":14,"turns":4},{"damage":0,"enemies":"Slime Boss","floor":16,"turns":4},{"damage":13,"enemies":"Shell Parasite","floor":18,"turns":4},{"damage":11,"floor":19,"turns":5},{"damage":0,"enemies":"3 Byrds","floor":20,"turns":4},{"damage":7,"enemies":"Centurion and Healer","floor":21,"turns":7},{"damage":2,"enemies":"Slavers","floor":23,"turns":6},{"damage":10,"enemies":"Cultist and Chosen","floor":25,"turns":7},{"damage":8,"enemies":"Snake Plant","floor":27,"turns":5},{"damage":7,"enemies":"Snecko","floor":28,"turns":6},{"damage":16,"enemies":"Gremlin Leader","floor":30,"turns":7},{"damage":45,"enemies":"Automaton","floor":33,"turns":6}],"seed_played":"-2449275589522791829","potions_obtained":[{"floor":1,"key":"PowerPotion"},{"floor":7,"key":"Regen Potion"},{"floor":10,"key":"PowerPotion"},{"floor":14,"key":"Strength Potion"},{"floor":16,"key":"SpeedPotion"},{"floor":20,"key":"LiquidBronze"},{"floor":21,"key":"PowerPotion"},{"floor":27,"key":"EssenceOfSteel"},{"floor":30,"key":"FearPotion"}],"is_trial":false,"path_per_floor":["M","?","M","M","M","R","E","R","T","E","M","R","$","E","R","B",null,"M","?","M","M","?","E","R","M","T","M","M","R","E","$","R"],"character_chosen":"DEFECT","items_purchased":["Torii","Ball Lightning","Bronze Scales","Go for the Eyes"],"campfire_rested":4,"item_purchase_floors":[13,13,31,31],"current_hp_per_floor":[66,66,66,61,51,51,27,49,49,50,48,48,48,16,38,38,75,62,51,51,44,44,42,42,32,32,24,17,39,23,23,45,0],"gold":16,"neow_bonus":"TRANSFORM_TWO_CARDS","is_prod":false,"is_daily":false,"chose_seed":false,"campfire_upgraded":3,"win_rate":0,"timestamp":1532132537,"path_taken":["M","?","M","M","M","R","E","R","T","E","?","R","$","E","R","BOSS","M","?","M","M","?","E","R","?","T","M","M","R","E","?","R","BOSS"],"build_version":"2018-07-19v2","purchased_purges":0,"victory":false,"max_hp_per_floor":[75,75,75,75,75,75,75,75,75,75,75,75,75,75,75,75,75,75,75,75,75,75,75,75,75,75,75,75,75,75,75,75,75],"card_choices":[{"not_picked":["White Noise","Ball Lightning"],"picked":"Coolheaded","floor":1},{"not_picked":["Steam","Force Field"],"picked":"Cold Snap","floor":3},{"not_picked":["Steam","Rebound","Fusion"],"picked":"SKIP","floor":4},{"not_picked":["Rebound","Beam Cell"],"picked":"Leap","floor":5},{"not_picked":["Darkness","Reboot"],"picked":"Capacitor","floor":7},{"not_picked":["Reinforced Body","Leap"],"picked":"Conserve Battery","floor":10},{"not_picked":["Rebound","Leap"],"picked":"Cold Snap","floor":11},{"not_picked":["Rip and Tear","Tempest"],"picked":"Barrage","floor":14},{"not_picked":["Amplify","All For One"],"picked":"Seek","floor":16},{"not_picked":["Stack","Aggregate"],"picked":"Chill","floor":18},{"not_picked":["Hello World","Hologram"],"picked":"Leap","floor":19},{"not_picked":["Double Energy","Cold Snap","Meteor Strike"],"picked":"SKIP","floor":20},{"not_picked":["Hello World+1","Leap"],"picked":"Stack+1","floor":21},{"not_picked":["Compile Driver","Capacitor","Consume+1"],"picked":"SKIP","floor":23},{"not_picked":["Redo","Rebound+1"],"picked":"Chaos","floor":25},{"not_picked":["Beam Cell","Barrage"],"picked":"Core Surge","floor":27},{"not_picked":["Sunder+1","Barrage"],"picked":"Tempest","floor":28},{"not_picked":["Storm","Coolheaded","Tempest"],"picked":"SKIP","floor":30}],"player_experience":640153,"relics_obtained":[{"floor":7,"key":"Old Coin"},{"floor":9,"key":"Cables"},{"floor":10,"key":"Gremlin Horn"},{"floor":14,"key":"Symbiotic Virus"},{"floor":19,"key":"Red Mask"},{"floor":23,"key":"Peace Pipe"},{"floor":26,"key":"The Courier"},{"floor":30,"key":"Matryoshka"}],"event_choices":[{"event_name":"Bonfire Elementals","player_choice":"BASIC","floor":2,"damage_taken":0},{"event_name":"Masked Bandits","player_choice":"Fought over 250 gold","floor":19,"damage_taken":0},{"event_name":"Beggar","player_choice":"Gave Gold","floor":22,"damage_taken":0}],"is_beta":false,"boss_relics":[{"not_picked":["Orrery","Eternal Feather"],"picked":"Ectoplasm"}],"items_purged_floors":[],"is_endless":false,"potions_floor_spawned":[1,7,10,14,16,20,21,27,30],"killed_by":"Automaton","ascension_level":4}