{"gold_per_floor":[110,110,35,51,70,70,95,107,169,181,225,237,249,277,289,379,391,413,6,16,16,28,28,55,55,55,80,99,99,116,127,127,198,198,210,210,223,223,55,55,86,86,168,168,183,183,33,43,43,43,43],"floor_reached":52,"playtime":4242,"items_purged":["Strike_G","Defend_G"],"score":1786,"play_id":"7e689ad6-3871-4535-ad07-46f06010001a","local_time":"20190416102519","is_ascension_mode":true,"campfire_choices":[{"data":"Skewer","floor":6.0,"key":"SMITH"},{"data":"Cloak And Dagger","floor":8.0,"key":"SMITH"},{"data":"Neutralize","floor":13.0,"key":"SMITH"},{"data":"Deadly Poison","floor":15.0,"key":"SMITH"},{"data":"Neutralize","floor":23.0,"key":"SMITH"},{"data":"Footwork","floor":29.0,"key":"SMITH"},{"data":"Catalyst","floor":32.0,"key":"SMITH"},{"floor":40.0,"key":"REST"},{"floor":44.0,"key":"REST"},{"floor":49.0,"key":"REST"}],"neow_cost":"NONE","seed_source_timestamp":0,"circlet_count":0,"master_deck":["AscendersBane","Defend_G","Defend_G","Defend_G","Defend_G","Survivor","Neutralize+1","Impatience","Backstab","Skewer+1","Neutralize+1","Envenom+1","Backflip","Cloak And Dagger+1","Deadly Poison+1","Backstab+1","Blur+1","Poisoned Stab+1","Footwork+1","Backflip+1","Footwork","Noxious Fumes+1","Dagger Spray","Catalyst+1","Dodge and Roll","A Thousand Cuts+1","Acrobatics+1","PiercingWail","PiercingWail","Dash","Flash of Steel","Thinking Ahead","Well Laid Plans+1"],"special_seed":0,"relics":["Ring of the Snake","MawBank","Oddly Smooth Stone","Happy Flower","Astrolabe","Incense Burner","MutagenicStrength","Frozen Egg 2","The Courier","Ancient Tea Set","Fusion Hammer","OrangePellets","Shuriken","Darkstone Periapt"],"potions_floor_usage":[51,51],"damage_taken":[{"damage":0.0,"enemies":"2 Louse","floor":1.0,"turns":4.0},{"damage":0.0,"enemies":"Cultist","floor":4.0,"turns":3.0},{"damage":0.0,"enemies":"Small Slimes","floor":5.0,"turns":3.0},{"damage":43.0,"enemies":"Gremlin Nob","floor":11.0,"turns":5.0},{"damage":0.0,"enemies":"2 Fungi Beasts","floor":14.0,"turns":2.0},{"damage":8.0,"enemies":"The Guardian","floor":16.0,"turns":9.0},{"damage":0.0,"enemies":"Spheric Guardian","floor":18.0,"turns":1.0},{"damage":1.0,"enemies":"2 Thieves","floor":20.0,"turns":4.0},{"damage":15.0,"enemies":"Chosen and Byrds","floor":22.0,"turns":7.0},{"damage":9.0,"enemies":"Gremlin Leader","floor":24.0,"turns":8.0},{"damage":4.0,"enemies":"Slavers","floor":27.0,"turns":6.0},{"damage":11.0,"enemies":"Shelled Parasite and Fungi","floor":28.0,"turns":8.0},{"damage":0.0,"enemies":"Centurion and Healer","floor":30.0,"turns":5.0},{"damage":0.0,"enemies":"Snecko","floor":31.0,"turns":5.0},{"damage":6.0,"enemies":"Automaton","floor":33.0,"turns":10.0},{"damage":0.0,"enemies":"3 Shapes","floor":35.0,"turns":5.0},{"damage":7.0,"enemies":"3 Darklings","floor":37.0,"turns":5.0},{"damage":53.0,"enemies":"Reptomancer","floor":41.0,"turns":5.0},{"damage":10.0,"enemies":"Maw","floor":45.0,"turns":7.0},{"damage":0.0,"enemies":"Jaw Worm Horde","floor":48.0,"turns":5.0},{"damage":5.0,"enemies":"Awakened One","floor":50.0,"turns":15.0},{"damage":22,"enemies":"Time Eater","floor":51,"turns":13}],"seed_played":"-3340096595891505565","potions_obtained":[{"floor":1.0,"key":"Fruit Juice"},{"floor":14.0,"key":"PowerPotion"},{"floor":16.0,"key":"GamblersBrew"},{"floor":28.0,"key":"AttackPotion"},{"floor":30.0,"key":"GamblersBrew"},{"floor":31.0,"key":"Swift Potion"},{"floor":35.0,"key":"Ancient Potion"},{"floor":37.0,"key":"Strength Potion"}],"is_trial":false,"path_per_floor":["M","?","$","M","M","R","T","R","T","?","E","?","R","M","R","B",null,"M","$","M","?","M","R","E","?","T","E","M","R","M","M","R","B",null,"M","?","M","?","$","R","E","?","T","R","M","?","$","M","R","B","B",null],"character_chosen":"THE_SILENT","items_purchased":["Footwork","Incense Burner","SteroidPotion","OrangePellets","Well Laid Plans+1"],"campfire_rested":3,"item_purchase_floors":[19,19,19,39,47],"current_hp_per_floor":[59,59,59,59,59,59,59,59,59,59,16,9,9,9,9,6,55,55,55,54,54,39,39,30,30,30,26,15,15,15,15,15,9,56,56,56,49,49,49,70,17,17,17,37,27,22,22,22,42,37,15],"gold":43,"neow_bonus":"RANDOM_COLORLESS","is_prod":false,"is_daily":false,"chose_seed":false,"campfire_upgraded":7,"win_rate":0,"timestamp":1555403119,"path_taken":["M","?","$","?","M","R","?","R","T","?","E","?","R","M","R","BOSS","M","$","M","?","M","R","E","?","T","E","M","R","M","M","R","BOSS","M","?","M","?","$","R","E","?","T","R","M","?","$","M","R","BOSS","BOSS"],"build_version":"2019-01-23","purchased_purges":2,"victory":true,"max_hp_per_floor":[66,66,66,66,66,66,66,66,66,66,66,66,66,66,66,71,71,71,71,71,71,71,71,71,71,71,71,71,71,71,71,71,71,71,71,71,71,71,71,71,71,67,67,67,67,67,67,67,67,67,67],"card_choices":[{"not_picked":["Underhanded Strike","Deflect"],"picked":"Backstab","floor":1.0},{"not_picked":["Acrobatics","Underhanded Strike"],"picked":"Backflip","floor":4.0},{"not_picked":["Flying Knee","Dodge and Roll"],"picked":"Cloak And Dagger","floor":5.0},{"not_picked":["Acrobatics","Dodge and Roll","Underhanded Strike"],"picked":"SKIP","floor":11.0},{"not_picked":["Bane","Backflip"],"picked":"Deadly Poison","floor":14.0},{"not_picked":["Underhanded Strike","Dagger Throw"],"picked":"Poisoned Stab+1","floor":18.0},{"not_picked":["Underhanded Strike","Flechettes"],"picked":"Backflip+1","floor":20.0},{"not_picked":["Underhanded Strike","Skewer"],"picked":"Footwork","floor":22.0},{"not_picked":["Infinite Blades","Deflect"],"picked":"Noxious Fumes","floor":24.0},{"not_picked":["Bouncing Flask","Quick Slash"],"picked":"Dagger Spray","floor":27.0},{"not_picked":["Flechettes+1","Tactician"],"picked":"Catalyst","floor":28.0},{"not_picked":["Slice+1","Outmaneuver"],"picked":"Dodge and Roll","floor":30.0},{"not_picked":["Infinite Blades+1","Expertise","Concentrate"],"picked":"SKIP","floor":31.0},{"not_picked":["Infinite Blades+1","Expertise","Concentrate"],"picked":"SKIP","floor":31.0},{"not_picked":["Doppelganger","Envenom+1"],"picked":"A Thousand Cuts+1","floor":33.0},{"not_picked":["Slice+1","Flying Knee"],"picked":"Acrobatics+1","floor":35.0},{"not_picked":["Blur","Poisoned Stab"],"picked":"PiercingWail","floor":37.0},{"not_picked":["Blade Dance","Bane"],"picked":"PiercingWail","floor":41.0},{"not_picked":["Deflect+1","Blade Dance"],"picked":"Dash","floor":45.0},{"not_picked":["HandOfGreed","Deep Breath"],"picked":"Flash of Steel","floor":46.0},{"not_picked":["Trip","Madness"],"picked":"Thinking Ahead","floor":46.0},{"not_picked":["Deflect+1","PiercingWail+1","Dagger Throw"],"picked":"SKIP","floor":48.0}],"player_experience":606800,"relics_obtained":[{"floor":7.0,"key":"MawBank"},{"floor":9.0,"key":"Oddly Smooth Stone"},{"floor":11.0,"key":"Happy Flower"},{"floor":24.0,"key":"Frozen Egg 2"},{"floor":26.0,"key":"The Courier"},{"floor":27.0,"key":"Ancient Tea Set"},{"floor":41.0,"key":"Shuriken"},{"floor":43.0,"key":"Darkstone Periapt"}],"event_choices":[{"damage_healed":0.0,"max_hp_gain":0.0,"max_hp_loss":0.0,"gold_gain":0.0,"event_name":"Match and Keep!","player_choice":"3 cards matched","floor":2.0,"gold_loss":0.0,"damage_taken":0.0,"cards_obtained":["Skewer","Neutralize","Envenom"]},{"damage_healed":0.0,"max_hp_gain":0.0,"max_hp_loss":0.0,"gold_gain":0.0,"event_name":"Living Wall","player_choice":"Grow","floor":10.0,"gold_loss":0.0,"damage_taken":0.0,"cards_upgraded":["Envenom"]},{"cards_removed":["Strike_G"],"damage_healed":0.0,"max_hp_gain":0.0,"max_hp_loss":0.0,"gold_gain":0.0,"event_name":"Golden Wing","player_choice":"Card Removal","floor":12.0,"gold_loss":0.0,"damage_taken":7.0},{"damage_healed":0.0,"max_hp_gain":0.0,"max_hp_loss":0.0,"gold_gain":0.0,"event_name":"Drug Dealer","player_choice":"Inject Mutagens","floor":21.0,"gold_loss":0.0,"damage_taken":0.0,"relics_obtained":["MutagenicStrength"]},{"damage_healed":0.0,"max_hp_gain":0.0,"max_hp_loss":0.0,"gold_gain":0.0,"event_name":"The Mausoleum","player_choice":"Ignored","floor":25.0,"gold_loss":0.0,"damage_taken":0.0},{"damage_healed":0.0,"max_hp_gain":0.0,"max_hp_loss":0.0,"gold_gain":0.0,"event_name":"Tomb of Lord Red Mask","player_choice":"Ignored","floor":36.0,"gold_loss":0.0,"damage_taken":0.0},{"cards_removed":["Blur"],"damage_healed":0.0,"max_hp_gain":0.0,"max_hp_loss":0.0,"gold_gain":0.0,"event_name":"Falling","player_choice":"Removed Skill","floor":38.0,"gold_loss":0.0,"damage_taken":0.0},{"damage_healed":0.0,"max_hp_gain":0.0,"max_hp_loss":4.0,"gold_gain":0.0,"event_name":"Winding Halls","player_choice":"Max HP","floor":42.0,"gold_loss":0.0,"damage_taken":0.0},{"damage_healed":0.0,"max_hp_gain":0.0,"max_hp_loss":0.0,"gold_gain":0.0,"event_name":"SensoryStone","player_choice":"Memory 2","floor":46.0,"gold_loss":0.0,"damage_taken":5.0}],"is_beta":false,"boss_relics":[{"not_picked":["White Beast Statue","Velvet Choker"],"picked":"Astrolabe"},{"not_picked":["Orrery","Coffee Dripper"],"picked":"Fusion Hammer"}],"items_purged_floors":[3,47],"is_endless":false,"potions_floor_spawned":[1,14,16,18,28,30,31,35,37],"ascension_level":20}