{"gold_per_floor":[117,129,129,54,54,54,88,88,88,98,126,136,153,59,59,160,160,172,172,87,104,114,114,146,146,226,257,271,271,24,24,24,119,119,130,130,145,163,63,88,88,88,118,118],"floor_reached":44,"playtime":3040,"items_purged":["Defend_B","Decay"],"score":666,"play_id":"0c2a345a-3373-40d8-a852-1b59ff563ca0","local_time":"20180712114846","is_ascension_mode":true,"campfire_choices":[{"data":"Tempest","floor":6,"key":"SMITH"},{"data":"Dualcast","floor":8,"key":"SMITH"},{"floor":15,"key":"REST"},{"data":"Electrodynamics","floor":23,"key":"SMITH"},{"data":"Barrage","floor":25,"key":"SMITH"},{"floor":29,"key":"REST"},{"floor":32,"key":"REST"},{"data":"Finesse","floor":41,"key":"SMITH"}],"neow_cost":"NONE","seed_source_timestamp":0,"circlet_count":0,"master_deck":["Strike_B","Strike_B","Strike_B","Strike_B","Defend_B","Defend_B","Defend_B","Zap+1","Dualcast+1","Tempest+1","Conserve Battery","Auto Shields","Barrage+1","Sweeping Beam","Finesse+1","Electrodynamics+1","Ghostly","Ghostly","Ghostly","Ghostly","Ghostly","Coolheaded+1","Chill+1","Flash of Steel+1","Multi-Cast+1","Defragment+1","Hologram+1","Writhe"],"special_seed":17724,"relics":["Cracked Core","NeowsBlessing","Cables","Dodecahedron","Letter Opener","Sozu","Pear","Toxic Egg 2","Kunai","Molten Egg 2","Anchor","Philosopher\u0027s Stone","Question Card","Pantograph","Tiny Chest"],"potions_floor_usage":[10,11],"damage_taken":[{"damage":0,"enemies":"Cultist","floor":1,"turns":1},{"damage":0,"enemies":"Small Slimes","floor":2,"turns":1},{"damage":0,"enemies":"Gremlin Nob","floor":7,"turns":1},{"damage":0,"enemies":"2 Louse","floor":10,"turns":1},{"damage":10,"enemies":"Lagavulin","floor":11,"turns":4},{"damage":3,"enemies":"Blue Slaver","floor":12,"turns":2},{"damage":7,"enemies":"2 Fungi Beasts","floor":13,"turns":2},{"damage":42,"enemies":"Hexaghost","floor":16,"turns":8},{"damage":0,"enemies":"3 Byrds","floor":18,"turns":3},{"damage":0,"enemies":"Spheric Guardian","floor":21,"turns":3},{"damage":3,"enemies":"Centurion and Healer","floor":22,"turns":4},{"damage":5,"enemies":"Slavers","floor":24,"turns":4},{"damage":2,"enemies":"Book of Stabbing","floor":27,"turns":5},{"damage":16,"enemies":"Slaver and Parasite","floor":28,"turns":5},{"damage":22,"enemies":"Collector","floor":33,"turns":8},{"damage":0,"enemies":"Orb Walker","floor":35,"turns":2},{"damage":0,"enemies":"3 Darklings","floor":37,"turns":4},{"damage":0,"enemies":"Sphere and 2 Shapes","floor":38,"turns":3},{"damage":0,"enemies":"2 Orb Walkers","floor":40,"turns":4},{"damage":79,"enemies":"Giant Head","floor":44,"turns":7}],"seed_played":"-4311942942209726919","potions_obtained":[{"floor":2,"key":"Swift Potion"},{"floor":7,"key":"AttackPotion"},{"floor":16,"key":"Ancient Potion"}],"is_trial":false,"path_per_floor":["M","M","?","$","?","R","E","R","T","M","E","M","M","$","R","B",null,"M","?","?","M","M","R","E","R","T","E","M","R","$","?","R","B",null,"M","?","M","M","$","E","R","?","T"],"character_chosen":"DEFECT","items_purchased":["Finesse","Anchor","Flash of Steel+1"],"campfire_rested":3,"item_purchase_floors":[14,30,30],"current_hp_per_floor":[75,75,80,80,80,80,80,80,80,80,70,67,60,60,80,38,80,80,40,50,50,47,47,42,42,42,40,24,39,39,39,50,28,50,50,50,50,50,50,50,50,50,50,0],"gold":118,"neow_bonus":"THREE_ENEMY_KILL","is_prod":false,"is_daily":false,"chose_seed":false,"campfire_upgraded":5,"win_rate":0,"timestamp":1531414126,"path_taken":["M","?","?","?","?","R","E","R","T","M","E","?","M","$","R","BOSS","M","?","?","M","M","R","E","R","T","E","M","R","$","?","R","BOSS","M","?","M","M","$","E","R","?","T","E"],"build_version":"2018-07-05","purchased_purges":2,"victory":false,"max_hp_per_floor":[75,75,80,80,80,80,80,80,80,80,80,80,80,80,80,80,80,80,40,50,50,50,50,50,50,50,50,50,50,50,50,50,50,50,50,50,50,50,50,50,50,50,50,50],"card_choices":[{"not_picked":["Steam","Redo"],"picked":"Tempest","floor":1},{"not_picked":["Coolheaded","Hologram"],"picked":"Conserve Battery","floor":2},{"not_picked":["Multi-Cast","Turbo","Redo"],"picked":"SKIP","floor":7},{"not_picked":["Compile Driver","Hello World","Sunder"],"picked":"SKIP","floor":10},{"not_picked":["Reinforced Body","Leap"],"picked":"Auto Shields","floor":11},{"not_picked":["Melter","Cold Snap"],"picked":"Barrage","floor":12},{"not_picked":["Blizzard","Rip and Tear"],"picked":"Sweeping Beam","floor":13},{"not_picked":["Amplify","Rainbow"],"picked":"Electrodynamics","floor":16},{"not_picked":["Streamline","Sweeping Beam+1","Beam Cell"],"picked":"SKIP","floor":18},{"not_picked":["Fusion+1","Stack","Electrodynamics"],"picked":"SKIP","floor":21},{"not_picked":["Ball Lightning+1","Turbo+1"],"picked":"Coolheaded+1","floor":22},{"not_picked":["Compile Driver","Blizzard","Scrape"],"picked":"SKIP","floor":24},{"not_picked":["Compile Driver+1","Hello World"],"picked":"Chill+1","floor":27},{"not_picked":["Fusion+1","Biased Cognition","Compile Driver+1"],"picked":"SKIP","floor":28},{"not_picked":["All For One+1","Rainbow+1"],"picked":"Multi-Cast+1","floor":33},{"not_picked":["Ball Lightning+1","Loop"],"picked":"Defragment+1","floor":35},{"not_picked":["Gash+1","Redo+1","Doom and Gloom+1"],"picked":"Hologram+1","floor":37},{"not_picked":["Streamline+1","Barrage+1","Go for the Eyes+1","Defragment"],"picked":"SKIP","floor":38},{"not_picked":["FTL+1","Barrage+1","Sweeping Beam+1","Double Energy+1"],"picked":"SKIP","floor":40},{"not_picked":["FTL+1","Barrage+1","Sweeping Beam+1","Double Energy+1"],"picked":"SKIP","floor":40}],"player_experience":269048,"relics_obtained":[{"floor":7,"key":"Cables"},{"floor":9,"key":"Dodecahedron"},{"floor":11,"key":"Letter Opener"},{"floor":24,"key":"Toxic Egg 2"},{"floor":26,"key":"Kunai"},{"floor":27,"key":"Molten Egg 2"},{"floor":40,"key":"Pantograph"},{"floor":43,"key":"Tiny Chest"}],"event_choices":[{"event_name":"Big Fish","player_choice":"Donut","floor":3,"damage_taken":0},{"event_name":"Living Wall","player_choice":"Grow","floor":5,"damage_taken":0},{"event_name":"Ghosts","player_choice":"Became a Ghost","floor":19,"damage_taken":0},{"event_name":"Addict","player_choice":"Obtained Relic","floor":20,"damage_taken":0},{"event_name":"Wheel of Change","player_choice":"Curse","floor":31,"damage_taken":0},{"event_name":"Wheel of Change","player_choice":"Relic","floor":36,"damage_taken":0},{"event_name":"Winding Halls","player_choice":"Writhe","floor":42,"damage_taken":0}],"boss_relics":[{"not_picked":["Ectoplasm","Black Star"],"picked":"Sozu"},{"not_picked":["White Beast Statue","Inserter"],"picked":"Philosopher\u0027s Stone"}],"items_purged_floors":[4,39],"is_endless":false,"potions_floor_spawned":[2,7,16,18,22,40],"killed_by":"Giant Head","ascension_level":4}