{"gold_per_floor":[112,37,57,57,107,140,156,156,179,206,223,234,234,253,253,352,352,371,389,465,527,540,568,568,595,595,595,570,570,589,604,604,702,702,713,730,326,340,359,393,393,425,449,499,564,564,593,610,610,610],"floor_reached":51,"playtime":4439,"items_purged":["Strike_R","Offering"],"score":766,"play_id":"a5ff847c-bde2-4e15-888f-1cf2b09157f7","local_time":"20180731021220","is_ascension_mode":false,"campfire_choices":[{"data":"Barricade","floor":8,"key":"SMITH"},{"floor":13,"key":"REST"},{"data":"Body Slam","floor":15,"key":"SMITH"},{"floor":24,"key":"REST"},{"floor":27,"key":"REST"},{"data":"1","floor":29,"key":"LIFT"},{"floor":32,"key":"REST"},{"floor":41,"key":"REST"},{"data":"True Grit","floor":46,"key":"SMITH"},{"floor":49,"key":"REST"}],"neow_cost":"NONE","seed_source_timestamp":1663443029481783,"circlet_count":0,"master_deck":["Strike_R","Strike_R","Strike_R","Defend_R","Defend_R","Defend_R","Defend_R","Bash","Uppercut","Whirlwind","Anger","Barricade+1","Shrug It Off","Uppercut","Body Slam+1","Reaper","Warcry","Fire Breathing","Offering","Disarm","Anger+1","Shrug It Off","Dark Embrace","Pommel Strike+1","Shockwave","Inflame","True Grit+1","Burning Pact+1","Spot Weakness","Battle Trance","Doubt","Metallicize+1","Disarm+1","True Grit+1"],"relics":["Burning Blood","Centennial Puzzle","SsserpentHead","Bronze Scales","Vajra","Kunai","Mark of Pain","Red Mask","Ginger","Charon\u0027s Ashes","Girya","Cursed Key","Pen Nib","Bottled Flame","Anchor","Oddly Smooth Stone","Boot"],"potions_floor_usage":[16,20,23,33,35,39,39,39,42],"damage_taken":[{"damage":0,"enemies":"Small Slimes","floor":1,"turns":4},{"damage":1,"enemies":"Cultist","floor":3,"turns":3},{"damage":38,"enemies":"3 Sentries","floor":6,"turns":7},{"damage":5,"enemies":"Jaw Worm","floor":7,"turns":3},{"damage":30,"enemies":"Lagavulin","floor":10,"turns":6},{"damage":7,"enemies":"Blue Slaver","floor":11,"turns":3},{"damage":12,"enemies":"Exordium Thugs","floor":12,"turns":3},{"damage":4,"enemies":"2 Fungi Beasts","floor":14,"turns":2},{"damage":17,"enemies":"Hexaghost","floor":16,"turns":7},{"damage":10,"enemies":"Shell Parasite","floor":18,"turns":4},{"damage":2,"enemies":"3 Byrds","floor":19,"turns":3},{"damage":34,"floor":20,"turns":5},{"damage":26,"enemies":"Snecko","floor":21,"turns":5},{"damage":9,"enemies":"Centurion and Healer","floor":22,"turns":8},{"damage":60,"enemies":"Slavers","floor":23,"turns":6},{"damage":31,"enemies":"Book of Stabbing","floor":25,"turns":6},{"damage":28,"enemies":"3 Cultists","floor":30,"turns":5},{"damage":4,"enemies":"Cultist and Chosen","floor":31,"turns":6},{"damage":31,"enemies":"Automaton","floor":33,"turns":9},{"damage":26,"enemies":"3 Darklings","floor":35,"turns":4},{"damage":19,"enemies":"3 Shapes","floor":36,"turns":5},{"damage":15,"enemies":"Sphere and 2 Shapes","floor":38,"turns":4},{"damage":40,"enemies":"Flame Bruiser 2 Orb","floor":39,"turns":4},{"damage":26,"enemies":"Giant Head","floor":40,"turns":8},{"damage":46,"enemies":"2 Orb Walkers","floor":42,"turns":5},{"damage":12,"enemies":"Spire Growth","floor":45,"turns":6},{"damage":37,"enemies":"Giant Head","floor":47,"turns":9},{"damage":5,"enemies":"Transient","floor":48,"turns":5},{"damage":35,"enemies":"Time Eater","floor":50,"turns":12}],"seed_played":"-3868188045326838816","potions_obtained":[{"floor":10,"key":"Strength Potion"},{"floor":11,"key":"SneckoOil"},{"floor":16,"key":"Regen Potion"},{"floor":18,"key":"Block Potion"},{"floor":19,"key":"Weak Potion"},{"floor":25,"key":"Weak Potion"},{"floor":30,"key":"Explosive Potion"},{"floor":33,"key":"FearPotion"},{"floor":35,"key":"Regen Potion"},{"floor":36,"key":"Explosive Potion"},{"floor":40,"key":"Fire Potion"},{"floor":48,"key":"Weak Potion"}],"is_trial":false,"path_per_floor":["M","$","M","?","?","E","M","R","T","E","M","M","R","M","R","B",null,"M","M","?","M","M","E","R","E","T","R","?","R","M","M","R","B",null,"M","M","$","M","M","E","R","E","T","?","M","R","E","M","R","B"],"character_chosen":"IRONCLAD","items_purchased":["Shockwave","Inflame","Pen Nib"],"campfire_rested":6,"item_purchase_floors":[37,37,37],"current_hp_per_floor":[80,80,80,80,85,53,54,54,54,30,29,23,48,50,50,39,85,81,85,59,39,46,19,44,23,23,48,48,48,44,52,77,65,85,65,58,58,65,40,20,45,17,17,74,68,68,37,38,60,43],"gold":610,"neow_bonus":"RANDOM_COMMON_RELIC","is_prod":false,"is_daily":false,"chose_seed":false,"campfire_upgraded":3,"win_rate":0,"timestamp":1532995940,"path_taken":["M","$","M","?","?","E","M","R","T","E","M","M","R","M","R","BOSS","M","M","?","?","M","E","R","E","T","R","?","R","M","M","R","BOSS","M","M","$","M","M","E","R","E","T","?","?","R","E","M","R","BOSS"],"build_version":"2018-07-26","purchased_purges":2,"victory":true,"max_hp_per_floor":[80,80,80,80,85,85,85,85,85,85,85,85,85,85,85,85,85,85,85,85,85,85,85,85,85,85,85,85,85,85,85,85,85,85,85,85,85,85,85,85,85,85,85,74,74,74,74,74,74,74],"card_choices":[{"not_picked":["Pommel Strike","Rupture"],"picked":"Uppercut","floor":1},{"not_picked":["Dropkick","Pommel Strike"],"picked":"Whirlwind","floor":3},{"not_picked":["Shrug It Off","Reckless Charge"],"picked":"Anger","floor":6},{"not_picked":["Sword Boomerang","Inflame"],"picked":"Barricade","floor":7},{"not_picked":["Bloodletting","Inflame"],"picked":"Offering","floor":10},{"not_picked":["Wild Strike","Reckless Charge"],"picked":"Shrug It Off","floor":11},{"not_picked":["Flex","Perfected Strike"],"picked":"Uppercut","floor":12},{"not_picked":["Bloodletting","Anger"],"picked":"Body Slam","floor":14},{"not_picked":["Feed","Fiend Fire"],"picked":"Reaper","floor":16},{"not_picked":["Searing Blow","Power Through"],"picked":"Warcry","floor":18},{"not_picked":["Perfected Strike","Blood for Blood","Corruption"],"picked":"SKIP","floor":19},{"not_picked":["Infernal Blade","Warcry+1"],"picked":"Fire Breathing","floor":20},{"not_picked":["Body Slam+1","Dual Wield","Sword Boomerang"],"picked":"SKIP","floor":21},{"not_picked":["Evolve","Body Slam"],"picked":"Offering","floor":22},{"not_picked":["Rupture+1","Cleave+1"],"picked":"Disarm","floor":23},{"not_picked":["Sword Boomerang","Searing Blow"],"picked":"Anger+1","floor":25},{"not_picked":["Whirlwind","Heavy Blade"],"picked":"Shrug It Off","floor":30},{"not_picked":["Body Slam","Wild Strike+1","Clash+1"],"picked":"SKIP","floor":31},{"not_picked":["Offering","Brutality"],"picked":"Dark Embrace","floor":33},{"not_picked":["Thunderclap+1","Headbutt"],"picked":"Pommel Strike+1","floor":35},{"not_picked":["Rage","Headbutt","Power Through"],"picked":"SKIP","floor":36},{"not_picked":["Uppercut+1","Rampage"],"picked":"True Grit","floor":38},{"not_picked":["Clothesline","True Grit"],"picked":"Burning Pact+1","floor":39},{"not_picked":["Carnage","Reckless Charge"],"picked":"Spot Weakness","floor":40},{"not_picked":["Warcry+1","Power Through+1"],"picked":"Battle Trance","floor":42},{"not_picked":["Wild Strike","Anger+1"],"picked":"Metallicize+1","floor":45},{"not_picked":["Sword Boomerang+1","Iron Wave+1"],"picked":"Disarm+1","floor":47},{"not_picked":["Clothesline","Sword Boomerang"],"picked":"True Grit+1","floor":48}],"player_experience":53445,"relics_obtained":[{"floor":6,"key":"Bronze Scales"},{"floor":9,"key":"Vajra"},{"floor":10,"key":"Kunai"},{"floor":20,"key":"Red Mask"},{"floor":23,"key":"Ginger"},{"floor":25,"key":"Charon\u0027s Ashes"},{"floor":26,"key":"Girya"},{"floor":40,"key":"Bottled Flame"},{"floor":42,"key":"Anchor"},{"floor":43,"key":"Oddly Smooth Stone"},{"floor":47,"key":"Boot"}],"event_choices":[{"event_name":"FaceTrader","player_choice":"Trade","floor":4,"damage_taken":0},{"event_name":"Big Fish","player_choice":"Donut","floor":5,"damage_taken":0},{"event_name":"Masked Bandits","player_choice":"Fought over 439 gold","floor":20,"damage_taken":0},{"event_name":"Beggar","player_choice":"Gave Gold","floor":28,"damage_taken":0},{"event_name":"The Moai Head","player_choice":"Heal","floor":44,"damage_taken":0}],"is_beta":false,"boss_relics":[{"not_picked":["Black Blood","Runic Cube"],"picked":"Mark of Pain"},{"not_picked":["Coffee Dripper","Astrolabe"],"picked":"Cursed Key"}],"items_purged_floors":[2,37],"is_endless":false,"potions_floor_spawned":[10,11,16,18,19,25,30,31,33,35,36,40,48],"ascension_level":0}