{"gold_per_floor":[112,112,123,133,133,133,160,179,225,225,225,241,262,276,276,276],"floor_reached":16,"playtime":782,"items_purged":[],"score":104,"play_id":"e1348978-bd52-4166-8f2b-d55cf9077905","local_time":"20190415213811","is_ascension_mode":false,"campfire_choices":[{"data":"Terror","floor":6,"key":"SMITH"},{"data":"Malaise","floor":11,"key":"SMITH"},{"floor":15,"key":"REST"}],"neow_cost":"NONE","seed_source_timestamp":442522023436215,"circlet_count":0,"master_deck":["Defend_G","Defend_G","Defend_G","Strike_G","Strike_G","Strike_G","Strike_G","Strike_G","Survivor","Neutralize","Heel Hook","Dash","Bouncing Flask","Terror+1","Regret","Noxious Fumes","Malaise+1","Well Laid Plans","Choke","Escape Plan"],"relics":["Ring of the Snake","Mummified Hand","PreservedInsect","Pen Nib","Golden Idol"],"potions_floor_usage":[],"damage_taken":[{"damage":2,"enemies":"Small Slimes","floor":1,"turns":5},{"damage":0,"enemies":"2 Louse","floor":3,"turns":2},{"damage":0,"enemies":"Jaw Worm","floor":4,"turns":2},{"damage":13,"enemies":"Gremlin Nob","floor":7,"turns":4},{"damage":0,"enemies":"2 Fungi Beasts","floor":8,"turns":3},{"damage":23,"enemies":"Gremlin Gang","floor":12,"turns":5},{"damage":2,"enemies":"Exordium Thugs","floor":13,"turns":5},{"damage":0,"enemies":"Looter","floor":14,"turns":3},{"damage":18,"enemies":"Slime Boss","floor":16,"turns":7}],"seed_played":"4585755453153633818","potions_obtained":[{"floor":1,"key":"Dexterity Potion"},{"floor":8,"key":"Explosive Potion"},{"floor":13,"key":"Energy Potion"}],"is_trial":false,"path_per_floor":["M","?","M","M","?","R","E","M","T","?","R","M","M","M","R","B"],"character_chosen":"THE_SILENT","items_purchased":[],"campfire_rested":1,"item_purchase_floors":[],"current_hp_per_floor":[68,68,68,68,68,68,55,55,55,38,38,15,13,13,34,16],"gold":276,"neow_bonus":"REMOVE_CARD","is_prod":false,"is_daily":false,"chose_seed":false,"campfire_upgraded":2,"win_rate":0.0,"timestamp":1555378691,"path_taken":["M","?","M","M","?","R","E","M","T","?","R","M","M","M","R","BOSS"],"build_version":"2019-01-23","purchased_purges":0,"victory":false,"max_hp_per_floor":[70,70,70,70,70,70,70,70,70,70,70,70,70,70,70,70],"card_choices":[{"not_picked":["Riddle With Holes","Dagger Spray"],"picked":"Heel Hook","floor":1},{"not_picked":["Outmaneuver","Well Laid Plans"],"picked":"Bouncing Flask","floor":3},{"not_picked":["Outmaneuver","Backflip"],"picked":"Terror","floor":4},{"not_picked":["Endless Agony","Poisoned Stab"],"picked":"Noxious Fumes","floor":7},{"not_picked":["Riddle With Holes","Bane"],"picked":"Malaise","floor":8},{"not_picked":["Dodge and Roll","Prepared"],"picked":"Well Laid Plans","floor":12},{"not_picked":["Prepared","Riddle With Holes"],"picked":"Choke","floor":13},{"not_picked":["Night Terror","Choke"],"picked":"Escape Plan","floor":14}],"player_experience":23761,"relics_obtained":[{"floor":7,"key":"PreservedInsect"},{"floor":9,"key":"Pen Nib"}],"event_choices":[{"damage_healed":0,"gold_gain":0,"cards_transformed":["Defend_G"],"player_choice":"Change","damage_taken":0,"max_hp_gain":0,"max_hp_loss":0,"event_name":"Living Wall","floor":2,"gold_loss":0,"cards_obtained":["Dash"]},{"damage_healed":0,"gold_gain":0,"player_choice":"Box","damage_taken":0,"relics_obtained":["Mummified Hand"],"max_hp_gain":0,"max_hp_loss":0,"event_name":"Big Fish","floor":5,"gold_loss":0,"cards_obtained":["Regret"]},{"damage_healed":0,"gold_gain":0,"player_choice":"Take Damage","damage_taken":17,"relics_obtained":["Golden Idol"],"max_hp_gain":0,"max_hp_loss":0,"event_name":"Golden Idol","floor":10,"gold_loss":0}],"is_beta":false,"boss_relics":[],"items_purged_floors":[],"is_endless":false,"potions_floor_spawned":[1,8,13,14],"killed_by":"Slime Boss","ascension_level":0}