{"path_per_floor":["M","M","?","$","?","M","E","R","T","M","R","T","$","?","R","B",null,"M","?","M","?","M","R","M","E","T","M","$","E","R","E","R","B",null,"M","?","$","M","?","R","E","R","T","M","E","$","M","M","R","B"],"character_chosen":"THE_SILENT","items_purchased":["Vajra","Backflip","Oddly Smooth Stone","Lantern","Finesse","Heel Hook","Dramatic Entrance"],"gold_per_floor":[119,132,307,53,53,67,93,93,175,194,194,217,74,74,74,172,172,159,59,76,76,93,93,111,137,164,184,35,61,61,86,86,188,188,207,207,104,121,121,121,146,146,146,164,190,48,59,70,70,70],"floor_reached":51,"campfire_rested":3,"playtime":4025,"current_hp_per_floor":[61,61,61,61,61,61,51,51,51,37,37,37,37,37,37,29,70,61,61,61,61,54,54,51,36,36,33,33,18,39,36,57,54,70,72,72,72,69,69,69,68,68,68,65,62,62,55,57,72,54],"items_purged":["Doubt"],"gold":70,"score":961,"play_id":"c2825ed7-5775-4e27-94c4-00bb73a2e739","local_time":"20180410135318","is_prod":false,"is_daily":false,"is_ascension_mode":true,"campfire_upgraded":6,"timestamp":1523393598,"path_taken":["M","M","?","$","?","M","E","R","T","?","R","?","?","?","R","BOSS","M","?","?","?","?","R","M","E","T","M","$","E","R","E","R","BOSS","M","?","$","M","?","R","E","R","T","?","E","$","M","M","R","BOSS"],"build_version":"2018-04-05v2","purchased_purges":4,"victory":true,"master_deck":["Defend_G+1","Defend_G+1","Defend_G+1","Defend_G+1","Defend_G+1","Strike_G+1","Strike_G+1","Survivor","Neutralize+1","After Image+1","Dagger Spray","Backflip","Slice","Footwork+1","Dagger Spray","Venomology+1","Tools of the Trade+1","Dagger Throw","J.A.X.+1","Backflip","Quick Slash","Deflect+1","Sucker Punch","Dagger Throw+1","Glass Knife+1","Finesse","Outmaneuver+1","Expertise+1","Terror+1","Backflip+1","Heel Hook+1","Dramatic Entrance+1","Dagger Throw+1","Dagger Throw+1"],"max_hp_per_floor":[70,70,70,70,70,70,70,70,70,70,70,70,70,70,70,70,70,70,70,70,70,70,70,70,70,70,70,70,70,70,70,70,70,70,72,72,72,72,72,72,72,72,72,72,72,72,72,72,72,72],"relics":["Ring of the Snake","Vajra","Pen Nib","Tiny Chest","Art of War","Oddly Smooth Stone","Sozu","Ginger","Singing Bowl","Lantern","Ice Cream","Molten Egg 2","Lizard Tail","Blood Vial","Mercury Hourglass","Gambling Chip","Ancient Tea Set"],"card_choices":[{"not_picked":["Heel Hook","Bane"],"picked":"Dagger Spray","floor":1},{"not_picked":["Underhanded Strike","Bane"],"picked":"Slice","floor":6},{"not_picked":["Flying Knee","After Image"],"picked":"Footwork","floor":7},{"not_picked":["Bane","Outmaneuver"],"picked":"Dagger Spray","floor":10},{"not_picked":["Unload","Bullet Time"],"picked":"Tools of the Trade","floor":16},{"not_picked":["Bane","Deflect"],"picked":"Dagger Throw","floor":18},{"not_picked":["Acrobatics","Flying Knee"],"picked":"Backflip","floor":24},{"not_picked":["Burst","Reflex"],"picked":"Quick Slash","floor":25},{"not_picked":["Backflip","Dodge and Roll"],"picked":"Deflect","floor":27},{"not_picked":["Outmaneuver","Deadly Poison"],"picked":"Sucker Punch","floor":29},{"not_picked":["Cloak And Dagger","Caltrops"],"picked":"Dagger Throw","floor":31},{"not_picked":["Bullet Time","Unload"],"picked":"Glass Knife","floor":33},{"not_picked":["Underhanded Strike","Sucker Punch"],"picked":"Outmaneuver","floor":38},{"not_picked":["Glass Knife","Tools of the Trade"],"picked":"Expertise","floor":41},{"not_picked":["Deflect","Escape Plan"],"picked":"Terror","floor":44},{"not_picked":["Grand Finale","Blur"],"picked":"Backflip","floor":45},{"not_picked":["Reflex","Eviscerate"],"picked":"Dagger Throw","floor":47},{"not_picked":["Deadly Poison","Flying Knee"],"picked":"Dagger Throw","floor":48}],"player_experience":253140,"potions_floor_usage":[7,16],"damage_taken":[{"damage":9,"enemies":"Small Slimes","floor":1,"turns":7},{"damage":0,"enemies":"Cultist","floor":2,"turns":5},{"damage":0,"enemies":"Jaw Worm","floor":6,"turns":4},{"damage":10,"enemies":"Gremlin Nob","floor":7,"turns":4},{"damage":14,"enemies":"Gremlin Gang","floor":10,"turns":3},{"damage":23,"enemies":"The Guardian","floor":16,"turns":16},{"damage":9,"enemies":"2 Thieves","floor":18,"turns":4},{"damage":0,"enemies":"Shell Parasite","floor":20,"turns":9},{"damage":7,"enemies":"Snecko","floor":22,"turns":6},{"damage":3,"enemies":"Snake Plant","floor":24,"turns":5},{"damage":15,"enemies":"Book of Stabbing","floor":25,"turns":6},{"damage":3,"enemies":"Sentry and Sphere","floor":27,"turns":4},{"damage":15,"enemies":"Slavers","floor":29,"turns":6},{"damage":3,"enemies":"Gremlin Leader","floor":31,"turns":6},{"damage":3,"enemies":"Automaton","floor":33,"turns":9},{"damage":0,"enemies":"3 Darklings","floor":35,"turns":4},{"damage":3,"enemies":"Orb Walker","floor":38,"turns":3},{"damage":3,"enemies":"Nemesis","floor":41,"turns":9},{"damage":5,"enemies":"4 Shapes","floor":44,"turns":4},{"damage":5,"enemies":"2 Orb Walkers","floor":45,"turns":4},{"damage":9,"enemies":"3 Darklings","floor":47,"turns":3},{"damage":0,"enemies":"Maw","floor":48,"turns":4},{"damage":18,"enemies":"Donu and Deca","floor":50,"turns":9}],"event_choices":[{"event_name":"Liars Game","player_choice":"agreed","floor":3,"damage_taken":0},{"event_name":"Upgrade Shrine","player_choice":"Upgraded","floor":5,"damage_taken":0},{"event_name":"Transmorgrifier","player_choice":"Transform","floor":14,"damage_taken":0},{"event_name":"Drug Dealer","player_choice":"Got JAXXED","floor":19,"damage_taken":0},{"event_name":"Back to Basics","player_choice":"Simplicity","floor":21,"damage_taken":0},{"event_name":"Accursed Blacksmith","player_choice":"Rummage","floor":36,"damage_taken":0}],"boss_relics":[{"not_picked":["White Beast Statue","Philosopher\u0027s Stone"],"picked":"Sozu"},{"not_picked":["Snecko Eye","Eternal Feather"],"picked":"Lizard Tail"}],"potions_floor_spawned":[2,18,24,27,31,33,38,47],"seed_played":"-7466856944987611622","ascension_level":3,"is_trial":false}