{"gold_per_floor":[119,69,69,69,81,81,6,33,88,104,104,117,144,144,144,144],"floor_reached":16,"playtime":816,"items_purged":["Defend_B"],"score":173,"play_id":"8baa9cd5-9776-4045-acf5-66f6c0943272","local_time":"20190428170836","is_ascension_mode":true,"campfire_choices":[{"data":"Zap","floor":6,"key":"SMITH"},{"floor":11,"key":"RECALL"},{"floor":15,"key":"REST"}],"neow_cost":"NONE","seed_source_timestamp":1549530112102371,"circlet_count":0,"master_deck":["Strike_B","Strike_B","Strike_B","Defend_B","Defend_B","Zap+1","Dualcast+1","Coolheaded","Conserve Battery","Reboot+1"],"relics":["Cracked Core","NeowsBlessing","Darkstone Periapt","Symbiotic Virus","Toxic Egg 2"],"potions_floor_usage":[16],"damage_taken":[{"damage":0,"enemies":"Small Slimes","floor":1,"turns":1},{"damage":0,"enemies":"Jaw Worm","floor":5,"turns":1},{"damage":0,"enemies":"Gremlin Nob","floor":8,"turns":1},{"damage":0,"enemies":"2 Louse","floor":10,"turns":2},{"damage":13,"enemies":"Exordium Thugs","floor":12,"turns":3},{"damage":12,"enemies":"Lagavulin","floor":13,"turns":7},{"damage":43,"enemies":"Hexaghost","floor":16,"turns":11}],"seed_played":"5201279643480500341","potions_obtained":[{"floor":12,"key":"SpeedPotion"}],"is_trial":false,"path_per_floor":["M","?","?","?","M","R","$","E","T","M","R","M","E","?","R","B"],"character_chosen":"DEFECT","items_purchased":[],"campfire_rested":1,"item_purchase_floors":[],"current_hp_per_floor":[68,68,50,43,43,43,43,43,43,43,43,30,18,18,40,0],"gold":144,"neow_bonus":"THREE_ENEMY_KILL","is_prod":false,"is_daily":false,"chose_seed":false,"campfire_upgraded":1,"win_rate":0,"timestamp":1556485716,"path_taken":["M","?","?","?","M","R","$","E","T","M","R","M","E","?","R","BOSS"],"build_version":"2019-01-23","purchased_purges":1,"victory":false,"max_hp_per_floor":[75,75,75,75,75,75,75,75,75,75,75,75,75,75,75,75],"card_choices":[{"not_picked":["Auto Shields","Recycle"],"picked":"Coolheaded","floor":1},{"not_picked":["Cold Snap","Barrage"],"picked":"Conserve Battery","floor":5},{"not_picked":["Stack","Compile Driver","Steam"],"picked":"SKIP","floor":8},{"not_picked":["Sweeping Beam","Steam","Blizzard"],"picked":"SKIP","floor":10},{"not_picked":["Sweeping Beam","Steam","Blizzard"],"picked":"SKIP","floor":10},{"not_picked":["Sweeping Beam","Go for the Eyes","Stack"],"picked":"SKIP","floor":12},{"not_picked":["Conserve Battery","Darkness"],"picked":"Reboot","floor":13}],"player_experience":111093,"relics_obtained":[{"floor":8,"key":"Symbiotic Virus"},{"floor":13,"key":"Toxic Egg 2"}],"event_choices":[{"cards_removed":["Strike_B"],"damage_healed":0,"gold_gain":0,"player_choice":"Card Removal","damage_taken":0,"max_hp_gain":0,"max_hp_loss":0,"event_name":"The Cleric","floor":2,"gold_loss":50},{"damage_healed":0,"gold_gain":0,"player_choice":"Success","damage_taken":18,"relics_obtained":["Darkstone Periapt"],"max_hp_gain":0,"max_hp_loss":0,"event_name":"Scrap Ooze","floor":3,"gold_loss":0},{"cards_removed":["Defend_B"],"damage_healed":0,"gold_gain":0,"player_choice":"Card Removal","damage_taken":7,"max_hp_gain":0,"max_hp_loss":0,"event_name":"Golden Wing","floor":4,"gold_loss":0},{"damage_healed":0,"gold_gain":0,"player_choice":"Forge","damage_taken":0,"max_hp_gain":0,"max_hp_loss":0,"event_name":"Accursed Blacksmith","floor":14,"gold_loss":0,"cards_upgraded":["Dualcast"]}],"is_beta":false,"boss_relics":[],"items_purged_floors":[7],"is_endless":false,"potions_floor_spawned":[12],"killed_by":"Hexaghost","ascension_level":6}