{"gold_per_floor":[115,190,6,6,17,50,68,68,68,68,68,68,98,98,98,172,172,191,27,43,43,43,43,74,91,91,38,88,117,117,132,132,211,211,230,230,245,17,37,67,67,12,12,0,11,111,141,151,151,151],"floor_reached":51,"playtime":5086,"items_purged":["Strike_G","Regret"],"score":1443,"play_id":"31dba2e8-0a91-4ff3-b1bc-0eb0b1ca0e2e","local_time":"20190426184241","is_ascension_mode":true,"campfire_choices":[{"data":"Neutralize","floor":8.0,"key":"SMITH"},{"data":"Outmaneuver","floor":10.0,"key":"SMITH"},{"data":"Infinite Blades","floor":12.0,"key":"SMITH"},{"data":"Dagger Spray","floor":15.0,"key":"SMITH"},{"data":"Well Laid Plans","floor":23.0,"key":"SMITH"},{"data":"Glass Knife","floor":30,"key":"SMITH"},{"data":"Poisoned Stab","floor":32,"key":"SMITH"},{"data":"Footwork","floor":41,"key":"SMITH"},{"data":"Envenom","floor":49,"key":"SMITH"}],"neow_cost":"NONE","seed_source_timestamp":20857343157291,"circlet_count":0,"master_deck":["AscendersBane","Defend_G","Defend_G+1","Defend_G","Defend_G","Defend_G","Survivor","Neutralize+1","Backstab","Infinite Blades+1","Quick Slash","Outmaneuver+1","Dagger Spray+1","Die Die Die","Well Laid Plans+1","Glass Knife+1","Dash","Parasite","Bite","Bite","Bite","Bite","Bite","Calculated Gamble+1","Envenom+1","Acrobatics+1","Poisoned Stab+1","Predator","Corpse Explosion+1","Deflect+1","Footwork+1","Tactician+1","Prepared+1","Outmaneuver+1","Clumsy","Distraction+1","Backflip+1","Terror+1","Parasite","Leg Sweep+1"],"special_seed":0,"relics":["Ring of the Serpent","NeowsBlessing","StoneCalendar","Ice Cream","Vajra","Cursed Key","Toxic Egg 2","Matryoshka","Orichalcum","Oddly Smooth Stone","Ninja Scroll","Potion Belt","Letter Opener","The Courier","Red Mask","Tingsha","Bag of Preparation"],"potions_floor_usage":[29,35,40],"damage_taken":[{"damage":0.0,"enemies":"2 Louse","floor":1.0,"turns":1.0},{"damage":0.0,"enemies":"Small Slimes","floor":5.0,"turns":1.0},{"damage":0.0,"enemies":"3 Sentries","floor":6.0,"turns":1.0},{"damage":7.0,"enemies":"Jaw Worm","floor":7.0,"turns":4.0},{"damage":19.0,"enemies":"Lagavulin","floor":13.0,"turns":7.0},{"damage":26.0,"enemies":"The Guardian","floor":16.0,"turns":11.0},{"damage":3.0,"enemies":"Spheric Guardian","floor":18.0,"turns":3.0},{"damage":1.0,"enemies":"3 Byrds","floor":20.0,"turns":4.0},{"damage":30.0,"enemies":"Book of Stabbing","floor":24.0,"turns":6.0},{"damage":7.0,"enemies":"Snecko","floor":25.0,"turns":4.0},{"damage":0,"enemies":"Gremlin Leader","floor":29,"turns":7},{"damage":17,"enemies":"Centurion and Healer","floor":31,"turns":7},{"damage":55,"enemies":"Champ","floor":33,"turns":14},{"damage":20,"enemies":"3 Darklings","floor":35,"turns":5},{"damage":2,"enemies":"Orb Walker","floor":37,"turns":2},{"damage":1,"enemies":"Sphere and 2 Shapes","floor":39,"turns":3},{"damage":19,"enemies":"Reptomancer","floor":40,"turns":5},{"damage":12,"enemies":"Maw","floor":45,"turns":7},{"damage":12,"enemies":"Mind Bloom Boss Battle","floor":46,"turns":6},{"damage":15,"enemies":"Nemesis","floor":47,"turns":7},{"damage":0,"enemies":"Writhing Mass","floor":48,"turns":6},{"damage":40,"enemies":"Awakened One","floor":50,"turns":13}],"seed_played":"3439733751541355645","potions_obtained":[{"floor":1.0,"key":"EssenceOfSteel"},{"floor":5.0,"key":"Dexterity Potion"},{"floor":16.0,"key":"Explosive Potion"},{"floor":20.0,"key":"SteroidPotion"},{"floor":24.0,"key":"GhostInAJar"},{"floor":33,"key":"Explosive Potion"},{"floor":39,"key":"FearPotion"},{"floor":40,"key":"Ancient Potion"}],"is_trial":false,"path_per_floor":["M","?","$","?","M","E","M","R","T","R","?","R","E","?","R","B",null,"M","$","M","T","?","R","E","M","T","$","?","E","R","M","R","B",null,"M","?","M","$","M","E","R","$","T","?","M","?","E","M","R","B",null],"character_chosen":"THE_SILENT","items_purchased":["Infinite Blades","Quick Slash","Glass Knife","Acrobatics+1","Footwork","Tactician+1","Outmaneuver+1"],"campfire_rested":0,"item_purchase_floors":[3,3,19,27,38,38,42],"current_hp_per_floor":[59,48,48,53,53,53,46,46,46,46,25,25,6,71,71,45,65,62,62,61,61,49,49,31,34,34,34,34,48,48,46,46,13,40,30,30,32,32,35,28,28,28,28,28,34,40,37,45,45,39],"gold":151,"neow_bonus":"THREE_ENEMY_KILL","is_prod":false,"is_daily":false,"chose_seed":false,"campfire_upgraded":9,"win_rate":0,"timestamp":1556322161,"path_taken":["M","?","$","?","?","E","?","R","T","R","?","R","E","?","R","BOSS","BOSS","M","$","M","?","?","R","E","M","T","?","?","E","R","M","R","BOSS","M","?","M","$","M","E","R","$","T","?","M","?","E","M","R","BOSS"],"build_version":"2019-01-23","purchased_purges":2,"victory":true,"max_hp_per_floor":[66,66,66,71,71,71,71,71,71,71,71,71,71,71,71,71,71,71,71,71,71,49,49,49,49,49,49,49,49,49,49,49,49,49,49,47,47,47,47,47,47,47,47,47,47,47,47,47,47,47],"card_choices":[{"not_picked":["Deflect","Flying Knee"],"picked":"Backstab","floor":1.0},{"not_picked":["Deflect","Acrobatics"],"picked":"Outmaneuver","floor":5.0},{"not_picked":["Dagger Throw","Tactician"],"picked":"Dagger Spray","floor":6.0},{"not_picked":["Blade Dance","Storm of Steel","Expertise"],"picked":"SKIP","floor":7.0},{"not_picked":["Accuracy","Quick Slash"],"picked":"Crippling Poison","floor":13.0},{"not_picked":["Glass Knife","Grand Finale"],"picked":"Die Die Die","floor":16.0},{"not_picked":["Sucker Punch","Expertise"],"picked":"Well Laid Plans","floor":18.0},{"not_picked":["Dagger Throw","Deflect+1"],"picked":"Dash","floor":20.0},{"not_picked":["Slice","Dagger Spray"],"picked":"Calculated Gamble+1","floor":24.0},{"not_picked":["Slice","Dagger Spray"],"picked":"Envenom","floor":25.0},{"not_picked":["Quick Slash","Deflect+1"],"picked":"Poisoned Stab","floor":29},{"not_picked":["Slice","Setup+1"],"picked":"Predator","floor":31},{"not_picked":["Glass Knife","Unload"],"picked":"Corpse Explosion+1","floor":33},{"not_picked":["Riddle With Holes","Backstab","Dash+1"],"picked":"SKIP","floor":35},{"not_picked":["Acrobatics+1","Dodge and Roll+1"],"picked":"Deflect+1","floor":37},{"not_picked":["Bane","Backflip+1"],"picked":"Prepared+1","floor":39},{"not_picked":["Dagger Spray","Infinite Blades","Predator+1"],"picked":"SKIP","floor":40},{"not_picked":["Dagger Spray","Underhanded Strike+1"],"picked":"Distraction+1","floor":45},{"not_picked":["Infinite Blades+1","Sucker Punch"],"picked":"Backflip+1","floor":46},{"not_picked":["All Out Attack","Infinite Blades"],"picked":"Terror+1","floor":47},{"not_picked":["Expertise+1","Dagger Spray"],"picked":"Leg Sweep+1","floor":48}],"player_experience":822835,"relics_obtained":[{"floor":6.0,"key":"StoneCalendar"},{"floor":9.0,"key":"Ice Cream"},{"floor":13.0,"key":"Vajra"},{"floor":21.0,"key":"Toxic Egg 2"},{"floor":24.0,"key":"Matryoshka"},{"floor":26.0,"key":"Orichalcum"},{"floor":26.0,"key":"Oddly Smooth Stone"},{"floor":29,"key":"Ninja Scroll"},{"floor":40,"key":"Potion Belt"},{"floor":43,"key":"Letter Opener"},{"floor":43,"key":"The Courier"},{"floor":46,"key":"Tingsha"},{"floor":47,"key":"Bag of Preparation"}],"event_choices":[{"damage_healed":0.0,"max_hp_gain":0.0,"max_hp_loss":0.0,"gold_gain":75.0,"event_name":"World of Goop","player_choice":"Gather Gold","floor":2.0,"gold_loss":0.0,"damage_taken":11.0},{"damage_healed":0.0,"max_hp_gain":5.0,"max_hp_loss":0.0,"gold_gain":0.0,"event_name":"Big Fish","player_choice":"Donut","floor":4.0,"gold_loss":0.0,"damage_taken":0.0},{"damage_healed":0.0,"max_hp_gain":0.0,"max_hp_loss":0.0,"gold_gain":0.0,"event_name":"Shining Light","player_choice":"Entered Light","floor":11.0,"gold_loss":0.0,"damage_taken":21.0,"cards_upgraded":["Strike_G","Defend_G"]},{"cards_removed":["Crippling Poison"],"damage_healed":65.0,"max_hp_gain":0.0,"max_hp_loss":0.0,"gold_gain":0.0,"event_name":"Bonfire Elementals","player_choice":"Offered Uncommon","floor":14.0,"gold_loss":0.0,"damage_taken":0.0},{"damage_healed":0.0,"max_hp_gain":0.0,"max_hp_loss":22.0,"gold_gain":0.0,"event_name":"Vampires","player_choice":"Became a vampire","floor":22.0,"gold_loss":0.0,"damage_taken":0.0,"cards_obtained":["Bite","Bite","Bite","Bite","Bite"]},{"damage_healed":0.0,"max_hp_gain":0.0,"max_hp_loss":0.0,"gold_gain":50.0,"event_name":"Nest","player_choice":"Stole From Cult","floor":28.0,"gold_loss":0.0,"damage_taken":0.0},{"damage_healed":0,"gold_gain":0,"player_choice":"Max HP","damage_taken":0,"max_hp_gain":0,"max_hp_loss":2,"event_name":"Winding Halls","floor":36,"gold_loss":0},{"damage_healed":0,"gold_gain":0,"player_choice":"Paid","damage_taken":0,"relics_obtained":["Red Mask"],"max_hp_gain":0,"max_hp_loss":0,"event_name":"Tomb of Lord Red Mask","floor":44,"gold_loss":12},{"damage_healed":0,"gold_gain":0,"player_choice":"Fight","damage_taken":0,"max_hp_gain":0,"max_hp_loss":0,"event_name":"MindBloom","floor":46,"gold_loss":0}],"is_beta":false,"boss_relics":[{"not_picked":["Velvet Choker","Runic Pyramid"],"picked":"Cursed Key"},{"not_picked":["Busted Crown","WristBlade"],"picked":"Ring of the Serpent"}],"items_purged_floors":[3,38],"is_endless":false,"potions_floor_spawned":[1,5,16,20,24,33,39,40],"ascension_level":16}