{"gold_per_floor":[116,127,127,127,140,165,165,200,200,225,238,238],"floor_reached":12,"playtime":597,"items_purged":[],"score":103,"play_id":"3dcbcb16-9f38-46c2-a0f8-d9b6d94fc14b","local_time":"20190421145009","is_ascension_mode":true,"campfire_choices":[{"data":"Bash","floor":7.0,"key":"SMITH"}],"neow_cost":"CURSE","seed_source_timestamp":14734143268102,"circlet_count":0,"master_deck":["Strike_R","Strike_R","Strike_R","Strike_R","Defend_R","Defend_R","Defend_R","Defend_R","Bash+1","Wild Strike"],"special_seed":0,"relics":["Burning Blood","Ginger","Darkstone Periapt","Bottled Flame","Mercury Hourglass","Art of War"],"potions_floor_usage":[12],"damage_taken":[{"damage":6.0,"enemies":"Cultist","floor":1.0,"turns":3.0},{"damage":2.0,"enemies":"2 Louse","floor":2.0,"turns":2.0},{"damage":12.0,"enemies":"Small Slimes","floor":5.0,"turns":3.0},{"damage":29.0,"enemies":"Gremlin Nob","floor":6.0,"turns":5.0},{"damage":26.0,"enemies":"3 Sentries","floor":8.0,"turns":12.0},{"damage":6.0,"enemies":"Gremlin Nob","floor":10.0,"turns":3.0},{"damage":9,"enemies":"3 Louse","floor":11,"turns":2},{"damage":35,"enemies":"3 Sentries","floor":12,"turns":6}],"seed_played":"-1911489209887740660","potions_obtained":[{"floor":2.0,"key":"Swift Potion"},{"floor":6.0,"key":"Block Potion"},{"floor":10.0,"key":"LiquidBronze"}],"is_trial":false,"path_per_floor":["M","M","?","?","M","E","R","E","T","E","M","E"],"character_chosen":"IRONCLAD","items_purchased":[],"campfire_rested":0,"item_purchase_floors":[],"current_hp_per_floor":[80,80,80,80,74,51,51,31,31,31,28,0],"gold":238,"neow_bonus":"ONE_RARE_RELIC","is_prod":false,"is_daily":false,"chose_seed":false,"campfire_upgraded":1,"win_rate":0,"timestamp":1555876209,"path_taken":["M","M","?","?","M","E","R","E","T","E","M","E"],"build_version":"2019-01-23","purchased_purges":0,"victory":false,"max_hp_per_floor":[80,80,80,80,80,80,80,80,80,80,80,80],"card_choices":[{"not_picked":["True Grit","Headbutt"],"picked":"Wild Strike","floor":1.0},{"not_picked":["Reckless Charge","Body Slam","Iron Wave"],"picked":"SKIP","floor":2.0},{"not_picked":["Bloodletting","Headbutt","Blood for Blood"],"picked":"SKIP","floor":5.0},{"not_picked":["Pummel","Thunderclap","Infernal Blade"],"picked":"SKIP","floor":6.0},{"not_picked":["Wild Strike","Twin Strike","Disarm"],"picked":"SKIP","floor":8.0},{"not_picked":["Clothesline","Searing Blow","Havoc"],"picked":"SKIP","floor":10.0},{"not_picked":["Seeing Red","Reckless Charge","Disarm"],"picked":"SKIP","floor":11}],"player_experience":795925,"relics_obtained":[{"floor":6.0,"key":"Darkstone Periapt"},{"floor":8.0,"key":"Bottled Flame"},{"floor":9.0,"key":"Mercury Hourglass"},{"floor":10.0,"key":"Art of War"}],"event_choices":[{"cards_removed":["Injury"],"damage_healed":0.0,"max_hp_gain":0.0,"max_hp_loss":0.0,"gold_gain":0.0,"event_name":"Living Wall","player_choice":"Forget","floor":3.0,"gold_loss":0.0,"damage_taken":0.0},{"cards_removed":["Strike_R"],"damage_healed":0.0,"max_hp_gain":0.0,"max_hp_loss":0.0,"gold_gain":0.0,"event_name":"Purifier","player_choice":"Purged","floor":4.0,"gold_loss":0.0,"damage_taken":0.0}],"is_beta":false,"boss_relics":[],"items_purged_floors":[],"is_endless":false,"potions_floor_spawned":[2,6,10],"killed_by":"3 Sentries","ascension_level":1}