{"gold_per_floor":[116,116,131,144,154,154,166,176,176,176],"floor_reached":10,"playtime":522,"items_purged":[],"score":118,"play_id":"abfadb1f-d94a-4830-90fe-513cdbfecfd7","local_time":"20190128014959","is_ascension_mode":true,"campfire_choices":[{"data":"Footwork","floor":6.0,"key":"SMITH"}],"neow_cost":"NONE","seed_source_timestamp":34876389365589,"circlet_count":0,"master_deck":["AscendersBane","Defend_G","Defend_G","Defend_G","Defend_G","Defend_G","Strike_G","Strike_G","Strike_G","Strike_G","Survivor","Neutralize+1","Crippling Poison","Blur","Footwork+1","Predator","Cloak And Dagger"],"special_seed":0,"relics":["Ring of the Snake","Thread and Needle"],"potions_floor_usage":[10,10],"damage_taken":[{"damage":0.0,"enemies":"Cultist","floor":1.0,"turns":4.0},{"damage":0.0,"enemies":"Small Slimes","floor":3.0,"turns":5.0},{"damage":8.0,"enemies":"2 Louse","floor":4.0,"turns":3.0},{"damage":10.0,"enemies":"Lots of Slimes","floor":5.0,"turns":4.0},{"damage":10.0,"enemies":"Exordium Wildlife","floor":7.0,"turns":5.0},{"damage":1.0,"enemies":"Blue Slaver","floor":8.0,"turns":5.0},{"damage":32,"enemies":"Gremlin Nob","floor":10,"turns":4}],"seed_played":"-6365242158087218450","potions_obtained":[{"floor":3.0,"key":"SneckoOil"},{"floor":8.0,"key":"SkillPotion"}],"is_trial":false,"path_per_floor":["M","?","M","M","M","R","M","M","T","E"],"character_chosen":"THE_SILENT","items_purchased":[],"campfire_rested":0,"item_purchase_floors":[],"current_hp_per_floor":[59,59,59,51,41,41,31,30,30,0],"gold":176,"neow_bonus":"UPGRADE_CARD","is_prod":false,"is_daily":false,"chose_seed":false,"campfire_upgraded":1,"win_rate":0,"timestamp":1548668999,"path_taken":["M","?","M","M","M","R","M","?","T","E"],"build_version":"2019-01-23","purchased_purges":0,"victory":false,"max_hp_per_floor":[66,66,66,66,66,66,66,66,66,66],"card_choices":[{"not_picked":["Bane","Flying Knee","Quick Slash"],"picked":"SKIP","floor":1.0},{"not_picked":["Sucker Punch","Cloak And Dagger"],"picked":"Crippling Poison","floor":3.0},{"not_picked":["Phantasmal Killer","Concentrate"],"picked":"Blur","floor":4.0},{"not_picked":["Outmaneuver","PiercingWail"],"picked":"Footwork","floor":5.0},{"not_picked":["Acrobatics","Crippling Poison"],"picked":"Predator","floor":7.0},{"not_picked":["Concentrate","Dagger Throw"],"picked":"Cloak And Dagger","floor":8.0}],"player_experience":1172178,"relics_obtained":[{"floor":9.0,"key":"Thread and Needle"}],"event_choices":[{"cards_removed":["Strike_G"],"damage_healed":0.0,"max_hp_gain":0.0,"max_hp_loss":0.0,"gold_gain":0.0,"event_name":"Purifier","player_choice":"Purged","floor":2.0,"gold_loss":0.0,"damage_taken":0.0}],"is_beta":false,"boss_relics":[],"items_purged_floors":[],"is_endless":false,"potions_floor_spawned":[3,8],"killed_by":"Gremlin Nob","ascension_level":18}