{"gold_per_floor":[109,184,203,478,478,478,492,271,322,116,133,165,165,175,175,254,254,265,265,265,276,295,295,308,308,361,361],"floor_reached":27,"playtime":1744,"items_purged":["Strike_B","Defend_B"],"score":434,"play_id":"a39cf533-95d3-4568-bbd3-f5d41ef3f6f4","local_time":"20181013155828","is_ascension_mode":true,"campfire_choices":[{"data":"Regret","floor":6,"key":"PURGE"},{"floor":13,"key":"REST"},{"data":"Zap","floor":15,"key":"SMITH"},{"data":"Dualcast","floor":23,"key":"SMITH"},{"data":"Redo","floor":25,"key":"SMITH"}],"neow_cost":"TEN_PERCENT_HP_LOSS","seed_source_timestamp":161317231939936,"circlet_count":0,"master_deck":["Strike_B","Strike_B","Defend_B","Defend_B","Zap+1","Dualcast+1","AscendersBane","Steam","Tempest","Ball Lightning","Redo+1","Reboot","Lockon","Auto Shields","Compile Driver","Leap","Defragment","Steam","Electrodynamics","Storm","Electrodynamics","Turbo","Scrape","Hologram","White Noise","Loop+1","Conserve Battery","Glacier"],"relics":["Cracked Core","Peace Pipe","Omamori","Vajra","Orrery","Gambling Chip","Centennial Puzzle"],"potions_floor_usage":[12,21,24,27],"damage_taken":[{"damage":8,"enemies":"Jaw Worm","floor":1,"turns":3},{"damage":0,"enemies":"Small Slimes","floor":3,"turns":3},{"damage":0,"enemies":"Cultist","floor":7,"turns":3},{"damage":9,"enemies":"2 Fungi Beasts","floor":11,"turns":3},{"damage":24,"enemies":"Lagavulin","floor":12,"turns":6},{"damage":0,"enemies":"Red Slaver","floor":14,"turns":3},{"damage":0,"enemies":"Slime Boss","floor":16,"turns":5},{"damage":24,"enemies":"2 Thieves","floor":18,"turns":3},{"damage":28,"enemies":"Shell Parasite","floor":21,"turns":5},{"damage":5,"enemies":"Snecko","floor":22,"turns":3},{"damage":1,"enemies":"Centurion and Healer","floor":24,"turns":2},{"damage":24,"enemies":"Book of Stabbing","floor":27,"turns":4}],"seed_played":"-110035844427782917","potions_obtained":[{"floor":7,"key":"GamblersBrew"},{"floor":11,"key":"Dexterity Potion"},{"floor":18,"key":"Poison Potion"},{"floor":22,"key":"Energy Potion"}],"is_trial":false,"path_per_floor":["M","?","M","?","?","R","M","$","T","$","M","E","R","M","R","B",null,"M","?","?","M","M","R","M","R","T"],"character_chosen":"DEFECT","items_purchased":["Lockon","Auto Shields","Compile Driver","Weak Potion"],"campfire_rested":1,"item_purchase_floors":[8,8,10,10],"current_hp_per_floor":[60,49,49,49,37,37,37,37,37,37,28,4,24,24,24,24,57,33,55,55,27,22,22,21,21,21,0],"gold":361,"neow_bonus":"TRANSFORM_TWO_CARDS","is_prod":false,"is_daily":false,"chose_seed":false,"campfire_upgraded":3,"win_rate":0,"timestamp":1539464308,"path_taken":["M","?","M","?","?","R","M","?","T","$","M","E","R","?","R","BOSS","M","?","?","M","M","R","M","R","T","E"],"build_version":"2018-10-11","purchased_purges":2,"victory":false,"max_hp_per_floor":[68,68,68,68,68,68,68,68,68,68,68,68,68,68,68,68,68,68,68,68,68,68,68,68,68,68,68],"card_choices":[{"not_picked":["Hologram","Reinforced Body"],"picked":"Ball Lightning","floor":1},{"not_picked":["Storm","Sweeping Beam"],"picked":"Redo","floor":3},{"not_picked":["Gash","Leap"],"picked":"Reboot","floor":7},{"not_picked":["Reinforced Body","Gash"],"picked":"Leap","floor":11},{"not_picked":["Compile Driver","Go for the Eyes"],"picked":"Defragment","floor":12},{"not_picked":["Ball Lightning","Force Field"],"picked":"Steam","floor":14},{"not_picked":["Seek","Fission"],"picked":"Electrodynamics","floor":16},{"not_picked":["Coolheaded","Double Energy"],"picked":"Storm","floor":17},{"not_picked":["Barrage","Ball Lightning"],"picked":"Electrodynamics","floor":17},{"not_picked":["Ball Lightning","Auto Shields"],"picked":"Turbo","floor":17},{"not_picked":["Hologram","Compile Driver"],"picked":"Scrape","floor":17},{"not_picked":["Redo","Compile Driver"],"picked":"Hologram","floor":17},{"not_picked":["Streamline","Consume"],"picked":"White Noise","floor":18},{"not_picked":["Recycle","Consume"],"picked":"Loop+1","floor":21},{"not_picked":["Skim+1","Turbo"],"picked":"Conserve Battery","floor":22},{"not_picked":["Auto Shields","Ball Lightning"],"picked":"Glacier","floor":24}],"player_experience":427624,"relics_obtained":[{"floor":9,"key":"Omamori"},{"floor":12,"key":"Vajra"},{"floor":26,"key":"Centennial Puzzle"}],"event_choices":[{"event_name":"World of Goop","player_choice":"Gather Gold","floor":2,"damage_taken":0},{"event_name":"Golden Shrine","player_choice":"Desecrate","floor":4,"damage_taken":0},{"event_name":"Scrap Ooze","player_choice":"success","floor":5,"damage_taken":12},{"event_name":"The Library","player_choice":"Heal","floor":19,"damage_taken":0},{"event_name":"The Mausoleum","player_choice":"Yes","floor":20,"damage_taken":0}],"is_beta":false,"boss_relics":[{"not_picked":["White Beast Statue","Runic Pyramid"],"picked":"Orrery"}],"items_purged_floors":[8,10],"is_endless":false,"potions_floor_spawned":[7,11,18,22],"killed_by":"Book of Stabbing","ascension_level":13}