{"gold_per_floor":[112,132,146,165,165,190,190,190,239,253,279,279,297,297,297,371,371,339,339,339],"floor_reached":20,"playtime":860,"items_purged":[],"score":410,"play_id":"0f37964f-3ef0-4421-97fc-750a0a6138e9","local_time":"20181017171643","is_ascension_mode":true,"campfire_choices":[{"floor":7,"key":"REST"},{"data":"Dualcast","floor":12,"key":"SMITH"},{"data":"White Noise","floor":15,"key":"SMITH"}],"neow_cost":"NONE","seed_source_timestamp":14038996663705,"circlet_count":0,"master_deck":["Strike_B","Defend_B","Defend_B","Defend_B","Defend_B","Zap+1","Dualcast+1","AscendersBane","Auto Shields","Coolheaded","White Noise+1","Cold Snap","Capacitor","Capacitor","Regret","Biased Cognition","Conserve Battery","Steam Power"],"relics":["Cracked Core","Oddly Smooth Stone","Sundial","Anchor","Blood Vial","Boot","Sozu"],"potions_floor_usage":[6,16],"damage_taken":[{"damage":6,"enemies":"Jaw Worm","floor":1,"turns":3},{"damage":0,"enemies":"Cultist","floor":2,"turns":3},{"damage":0,"enemies":"Small Slimes","floor":3,"turns":3},{"damage":11,"enemies":"Exordium Wildlife","floor":4,"turns":5},{"damage":30,"enemies":"Gremlin Nob","floor":6,"turns":4},{"damage":0,"enemies":"Lots of Slimes","floor":10,"turns":2},{"damage":14,"enemies":"3 Sentries","floor":11,"turns":11},{"damage":1,"enemies":"2 Fungi Beasts","floor":13,"turns":4},{"damage":11,"enemies":"Hexaghost","floor":16,"turns":15},{"damage":23,"enemies":"2 Thieves","floor":18,"turns":5},{"damage":38,"enemies":"Spheric Guardian","floor":20,"turns":11}],"seed_played":"1810265564613893320","potions_obtained":[{"floor":1,"key":"AttackPotion"},{"floor":2,"key":"FocusPotion"},{"floor":11,"key":"SteroidPotion"},{"floor":13,"key":"Dexterity Potion"}],"is_trial":false,"path_per_floor":["M","M","M","M","?","E","R","?","T","M","E","R","M","?","R","B",null,"M","?"],"character_chosen":"DEFECT","items_purchased":[],"campfire_rested":1,"item_purchase_floors":[],"current_hp_per_floor":[58,58,58,47,47,17,38,38,38,38,24,24,25,25,25,16,57,36,36,0],"gold":339,"neow_bonus":"RANDOM_COMMON_RELIC","is_prod":false,"is_daily":false,"chose_seed":false,"campfire_upgraded":2,"win_rate":0,"timestamp":1539821803,"path_taken":["M","M","M","M","?","E","R","?","T","?","E","R","M","?","R","BOSS","M","?","M"],"build_version":"2018-10-11","purchased_purges":0,"victory":false,"max_hp_per_floor":[71,71,71,71,71,71,71,71,71,71,71,71,71,71,71,71,71,71,71,71],"card_choices":[{"not_picked":["Reinforced Body","Hologram"],"picked":"Auto Shields","floor":1},{"not_picked":["Heatsinks","Rebound"],"picked":"Coolheaded","floor":2},{"not_picked":["Chaos","Rebound"],"picked":"White Noise","floor":3},{"not_picked":["Redo","Compile Driver","Gash"],"picked":"SKIP","floor":4},{"not_picked":["Lockon","Sweeping Beam","Streamline"],"picked":"SKIP","floor":6},{"not_picked":["Conserve Battery","Go for the Eyes"],"picked":"Cold Snap","floor":10},{"not_picked":["Fission","Stack"],"picked":"Capacitor","floor":11},{"not_picked":["Chaos","Reprogram"],"picked":"Capacitor","floor":13},{"not_picked":["Creative AI","Buffer"],"picked":"Biased Cognition","floor":16},{"not_picked":["Redo","Lockon","Turbo+1"],"picked":"SKIP","floor":18}],"player_experience":952662,"relics_obtained":[{"floor":6,"key":"Sundial"},{"floor":9,"key":"Anchor"},{"floor":11,"key":"Blood Vial"}],"event_choices":[{"event_name":"Upgrade Shrine","player_choice":"Upgraded","floor":5,"damage_taken":0},{"event_name":"Living Wall","player_choice":"Forget","floor":8,"damage_taken":0},{"event_name":"Big Fish","player_choice":"Box","floor":14,"damage_taken":0},{"event_name":"Drug Dealer","player_choice":"Became Test Subject","floor":19,"damage_taken":0}],"is_beta":false,"boss_relics":[{"not_picked":["Ectoplasm","Nuclear Battery"],"picked":"Sozu"}],"items_purged_floors":[],"is_endless":false,"potions_floor_spawned":[1,2,11,13,18],"killed_by":"Spheric Guardian","ascension_level":15}