{"gold_per_floor":[119,119,139,64,75,88,88,114,114,114],"floor_reached":10,"playtime":355,"items_purged":["Defend_B"],"score":82,"play_id":"bb114737-7d56-41b5-85ee-48caedb6b562","local_time":"20190423213610","is_ascension_mode":true,"campfire_choices":[{"data":"Zap","floor":7,"key":"SMITH"}],"neow_cost":"PERCENT_DAMAGE","seed_source_timestamp":1134048952700998,"circlet_count":0,"master_deck":["Strike_B","Strike_B","Strike_B","Defend_B","Defend_B","Defend_B","Zap+1","Dualcast","All For One"],"relics":["Cracked Core","Emotion Chip","Bag of Preparation","Bottled Lightning"],"potions_floor_usage":[10,10],"damage_taken":[{"damage":2,"enemies":"Jaw Worm","floor":1,"turns":3},{"damage":1,"enemies":"Cultist","floor":3,"turns":3},{"damage":0,"enemies":"Small Slimes","floor":5,"turns":3},{"damage":5,"enemies":"2 Fungi Beasts","floor":6,"turns":3},{"damage":45,"enemies":"3 Sentries","floor":8,"turns":7},{"damage":1,"enemies":"Lots of Slimes","floor":10,"turns":1}],"seed_played":"-6878782025478621976","potions_obtained":[{"floor":3,"key":"SteroidPotion"},{"floor":5,"key":"Energy Potion"}],"is_trial":false,"path_per_floor":["M","?","M","$","M","M","R","E","T","M"],"character_chosen":"DEFECT","items_purchased":[],"campfire_rested":0,"item_purchase_floors":[],"current_hp_per_floor":[52,52,51,51,51,46,46,1,1,0],"gold":114,"neow_bonus":"ONE_RARE_RELIC","is_prod":false,"is_daily":false,"chose_seed":false,"campfire_upgraded":1,"win_rate":0,"timestamp":1556069770,"path_taken":["M","?","?","$","M","M","R","E","T","M"],"build_version":"2019-01-23","purchased_purges":1,"victory":false,"max_hp_per_floor":[75,75,75,75,75,75,75,75,75,75],"card_choices":[{"not_picked":["Gash","Tempest","Streamline"],"picked":"SKIP","floor":1},{"not_picked":["Ball Lightning","Reprogram","Redo"],"picked":"SKIP","floor":3},{"not_picked":["Leap","Aggregate","Barrage"],"picked":"SKIP","floor":5},{"not_picked":["Auto Shields","Coolheaded"],"picked":"All For One","floor":6},{"not_picked":["Turbo","Gash","Beam Cell"],"picked":"SKIP","floor":8}],"player_experience":95201,"relics_obtained":[{"floor":8,"key":"Bag of Preparation"},{"floor":9,"key":"Bottled Lightning"}],"event_choices":[{"cards_removed":["Strike_B"],"damage_healed":0,"gold_gain":0,"player_choice":"Offered Basic","damage_taken":0,"max_hp_gain":0,"max_hp_loss":0,"event_name":"Bonfire Elementals","floor":2,"gold_loss":0}],"is_beta":false,"boss_relics":[],"items_purged_floors":[4],"is_endless":false,"potions_floor_spawned":[3,5],"killed_by":"Lots of Slimes","ascension_level":4}