{"gold_per_floor":[118,293,293,2,2,2,31,31,31,56,72,104,120,20,20,117,117,131,145,145,145,158,158,170,196,221,221,252,266,1,1,1,104,104,120,139,139,150,37,37,51,51,51,51,61,61,7,7,7,7],"floor_reached":50,"playtime":4560,"items_purged":["Doubt","Regret","Defend_G"],"score":790,"play_id":"b2085263-c8af-48f6-ab9b-64216072b3f5","local_time":"20190129100355","is_ascension_mode":true,"campfire_choices":[{"data":"Footwork","floor":6.0,"key":"SMITH"},{"data":"Neutralize","floor":8.0,"key":"SMITH"},{"data":"Sucker Punch","floor":15.0,"key":"SMITH"},{"data":"Night Terror","floor":23.0,"key":"SMITH"},{"data":"1","floor":27.0,"key":"LIFT"},{"data":"Footwork","floor":32.0,"key":"SMITH"},{"data":"Footwork","floor":40.0,"key":"SMITH"},{"data":"Phantasmal Killer","floor":42.0,"key":"SMITH"},{"data":"2","floor":44.0,"key":"LIFT"},{"data":"3","floor":49.0,"key":"LIFT"}],"neow_cost":"NONE","seed_source_timestamp":0,"circlet_count":0,"master_deck":["Defend_G","Defend_G","Defend_G","Defend_G","Survivor","Neutralize+1","Skewer","Footwork+1","Bandage Up","Quick Slash","Sucker Punch+1","Masterful Stab","Finisher","Dagger Spray","Footwork+1","Night Terror+1","Backflip","Dodge and Roll","Bite","Bite","Bite","Bite","Terror+1","Cloak And Dagger","Infinite Blades","Backflip+1","PiercingWail","Bandage Up","Phantasmal Killer+1","Choke","Acrobatics+1","Madness","Madness","Leg Sweep","Footwork+1","Dagger Throw","Cloak And Dagger+1","PiercingWail","PiercingWail","Flash of Steel"],"special_seed":0,"relics":["Ring of the Snake","NeowsBlessing","Matryoshka","Bag of Preparation","Oddly Smooth Stone","Bottled Lightning","Vajra","Sozu","Strawberry","Girya","Tingsha","Pen Nib","Anchor","Pear","Philosopher\u0027s Stone","Turnip"],"potions_floor_usage":[],"damage_taken":[{"damage":0.0,"enemies":"Jaw Worm","floor":1.0,"turns":1.0},{"damage":0.0,"enemies":"Lagavulin","floor":7.0,"turns":1.0},{"damage":0.0,"enemies":"3 Sentries","floor":10.0,"turns":1.0},{"damage":2.0,"enemies":"Small Slimes","floor":11.0,"turns":5.0},{"damage":10.0,"enemies":"Lagavulin","floor":12.0,"turns":8.0},{"damage":0.0,"enemies":"Cultist","floor":13.0,"turns":2.0},{"damage":0.0,"enemies":"Slime Boss","floor":16.0,"turns":6.0},{"damage":6.0,"enemies":"3 Byrds","floor":18.0,"turns":7.0},{"damage":8.0,"enemies":"2 Thieves","floor":19.0,"turns":2.0},{"damage":10.0,"enemies":"Snake Plant","floor":22.0,"turns":7.0},{"damage":19.0,"enemies":"Cultist and Chosen","floor":24.0,"turns":9.0},{"damage":27.0,"enemies":"Slavers","floor":25.0,"turns":7.0},{"damage":2.0,"enemies":"Gremlin Leader","floor":28.0,"turns":3.0},{"damage":12.0,"enemies":"Shelled Parasite and Fungi","floor":29.0,"turns":5.0},{"damage":16.0,"enemies":"Champ","floor":33.0,"turns":11.0},{"damage":20.0,"enemies":"3 Darklings","floor":35.0,"turns":5.0},{"damage":0.0,"enemies":"3 Shapes","floor":36.0,"turns":6.0},{"damage":34.0,"enemies":"3 Darklings","floor":38.0,"turns":5.0},{"damage":23.0,"enemies":"Transient","floor":41.0,"turns":5.0},{"damage":31.0,"enemies":"Maw","floor":45.0,"turns":7.0},{"damage":56,"enemies":"Time Eater","floor":50,"turns":9}],"seed_played":"-7092235319879836454","potions_obtained":[{"floor":5.0,"key":"Block Potion"},{"floor":5.0,"key":"Weak Potion"},{"floor":5.0,"key":"Energy Potion"},{"floor":10.0,"key":"PowerPotion"}],"is_trial":false,"path_per_floor":["M","?","?","$","?","R","E","R","T","E","M","E","M","$","R","B",null,"M","M","?","T","M","R","M","E","T","R","E","M","$","T","R","B",null,"M","M","?","M","$","R","M","R","T","R","M","?","$","?","R","B"],"character_chosen":"THE_SILENT","items_purchased":["Footwork","Bandage Up","Quick Slash","PiercingWail","Bandage Up","Footwork","Dagger Throw","PiercingWail"],"campfire_rested":0,"item_purchase_floors":[4,4,4,30,30,39,39,47],"current_hp_per_floor":[70,70,70,70,70,70,70,70,70,70,70,64,70,70,70,70,70,68,62,62,69,71,71,74,62,62,62,74,66,66,76,76,82,87,78,87,76,55,55,55,50,50,50,50,41,41,41,41,41,0],"gold":7,"neow_bonus":"THREE_ENEMY_KILL","is_prod":false,"is_daily":false,"chose_seed":false,"campfire_upgraded":7,"win_rate":0,"timestamp":1548752635,"path_taken":["M","?","?","$","?","R","E","R","T","E","M","E","?","$","R","BOSS","M","?","?","?","M","R","M","E","T","R","E","M","$","?","R","BOSS","M","M","?","M","$","R","M","R","T","R","M","?","?","?","R","BOSS"],"build_version":"2019-01-23","purchased_purges":3,"victory":false,"max_hp_per_floor":[70,70,70,70,70,70,70,70,70,70,70,70,70,70,70,70,70,70,70,70,77,77,77,77,77,77,77,77,77,77,87,87,87,87,87,87,87,87,87,87,87,87,87,87,87,87,87,87,87,87],"card_choices":[{"not_picked":["Slice","Deflect"],"picked":"Skewer","floor":1.0},{"not_picked":["Calculated Gamble","Backflip"],"picked":"Sucker Punch","floor":7.0},{"not_picked":["Escape Plan","Skewer"],"picked":"Masterful Stab","floor":10.0},{"not_picked":["Outmaneuver","Underhanded Strike"],"picked":"Finisher","floor":11.0},{"not_picked":["Flying Knee","Quick Slash"],"picked":"Dagger Spray","floor":12.0},{"not_picked":["Terror","Corpse Explosion"],"picked":"Footwork","floor":13.0},{"not_picked":["Venomology","Doppelganger"],"picked":"Night Terror","floor":16.0},{"not_picked":["Deadly Poison","Prepared"],"picked":"Backflip","floor":18.0},{"not_picked":["Finisher","Predator"],"picked":"Dodge and Roll","floor":19.0},{"not_picked":["Reflex","Prepared"],"picked":"Deflect","floor":22.0},{"not_picked":["Skewer","Acrobatics+1"],"picked":"Terror+1","floor":24.0},{"not_picked":["Predator","Backstab+1"],"picked":"Cloak And Dagger","floor":25.0},{"not_picked":["Underhanded Strike+1","Corpse Explosion"],"picked":"Infinite Blades","floor":28.0},{"not_picked":["Flying Knee","Acrobatics"],"picked":"Backflip+1","floor":29.0},{"not_picked":["After Image","Venomology"],"picked":"Phantasmal Killer","floor":33.0},{"not_picked":["Blade Dance+1","Crippling Poison+1"],"picked":"Choke","floor":35.0},{"not_picked":["Dodge and Roll+1","Deadly Poison+1"],"picked":"Acrobatics+1","floor":36.0},{"not_picked":["Finisher","Deflect"],"picked":"Leg Sweep","floor":38.0},{"not_picked":["Backflip","Outmaneuver+1"],"picked":"Cloak And Dagger+1","floor":41.0},{"not_picked":["Slice+1","Unload"],"picked":"PiercingWail","floor":45.0}],"player_experience":159961,"relics_obtained":[{"floor":7.0,"key":"Matryoshka"},{"floor":9.0,"key":"Bag of Preparation"},{"floor":9.0,"key":"Oddly Smooth Stone"},{"floor":10.0,"key":"Bottled Lightning"},{"floor":12.0,"key":"Vajra"},{"floor":21.0,"key":"Strawberry"},{"floor":21.0,"key":"Girya"},{"floor":25.0,"key":"Tingsha"},{"floor":26.0,"key":"Pen Nib"},{"floor":28.0,"key":"Anchor"},{"floor":31.0,"key":"Pear"},{"floor":43.0,"key":"Turnip"}],"event_choices":[{"damage_healed":0.0,"max_hp_gain":0.0,"max_hp_loss":0.0,"gold_gain":175.0,"event_name":"Liars Game","player_choice":"AGREE","floor":2.0,"gold_loss":0.0,"damage_taken":0.0,"cards_obtained":["Doubt"]},{"damage_healed":0.0,"max_hp_gain":0.0,"max_hp_loss":0.0,"gold_gain":0.0,"event_name":"Big Fish","player_choice":"Box","floor":3.0,"gold_loss":0.0,"damage_taken":0.0,"relics_obtained":["Blood Vial"],"cards_obtained":["Regret"]},{"damage_healed":0.0,"max_hp_gain":0.0,"max_hp_loss":0.0,"gold_gain":0.0,"event_name":"Lab","player_choice":"Got Potions","floor":5.0,"gold_loss":0.0,"damage_taken":0.0},{"damage_healed":0.0,"max_hp_gain":0.0,"max_hp_loss":0.0,"gold_gain":0.0,"event_name":"Vampires","player_choice":"Became a vampire (Vial)","floor":20.0,"relics_lost":["Blood Vial"],"gold_loss":0.0,"damage_taken":0.0,"cards_obtained":["Bite","Bite","Bite","Bite","Bite"]},{"damage_healed":0.0,"max_hp_gain":0.0,"max_hp_loss":0.0,"gold_gain":0.0,"event_name":"Winding Halls","player_choice":"Embrace Madness","floor":37.0,"gold_loss":0.0,"damage_taken":11.0,"cards_obtained":["Madness","Madness"]},{"cards_removed":["Deflect"],"damage_healed":0.0,"max_hp_gain":0.0,"max_hp_loss":0.0,"gold_gain":0.0,"event_name":"Falling","player_choice":"Removed Skill","floor":46.0,"gold_loss":0.0,"damage_taken":0.0},{"damage_healed":0.0,"max_hp_gain":0.0,"max_hp_loss":0.0,"gold_gain":0.0,"cards_transformed":["Bite"],"event_name":"Transmorgrifier","player_choice":"Transformed","floor":48.0,"gold_loss":0.0,"damage_taken":0.0,"cards_obtained":["Flash of Steel"]}],"is_beta":false,"boss_relics":[{"not_picked":["Coffee Dripper","Tiny House"],"picked":"Sozu"},{"not_picked":["Runic Dome","Empty Cage"],"picked":"Philosopher\u0027s Stone"}],"items_purged_floors":[4,14,30],"is_endless":false,"potions_floor_spawned":[10,11,18,22,28,41,45],"killed_by":"Time Eater","ascension_level":4}