{"gold_per_floor":[111,125,74,74,93,122,133,208,234,266,266,266,15,29,29,134,134,154,79,79,90,107,107,135,135,135,151,162,162,180,27,27,124,124,138,148,48,60,35,70,70,70,148,148,174,174],"floor_reached":46,"playtime":1980,"items_purged":["Writhe","Regret"],"score":608,"play_id":"bbf8a83e-e416-4195-8645-35753717f0fb","local_time":"20190415234530","is_ascension_mode":false,"campfire_choices":[{"data":"Flex","floor":11,"key":"SMITH"},{"data":"Apotheosis","floor":15,"key":"SMITH"},{"data":"Brutality","floor":23,"key":"SMITH"},{"data":"Rupture","floor":25,"key":"SMITH"},{"floor":32,"key":"REST"},{"floor":41,"key":"REST"}],"neow_cost":"NONE","seed_source_timestamp":448950737732351,"circlet_count":0,"master_deck":["Strike_R","Strike_R","Strike_R+1","Strike_R+1","Defend_R","Defend_R","Defend_R","Defend_R","Bash","Anger","Iron Wave","Twin Strike","Iron Wave","Battle Trance","Flex+1","Carnage+1","Rupture+1","Apotheosis+1","Hemokinesis","Brutality+1","Clothesline+1","Flex","Flex","Rupture+1","Injury","Cleave","Warcry","Flex","Flex+1","Feed","Limit Break","Dropkick","Hemokinesis+1","Anger","Flex","Clash","Shame","Pommel Strike+1"],"relics":["Burning Blood","Pen Nib","Whetstone","PreservedInsect","Oddly Smooth Stone","Cursed Key","Red Skull","Ginger","Gremlin Horn","Black Star","Smiling Mask","Ancient Tea Set","Molten Egg 2","Omamori","Gambling Chip"],"potions_floor_usage":[16,16,33,46,46,46],"damage_taken":[{"damage":2,"enemies":"2 Louse","floor":1,"turns":3},{"damage":6,"enemies":"Jaw Worm","floor":2,"turns":2},{"damage":3,"enemies":"Cultist","floor":5,"turns":3},{"damage":15,"enemies":"3 Sentries","floor":6,"turns":8},{"damage":2,"enemies":"2 Fungi Beasts","floor":7,"turns":3},{"damage":0,"enemies":"Gremlin Nob","floor":10,"turns":2},{"damage":12,"enemies":"Large Slime","floor":14,"turns":3},{"damage":16,"enemies":"Hexaghost","floor":16,"turns":7},{"damage":4,"enemies":"Shell Parasite","floor":18,"turns":2},{"damage":3,"enemies":"Spheric Guardian","floor":21,"turns":2},{"damage":23,"enemies":"Snake Plant","floor":22,"turns":2},{"damage":28,"enemies":"Slavers","floor":24,"turns":4},{"damage":9,"enemies":"3 Cultists","floor":27,"turns":3},{"damage":6,"enemies":"Sentry and Sphere","floor":28,"turns":3},{"damage":16,"enemies":"Snake Plant","floor":30,"turns":2},{"damage":23,"enemies":"Collector","floor":33,"turns":6},{"damage":29,"enemies":"3 Darklings","floor":35,"turns":4},{"damage":8,"enemies":"3 Shapes","floor":36,"turns":3},{"damage":21,"enemies":"Maw","floor":38,"turns":5},{"damage":31,"enemies":"Reptomancer","floor":40,"turns":3},{"damage":39,"enemies":"Giant Head","floor":45,"turns":6},{"damage":40,"enemies":"Jaw Worm Horde","floor":46,"turns":2}],"seed_played":"-6482642253785970178","potions_obtained":[{"floor":2,"key":"Dexterity Potion"},{"floor":7,"key":"SpeedPotion"},{"floor":14,"key":"Block Potion"},{"floor":16,"key":"Explosive Potion"},{"floor":22,"key":"Block Potion"},{"floor":24,"key":"Regen Potion"},{"floor":28,"key":"Strength Potion"},{"floor":35,"key":"GamblersBrew"},{"floor":40,"key":"Poison Potion"}],"is_trial":false,"path_per_floor":["M","M","$","?","M","E","M","?","T","E","R","?","$","M","R","B",null,"M","?","?","M","M","R","E","R","T","M","M","?","M","$","R","B",null,"M","M","$","M","$","E","R","?","T","?","E","M"],"character_chosen":"IRONCLAD","items_purchased":["Twin Strike","Rupture","Apotheosis","Feed","Flex"],"campfire_rested":2,"item_purchase_floors":[3,13,13,31,39],"current_hp_per_floor":[88,88,88,88,88,79,83,72,72,78,78,78,78,72,72,62,88,88,88,88,88,71,71,49,49,49,46,46,46,36,36,62,45,88,69,67,67,56,56,31,59,59,59,59,26,0],"gold":174,"neow_bonus":"TEN_PERCENT_HP_BONUS","is_prod":false,"is_daily":false,"chose_seed":false,"campfire_upgraded":4,"win_rate":0.0,"timestamp":1555386330,"path_taken":["M","M","$","?","M","E","M","?","T","E","R","?","$","M","R","BOSS","M","?","?","M","M","R","E","R","T","M","M","?","M","$","R","BOSS","M","M","$","M","$","E","R","?","T","?","E","?"],"build_version":"2019-01-23","purchased_purges":2,"victory":false,"max_hp_per_floor":[88,88,88,88,88,88,88,88,88,88,88,88,88,88,88,88,88,88,88,88,88,88,88,88,88,88,88,88,88,88,88,88,88,88,92,92,92,96,96,96,96,91,91,91,91,94],"card_choices":[{"not_picked":["Twin Strike","Pommel Strike"],"picked":"Anger","floor":1},{"not_picked":["Headbutt","Clothesline"],"picked":"Iron Wave","floor":2},{"not_picked":["Second Wind","Cleave"],"picked":"Iron Wave","floor":5},{"not_picked":["Shrug It Off","Sword Boomerang"],"picked":"Battle Trance","floor":6},{"not_picked":["Perfected Strike","Thunderclap"],"picked":"Flex","floor":7},{"not_picked":["Sword Boomerang","Offering"],"picked":"Carnage","floor":10},{"not_picked":["Iron Wave","Sever Soul"],"picked":"Hemokinesis","floor":14},{"not_picked":["Fiend Fire","Limit Break"],"picked":"Brutality","floor":16},{"not_picked":["Body Slam","Headbutt"],"picked":"Clothesline+1","floor":18},{"not_picked":["Bloodletting","Battle Trance+1"],"picked":"Flex","floor":21},{"not_picked":["Disarm","Metallicize"],"picked":"Flex","floor":22},{"not_picked":["Berserk","Intimidate"],"picked":"Rupture","floor":24},{"not_picked":["Shrug It Off","Sword Boomerang"],"picked":"Cleave","floor":27},{"not_picked":["True Grit","Headbutt"],"picked":"Warcry","floor":28},{"not_picked":["Headbutt","Disarm"],"picked":"Flex+1","floor":30},{"not_picked":["Demon Form","Double Tap"],"picked":"Limit Break","floor":33},{"not_picked":["Shrug It Off","Warcry+1"],"picked":"Dropkick","floor":35},{"not_picked":["Thunderclap","Sword Boomerang+1"],"picked":"Hemokinesis+1","floor":36},{"not_picked":["Armaments+1","Metallicize+1"],"picked":"Anger","floor":38},{"not_picked":["Anger","Clothesline+1"],"picked":"Clash","floor":40},{"not_picked":["Warcry","Perfected Strike+1"],"picked":"Pommel Strike+1","floor":45}],"player_experience":30041,"relics_obtained":[{"floor":6,"key":"Whetstone"},{"floor":9,"key":"PreservedInsect"},{"floor":10,"key":"Oddly Smooth Stone"},{"floor":24,"key":"Ginger"},{"floor":26,"key":"Gremlin Horn"},{"floor":40,"key":"Smiling Mask"},{"floor":40,"key":"Ancient Tea Set"},{"floor":43,"key":"Molten Egg 2"},{"floor":45,"key":"Omamori"},{"floor":45,"key":"Gambling Chip"}],"event_choices":[{"damage_healed":0,"gold_gain":0,"player_choice":"Box","damage_taken":0,"relics_obtained":["Pen Nib"],"max_hp_gain":0,"max_hp_loss":0,"event_name":"Big Fish","floor":4,"gold_loss":0,"cards_obtained":["Regret"]},{"damage_healed":0,"gold_gain":75,"player_choice":"Gather Gold","damage_taken":11,"max_hp_gain":0,"max_hp_loss":0,"event_name":"World of Goop","floor":8,"gold_loss":0},{"damage_healed":0,"gold_gain":0,"player_choice":"Upgraded","damage_taken":0,"max_hp_gain":0,"max_hp_loss":0,"event_name":"Upgrade Shrine","floor":12,"gold_loss":0,"cards_upgraded":["Carnage"]},{"cards_removed":["Strike_R"],"damage_healed":0,"gold_gain":0,"player_choice":"Gave Gold","damage_taken":0,"max_hp_gain":0,"max_hp_loss":0,"event_name":"Beggar","floor":19,"gold_loss":75},{"damage_healed":0,"gold_gain":0,"player_choice":"Opened","damage_taken":0,"relics_obtained":["Red Skull"],"max_hp_gain":0,"max_hp_loss":0,"event_name":"The Mausoleum","floor":20,"gold_loss":0,"cards_obtained":["Writhe"]},{"damage_healed":0,"gold_gain":0,"player_choice":"Read","damage_taken":0,"max_hp_gain":0,"max_hp_loss":0,"event_name":"The Library","floor":29,"gold_loss":0,"cards_obtained":["Flex"]},{"damage_healed":0,"gold_gain":0,"player_choice":"Max HP","damage_taken":0,"max_hp_gain":0,"max_hp_loss":5,"event_name":"Winding Halls","floor":42,"gold_loss":0},{"damage_healed":0,"gold_gain":0,"player_choice":"Forge","damage_taken":0,"max_hp_gain":0,"max_hp_loss":0,"event_name":"Accursed Blacksmith","floor":44,"gold_loss":0,"cards_upgraded":["Rupture"]}],"is_beta":false,"boss_relics":[{"not_picked":["Runic Dome","Calling Bell"],"picked":"Cursed Key"},{"not_picked":["Busted Crown","Velvet Choker"],"picked":"Black Star"}],"items_purged_floors":[31,37],"is_endless":false,"potions_floor_spawned":[2,7,14,16,22,24,28,30,35,40],"killed_by":"Jaw Worm Horde","ascension_level":0}