{"gold_per_floor":[119,119,129,54,72,72,82,116,139,139,157,157,168,197,197,271,271,283,173,184,200,200,200,231,181,234,28,28],"floor_reached":28,"playtime":1010,"items_purged":[],"score":459,"play_id":"9c4c5034-4182-4e73-9769-adadf12afbd1","local_time":"20180830104239","is_ascension_mode":true,"campfire_choices":[{"data":"Zap","floor":6.0,"key":"SMITH"},{"floor":10.0,"key":"REST"},{"floor":12.0,"key":"REST"},{"floor":15.0,"key":"REST"},{"floor":23.0,"key":"REST"}],"neow_cost":"NONE","seed_source_timestamp":0,"circlet_count":0,"master_deck":["Strike_B","Defend_B+1","Defend_B+1","Defend_B","Zap+1","Dualcast+1","AscendersBane","Melter","Hologram","Defragment","FTL","Ball Lightning","Creative AI","Defragment","Go for the Eyes","Ball Lightning","Electrodynamics","Sunder","Coolheaded","Cold Snap","Force Field"],"special_seed":0,"relics":["Cracked Core","Centennial Puzzle","Art of War","War Paint","Sozu","Pen Nib","Omamori","Blood Vial"],"potions_floor_usage":[28],"damage_taken":[{"damage":5.0,"enemies":"Small Slimes","floor":1.0,"turns":4.0},{"damage":1.0,"enemies":"Cultist","floor":3.0,"turns":3.0},{"damage":0.0,"enemies":"Jaw Worm","floor":5.0,"turns":3.0},{"damage":12.0,"enemies":"Looter","floor":7.0,"turns":3.0},{"damage":12.0,"enemies":"Lagavulin","floor":8.0,"turns":4.0},{"damage":24.0,"enemies":"Gremlin Gang","floor":11.0,"turns":3.0},{"damage":1.0,"enemies":"2 Fungi Beasts","floor":13.0,"turns":2.0},{"damage":15.0,"enemies":"Gremlin Nob","floor":14.0,"turns":4.0},{"damage":25.0,"enemies":"Slime Boss","floor":16.0,"turns":5.0},{"damage":24.0,"enemies":"Shell Parasite","floor":18.0,"turns":5.0},{"damage":5.0,"enemies":"Chosen","floor":20.0,"turns":4.0},{"damage":16.0,"enemies":"3 Cultists","floor":21.0,"turns":3.0},{"damage":18,"enemies":"Gremlin Leader","floor":24,"turns":5},{"damage":23,"enemies":"Slavers","floor":28,"turns":2}],"seed_played":"-3898876746859942701","potions_obtained":[{"floor":1.0,"key":"LiquidBronze"},{"floor":7.0,"key":"PowerPotion"},{"floor":11.0,"key":"Swift Potion"},{"floor":16.0,"key":"Block Potion"}],"is_trial":false,"path_per_floor":["M","?","M","?","M","R","M","E","T","R","M","R","M","E","R","B",null,"M","?","M","M","?","R","E","?","T","$"],"character_chosen":"DEFECT","items_purchased":["Force Field","Blood Vial"],"campfire_rested":4,"item_purchase_floors":[27,27],"current_hp_per_floor":[59,52,51,51,51,51,39,27,27,48,24,45,44,29,50,25,60,36,36,31,15,15,36,18,18,18,18,0],"gold":28,"neow_bonus":"TRANSFORM_CARD","is_prod":false,"is_daily":false,"chose_seed":false,"campfire_upgraded":1,"win_rate":0,"timestamp":1535650959,"path_taken":["M","?","M","?","?","R","M","E","T","R","M","R","M","E","R","BOSS","M","?","M","?","?","R","E","?","T","?","E"],"build_version":"2018-08-23v2","purchased_purges":0,"victory":false,"max_hp_per_floor":[71,71,71,71,71,71,71,71,71,71,71,71,71,71,71,71,71,71,71,71,71,71,71,71,71,71,71,71],"card_choices":[{"not_picked":["Storm","Compile Driver"],"picked":"Hologram","floor":1.0},{"not_picked":["Fusion","Skim"],"picked":"Defragment","floor":3.0},{"not_picked":["Gash","Doom and Gloom"],"picked":"FTL","floor":5.0},{"not_picked":["Gash","Coolheaded"],"picked":"Ball Lightning","floor":7.0},{"not_picked":["Beam Cell","Turbo"],"picked":"Creative AI","floor":8.0},{"not_picked":["Gash","Compile Driver"],"picked":"Defragment","floor":11.0},{"not_picked":["Steam","Ball Lightning"],"picked":"Go for the Eyes","floor":13.0},{"not_picked":["Compile Driver","Stack"],"picked":"Ball Lightning","floor":14.0},{"not_picked":["Seek","Multi-Cast"],"picked":"Electrodynamics","floor":16.0},{"not_picked":["Conserve Battery","Rebound"],"picked":"Sunder","floor":18.0},{"not_picked":["Turbo","Redo"],"picked":"Coolheaded","floor":20.0},{"not_picked":["Double Energy","Compile Driver"],"picked":"Cold Snap","floor":21.0},{"not_picked":["Rainbow","Streamline","Genetic Algorithm"],"picked":"SKIP","floor":24}],"player_experience":816841,"relics_obtained":[{"floor":8.0,"key":"Centennial Puzzle"},{"floor":9.0,"key":"Art of War"},{"floor":14.0,"key":"War Paint"},{"floor":24,"key":"Pen Nib"},{"floor":26,"key":"Omamori"}],"event_choices":[{"event_name":"Golden Wing","player_choice":"Card Removal","floor":2.0,"damage_taken":0.0},{"event_name":"The Cleric","player_choice":"Card Removal","floor":4.0,"damage_taken":0.0},{"event_name":"Designer","player_choice":"Full Service","floor":19.0,"damage_taken":0.0},{"event_name":"Cursed Tome","player_choice":"Ignored","floor":22.0,"damage_taken":0.0},{"event_name":"The Joust","player_choice":"Bet on Murderer","floor":25,"damage_taken":0}],"is_beta":false,"boss_relics":[{"not_picked":["Empty Cage","Inserter"],"picked":"Sozu"}],"items_purged_floors":[],"is_endless":false,"potions_floor_spawned":[1,7,8,11,16,21,24],"killed_by":"Slavers","ascension_level":17}