{"gold_per_floor":[119,129,129,143,153,153,179,196,222,257,272,272,283,303,303,380,380,398,398,412,168,240,240,266,266,289,303,303,317,332,39,39,114,114,128,128,3,58,11,11,11],"floor_reached":41,"playtime":1913,"items_purged":["Strike_R","Strike_R","Warcry+1"],"score":765,"play_id":"c701505c-f669-4da4-a004-2a8b1d965ef1","local_time":"20180817143122","is_ascension_mode":true,"campfire_choices":[{"data":"Thunderclap","floor":6,"key":"SMITH"},{"floor":15,"key":"REST"},{"data":"Bludgeon","floor":23,"key":"SMITH"},{"floor":25,"key":"REST"},{"data":"Disarm","floor":28,"key":"SMITH"},{"floor":32,"key":"REST"},{"floor":40,"key":"REST"}],"neow_cost":"","seed_source_timestamp":5712620295238,"circlet_count":0,"master_deck":["Defend_R","Defend_R","Bash","AscendersBane","Thunderclap+1","Wild Strike+1","Offering","Ghostly Armor","Dropkick","Disarm+1","Dropkick","Pommel Strike","Feed","Spot Weakness","Bludgeon+1","RitualDagger","Battle Trance+1","True Grit","Fire Breathing","Clothesline","Offering","Pommel Strike","Uppercut","Impervious","Armaments+1","Reaper+1","Headbutt+1","Uppercut+1","Blood for Blood","Shrug It Off"],"relics":["Burning Blood","Bottled Flame","Bronze Scales","Whetstone","Sozu","Regal Pillow","Bottled Lightning","Boot","Juzu Bracelet","Astrolabe","Bird Faced Urn"],"potions_floor_usage":[10,10,14,33],"damage_taken":[{"damage":14,"enemies":"Jaw Worm","floor":1,"turns":5},{"damage":1,"enemies":"Cultist","floor":2,"turns":3},{"damage":0,"enemies":"2 Louse","floor":4,"turns":2},{"damage":12,"enemies":"Looter","floor":5,"turns":3},{"damage":37,"enemies":"Gremlin Nob","floor":7,"turns":4},{"damage":13,"enemies":"3 Louse","floor":8,"turns":4},{"damage":19,"enemies":"Lagavulin","floor":10,"turns":5},{"damage":6,"enemies":"2 Fungi Beasts","floor":11,"turns":2},{"damage":6,"enemies":"Exordium Wildlife","floor":13,"turns":2},{"damage":0,"enemies":"3 Louse","floor":14,"turns":1},{"damage":22,"enemies":"Hexaghost","floor":16,"turns":10},{"damage":9,"enemies":"Chosen","floor":18,"turns":2},{"damage":7,"enemies":"3 Byrds","floor":20,"turns":3},{"damage":44,"enemies":"Slavers","floor":24,"turns":5},{"damage":15,"enemies":"Snecko","floor":27,"turns":5},{"damage":13,"enemies":"3 Cultists","floor":29,"turns":4},{"damage":22,"enemies":"Shelled Parasite and Fungi","floor":30,"turns":6},{"damage":70,"enemies":"Automaton","floor":33,"turns":8},{"damage":19,"enemies":"Flame Bruiser 1 Orb","floor":35,"turns":6},{"damage":48,"floor":38,"turns":4},{"damage":99,"enemies":"2 Orb Walkers","floor":41,"turns":5}],"seed_played":"-5219221085244802057","potions_obtained":[{"floor":7,"key":"SteroidPotion"},{"floor":8,"key":"SkillPotion"},{"floor":13,"key":"SteroidPotion"},{"floor":14,"key":"FearPotion"},{"floor":16,"key":"GamblersBrew"}],"is_trial":false,"path_per_floor":["M","M","?","M","M","R","E","M","T","E","M","?","M","M","R","B",null,"M","?","M","$","T","R","E","R","T","M","R","M","M","$","R","B",null,"M","?","$","?","$","R"],"character_chosen":"IRONCLAD","items_purchased":["True Grit","Regal Pillow","Offering","Pommel Strike","Uppercut","Shrug It Off"],"campfire_rested":4,"item_purchase_floors":[21,21,31,31,31,39],"current_hp_per_floor":[60,65,65,71,65,65,34,27,27,14,14,14,17,23,46,33,69,69,63,62,62,62,62,27,68,68,62,62,58,42,42,84,20,75,74,74,74,42,42,85,0],"gold":11,"neow_bonus":"","is_prod":false,"is_daily":false,"chose_seed":false,"campfire_upgraded":3,"win_rate":0,"timestamp":1534541482,"path_taken":["M","M","?","M","M","R","E","M","T","E","M","?","M","M","R","BOSS","M","?","M","$","?","R","E","R","T","M","R","M","M","$","R","BOSS","M","?","$","?","?","R","E"],"build_version":"2018-08-16","purchased_purges":3,"victory":false,"max_hp_per_floor":[75,75,75,75,75,75,75,75,75,75,75,75,78,78,78,81,81,84,84,84,84,84,84,87,87,87,90,90,93,93,93,93,93,93,93,93,93,96,96,96,96],"card_choices":[{"not_picked":["Flex","Warcry"],"picked":"Thunderclap","floor":1},{"not_picked":["Seeing Red","Flex"],"picked":"Wild Strike","floor":2},{"not_picked":["Perfected Strike","Sentinel"],"picked":"Offering","floor":4},{"not_picked":["Burning Pact","True Grit"],"picked":"Ghostly Armor","floor":5},{"not_picked":["Havoc","Warcry"],"picked":"Dropkick","floor":7},{"not_picked":["Feel No Pain","Infernal Blade"],"picked":"Disarm","floor":8},{"not_picked":["Exhume","Body Slam"],"picked":"Dropkick","floor":10},{"not_picked":["Sword Boomerang","Heavy Blade"],"picked":"Pommel Strike","floor":11},{"not_picked":["Sword Boomerang","Heavy Blade","Thunderclap"],"picked":"SKIP","floor":13},{"not_picked":["Wild Strike","Power Through"],"picked":"Spot Weakness","floor":14},{"not_picked":["Fiend Fire","Juggernaut"],"picked":"Bludgeon","floor":16},{"not_picked":["Armaments","Twin Strike"],"picked":"Warcry+1","floor":18},{"not_picked":["Corruption","Armaments"],"picked":"Battle Trance+1","floor":20},{"not_picked":["Wild Strike","Thunderclap"],"picked":"Fire Breathing","floor":24},{"not_picked":["Anger","Clash","Flex"],"picked":"SKIP","floor":27},{"not_picked":["Fire Breathing","Seeing Red","Clash"],"picked":"SKIP","floor":29},{"not_picked":["Armaments+1","Twin Strike"],"picked":"Clothesline","floor":30},{"not_picked":["Juggernaut","Barricade"],"picked":"Impervious","floor":33},{"not_picked":["Pommel Strike+1","Carnage"],"picked":"Uppercut+1","floor":35},{"not_picked":["Sword Boomerang","Twin Strike"],"picked":"Blood for Blood","floor":38}],"player_experience":765835,"relics_obtained":[{"floor":7,"key":"Bottled Flame"},{"floor":9,"key":"Bronze Scales"},{"floor":10,"key":"Whetstone"},{"floor":22,"key":"Bottled Lightning"},{"floor":24,"key":"Boot"},{"floor":26,"key":"Juzu Bracelet"},{"floor":38,"key":"Bird Faced Urn"}],"event_choices":[{"event_name":"Purifier","player_choice":"One Purge","floor":3,"damage_taken":0},{"event_name":"Living Wall","player_choice":"Change","floor":12,"damage_taken":0},{"event_name":"Nest","player_choice":"Joined the Cult","floor":19,"damage_taken":0},{"event_name":"SensoryStone","player_choice":"Memory 1","floor":36,"damage_taken":0},{"event_name":"Mysterious Sphere","player_choice":"Fight","floor":38,"damage_taken":0}],"is_beta":false,"boss_relics":[{"not_picked":["Lizard Tail","Orrery"],"picked":"Sozu"},{"not_picked":["Black Star","Coffee Dripper"],"picked":"Astrolabe"}],"items_purged_floors":[21,31,37],"is_endless":false,"potions_floor_spawned":[7,8,13,14,16,20,30,33,35],"killed_by":"2 Orb Walkers","ascension_level":15}