{"gold_per_floor":[368,15,35,47,65,127,145,145,198,225,259,32,32,44,44,146,146,163,180,180,480,492,492],"floor_reached":23,"playtime":2873,"items_purged":["Defend_G"],"score":258,"play_id":"8b80cf87-547e-4d3c-a26e-d76d1d09af50","local_time":"20180712134647","is_ascension_mode":true,"campfire_choices":[{"floor":8,"key":"REST"},{"data":"Noxious Fumes","floor":15,"key":"SMITH"}],"neow_cost":"TEN_PERCENT_HP_LOSS","seed_source_timestamp":8408992382159,"circlet_count":0,"master_deck":["Defend_G","Defend_G","Defend_G","Defend_G","Strike_G","Strike_G","Survivor","Neutralize","Dodge and Roll","Noxious Fumes+1","Flying Knee","Blur","Unload","Backflip","Dagger Throw","Leg Sweep","Unload","Adrenaline","Doppelganger+1","Crippling Poison+1","Flying Knee+1","Dagger Throw+1"],"relics":["Ring of the Snake","Toolbox","Tiny Chest","Juzu Bracelet","Odd Mushroom","Tough Bandages","Lee\u0027s Waffle","Astrolabe","Old Coin"],"potions_floor_usage":[6,11,18,23],"damage_taken":[{"damage":1,"enemies":"Cultist","floor":1,"turns":4},{"damage":3,"enemies":"Small Slimes","floor":3,"turns":4},{"damage":2,"enemies":"2 Louse","floor":4,"turns":2},{"damage":0,"enemies":"Blue Slaver","floor":5,"turns":6},{"damage":24,"enemies":"Gremlin Nob","floor":6,"turns":5},{"damage":22,"enemies":"Lots of Slimes","floor":7,"turns":5},{"damage":4,"floor":10,"turns":5},{"damage":19,"enemies":"Lagavulin","floor":11,"turns":7},{"damage":2,"enemies":"Looter","floor":14,"turns":4},{"damage":33,"enemies":"The Guardian","floor":16,"turns":14},{"damage":12,"enemies":"3 Byrds","floor":18,"turns":4},{"damage":6,"enemies":"Spheric Guardian","floor":19,"turns":5},{"damage":14,"enemies":"Centurion and Healer","floor":22,"turns":6},{"damage":33,"enemies":"Book of Stabbing","floor":23,"turns":7}],"seed_played":"-2617135294507342835","potions_obtained":[{"floor":1,"key":"Swift Potion"},{"floor":7,"key":"SteroidPotion"},{"floor":10,"key":"GhostInAJar"},{"floor":14,"key":"LiquidBronze"},{"floor":22,"key":"Swift Potion"}],"is_trial":false,"path_per_floor":["M","$","M","M","M","E","M","R","T","?","E","$","?","M","R","B",null,"M","M","?","T","M"],"character_chosen":"THE_SILENT","items_purchased":["Toolbox","Noxious Fumes","Lee\u0027s Waffle","Leg Sweep"],"campfire_rested":1,"item_purchase_floors":[2,2,12,12],"current_hp_per_floor":[62,62,59,57,57,33,11,29,29,25,6,70,63,61,61,28,70,58,52,39,39,25,0],"gold":492,"neow_bonus":"TWO_FIFTY_GOLD","is_prod":false,"is_daily":false,"chose_seed":false,"campfire_upgraded":1,"win_rate":0,"timestamp":1531421207,"path_taken":["M","$","M","M","?","E","M","R","T","?","E","$","?","M","R","BOSS","M","M","?","?","M","E"],"build_version":"2018-07-05","purchased_purges":1,"victory":false,"max_hp_per_floor":[63,63,63,63,63,63,63,63,63,63,63,70,70,70,70,70,70,70,70,75,75,75,75],"card_choices":[{"not_picked":["Dash","Poisoned Stab"],"picked":"Dodge and Roll","floor":1},{"not_picked":["Sucker Punch","Setup"],"picked":"Flying Knee","floor":3},{"not_picked":["Underhanded Strike","Flying Knee"],"picked":"Blur","floor":4},{"not_picked":["Terror","Flying Knee","Slice"],"picked":"SKIP","floor":5},{"not_picked":["Cloak And Dagger","Prepared","Bane"],"picked":"SKIP","floor":6},{"not_picked":["Caltrops","Dagger Throw"],"picked":"Unload","floor":7},{"not_picked":["Outmaneuver","Dodge and Roll"],"picked":"Backflip","floor":10},{"not_picked":["Distraction","Underhanded Strike"],"picked":"Dagger Throw","floor":11},{"not_picked":["Dagger Throw","Blur"],"picked":"Unload","floor":14},{"not_picked":["A Thousand Cuts","Die Die Die"],"picked":"Adrenaline","floor":16},{"not_picked":["PiercingWail","Poisoned Stab+1"],"picked":"Dagger Throw+1","floor":18},{"not_picked":["Finisher","Quick Slash","Distraction"],"picked":"SKIP","floor":19},{"not_picked":["Dagger Spray","Finisher","Backflip"],"picked":"SKIP","floor":22}],"player_experience":272088,"relics_obtained":[{"floor":6,"key":"Tiny Chest"},{"floor":9,"key":"Juzu Bracelet"},{"floor":10,"key":"Odd Mushroom"},{"floor":11,"key":"Tough Bandages"},{"floor":21,"key":"Old Coin"}],"event_choices":[{"event_name":"Mushrooms","player_choice":"Fought Mushrooms","floor":10,"damage_taken":0},{"event_name":"Wheel of Change","player_choice":"Damage","floor":13,"damage_taken":0},{"event_name":"Forgotten Altar","player_choice":"Shed Blood","floor":20,"damage_taken":0}],"boss_relics":[{"not_picked":["Runic Dome","Coffee Dripper"],"picked":"Astrolabe"}],"items_purged_floors":[2],"is_endless":false,"potions_floor_spawned":[1,7,10,14,22],"killed_by":"Book of Stabbing","ascension_level":3}