{"gold_per_floor":[144,159,174,31,46,46,61,61,111,111,126,126,141,141,141,241,241,256,271,286,301,316,316,346,373,385,397,109,124,224,239,239,339,389,404,419,434,434,55,70,70,85,135,150,150,150,0,15,15,15],"floor_reached":51,"playtime":2993,"items_purged":["Brutality","Barricade"],"score":769,"play_id":"036e5982-8b8f-4d7f-a725-dcefbded8a0c","local_time":"20180929114541","daily_mods":["Shiny","Vintage","Careless"],"is_ascension_mode":false,"campfire_choices":[{"data":"Double Tap","floor":6,"key":"SMITH"},{"floor":8,"key":"REST"},{"data":"Limit Break","floor":10,"key":"SMITH"},{"data":"Offering","floor":15,"key":"SMITH"},{"data":"Demon Form","floor":23,"key":"SMITH"},{"data":"Bludgeon","floor":27,"key":"SMITH"},{"data":"Impervious","floor":32,"key":"SMITH"},{"data":"Anger","floor":46,"key":"SMITH"},{"data":"Berserk","floor":49,"key":"SMITH"}],"neow_cost":"","seed_source_timestamp":0,"circlet_count":0,"master_deck":["Double Tap+1","Demon Form+1","Bludgeon+1","Feed","Limit Break+1","Fiend Fire+1","Dark Embrace+1","Berserk+1","Impervious+1","Juggernaut","Reaper","Exhume+1","Offering+1","Immolate","Rampage+1","Demon Form+1","Anger+1","Reaper","Ghostly Armor+1","Reaper"],"special_seed":17803,"relics":["Burning Blood","Tiny Chest","Incense Burner","Kunai","Centennial Puzzle","Mango","Whetstone","Oddly Smooth Stone","Paper Frog","Bag of Preparation","Busted Crown","Pantograph","Boot","Meat on the Bone","Red Skull","Mummified Hand","MawBank","Anchor","Matryoshka","DollysMirror","Singing Bowl","Question Card","Pocketwatch","Bronze Scales","Bottled Tornado","Tiny House","FossilizedHelix","Vajra","Pear","Thread and Needle","War Paint","Bag of Marbles","Omamori","Juzu Bracelet","Ice Cream","The Courier","Sundial","Red Mask","Smiling Mask"],"potions_floor_usage":[16,16,21,24,50,50,50],"damage_taken":[{"damage":0,"enemies":"Small Slimes","floor":1,"turns":1},{"damage":0,"enemies":"Cultist","floor":2,"turns":2},{"damage":17,"enemies":"Jaw Worm","floor":3,"turns":2},{"damage":19,"enemies":"2 Fungi Beasts","floor":5,"turns":3},{"damage":0,"enemies":"Large Slime","floor":7,"turns":4},{"damage":6,"enemies":"Exordium Thugs","floor":11,"turns":2},{"damage":0,"enemies":"Lots of Slimes","floor":13,"turns":1},{"damage":83,"enemies":"Hexaghost","floor":16,"turns":8},{"damage":6,"enemies":"Spheric Guardian","floor":18,"turns":2},{"damage":19,"enemies":"3 Byrds","floor":19,"turns":4},{"damage":16,"enemies":"Cultist and Chosen","floor":20,"turns":3},{"damage":1,"enemies":"Snake Plant","floor":21,"turns":3},{"damage":6,"enemies":"Centurion and Healer","floor":22,"turns":3},{"damage":29,"enemies":"Book of Stabbing","floor":24,"turns":4},{"damage":6,"enemies":"Snecko","floor":25,"turns":2},{"damage":6,"enemies":"Cultist and Chosen","floor":29,"turns":4},{"damage":0,"enemies":"Colosseum Slavers","floor":30,"turns":2},{"damage":1,"enemies":"Colosseum Nobs","floor":30,"turns":3},{"damage":27,"enemies":"Shelled Parasite and Fungi","floor":31,"turns":3},{"damage":40,"enemies":"Champ","floor":33,"turns":6},{"damage":6,"enemies":"Orb Walker","floor":35,"turns":2},{"damage":8,"enemies":"3 Darklings","floor":36,"turns":3},{"damage":0,"enemies":"Spire Growth","floor":37,"turns":3},{"damage":2,"enemies":"4 Shapes","floor":40,"turns":1},{"damage":0,"enemies":"Reptomancer","floor":42,"turns":3},{"damage":16,"enemies":"Maw","floor":44,"turns":6},{"damage":2,"enemies":"Transient","floor":48,"turns":5},{"damage":105,"enemies":"Awakened One","floor":50,"turns":7}],"seed_played":"5914657231768522492","potions_obtained":[{"floor":2,"key":"Fire Potion"},{"floor":7,"key":"Strength Potion"},{"floor":11,"key":"Energy Potion"},{"floor":16,"key":"Strength Potion"},{"floor":19,"key":"Dexterity Potion"},{"floor":21,"key":"SteroidPotion"},{"floor":22,"key":"PowerPotion"},{"floor":31,"key":"Block Potion"}],"is_trial":false,"path_per_floor":["M","M","M","$","M","R","M","R","T","R","M","?","M","?","R","B",null,"M","M","M","M","M","R","E","M","T","R","$","M","?","M","R","B",null,"M","M","M","?","$","M","$","M","T","M","T","R","?","M","R","B"],"character_chosen":"IRONCLAD","items_purchased":["Rampage","DollysMirror","Thread and Needle","Reaper"],"campfire_rested":1,"item_purchase_floors":[4,28,39,39],"current_hp_per_floor":[80,80,69,69,75,75,95,97,97,97,97,97,97,97,97,28,97,97,87,77,82,98,98,90,90,90,90,90,100,100,79,79,102,109,109,107,119,113,113,113,113,113,113,113,113,113,113,113,113,53],"gold":15,"neow_bonus":"","is_prod":false,"is_daily":true,"chose_seed":false,"campfire_upgraded":8,"win_rate":0,"timestamp":1538214341,"path_taken":["M","M","M","$","M","R","M","R","T","R","M","?","M","?","R","BOSS","M","M","M","M","M","R","E","M","T","R","$","M","?","M","R","BOSS","M","M","M","?","$","M","?","M","T","M","?","R","?","M","R","BOSS"],"build_version":"2018-09-27","purchased_purges":2,"victory":true,"max_hp_per_floor":[80,80,80,80,83,83,97,97,97,97,97,97,97,97,97,97,97,97,100,100,100,100,100,100,100,100,100,100,100,100,100,100,102,109,109,109,119,113,113,113,113,113,113,113,113,113,113,113,113,116],"card_choices":[{"not_picked":["Impervious","Feed"],"picked":"Demon Form","floor":16},{"not_picked":[],"picked":"Anger","floor":24},{"not_picked":[],"picked":"Ghostly Armor","floor":30},{"not_picked":["Barricade","Fiend Fire"],"picked":"Singing Bowl","floor":33},{"not_picked":["Evolve","Havoc+1"],"picked":"Singing Bowl","floor":34}],"player_experience":108089,"relics_obtained":[{"floor":1,"key":"Tiny Chest"},{"floor":2,"key":"Incense Burner"},{"floor":3,"key":"Kunai"},{"floor":5,"key":"Centennial Puzzle"},{"floor":7,"key":"Mango"},{"floor":9,"key":"Whetstone"},{"floor":11,"key":"Oddly Smooth Stone"},{"floor":13,"key":"Paper Frog"},{"floor":16,"key":"Bag of Preparation"},{"floor":18,"key":"Pantograph"},{"floor":19,"key":"Boot"},{"floor":20,"key":"Meat on the Bone"},{"floor":21,"key":"Red Skull"},{"floor":22,"key":"Mummified Hand"},{"floor":24,"key":"MawBank"},{"floor":25,"key":"Anchor"},{"floor":26,"key":"Matryoshka"},{"floor":29,"key":"Singing Bowl"},{"floor":30,"key":"Question Card"},{"floor":30,"key":"Pocketwatch"},{"floor":31,"key":"Bronze Scales"},{"floor":33,"key":"Bottled Tornado"},{"floor":35,"key":"FossilizedHelix"},{"floor":36,"key":"Vajra"},{"floor":37,"key":"Pear"},{"floor":40,"key":"War Paint"},{"floor":42,"key":"Bag of Marbles"},{"floor":43,"key":"Omamori"},{"floor":43,"key":"Juzu Bracelet"},{"floor":44,"key":"Ice Cream"},{"floor":45,"key":"The Courier"},{"floor":45,"key":"Sundial"},{"floor":48,"key":"Smiling Mask"}],"event_choices":[{"event_name":"Upgrade Shrine","player_choice":"Upgraded","floor":12,"damage_taken":0},{"event_name":"Liars Game","player_choice":"disagreed","floor":14,"damage_taken":0},{"event_name":"Colosseum","player_choice":"Fight","floor":30,"damage_taken":0},{"event_name":"Colosseum","player_choice":"Fought Nobs","floor":30,"damage_taken":0},{"event_name":"Winding Halls","player_choice":"Max HP","floor":38,"damage_taken":0},{"event_name":"Tomb of Lord Red Mask","player_choice":"Paid","floor":47,"damage_taken":0}],"is_beta":false,"boss_relics":[{"not_picked":["Calling Bell","Fusion Hammer"],"picked":"Busted Crown"},{"not_picked":["Black Star","Snecko Eye"],"picked":"Tiny House"}],"items_purged_floors":[4,28],"is_endless":false,"potions_floor_spawned":[2,7,11,13,16,19,21,22,31,33,44,48],"ascension_level":0}