{"gold_per_floor":[118,118,43,55,55,81,91,116,140,140,40,40,58,76,76,172,172,184,184,283,117,132,160,160,195,195,195,213,246,57,71,71,169,169,187,238,18,29,41,41,72,88,169,169,169,132,132,84,84,84],"floor_reached":51,"playtime":3094,"items_purged":["Regret","Strike_B","Strike_B+1","Defend_B+1"],"score":951,"play_id":"ea1bbb39-7861-40ad-9a8a-b7b3bfb7b960","local_time":"20190427202743","is_ascension_mode":true,"campfire_choices":[{"data":"Buffer","floor":10,"key":"SMITH"},{"data":"Zap","floor":12,"key":"SMITH"},{"data":"Dualcast","floor":15,"key":"SMITH"},{"data":"Electrodynamics","floor":24,"key":"SMITH"},{"data":"Self Repair","floor":27,"key":"SMITH"},{"data":"Echo Form","floor":32,"key":"SMITH"},{"data":"Defragment","floor":40,"key":"SMITH"},{"data":"Capacitor","floor":44,"key":"SMITH"},{"data":"Capacitor","floor":47,"key":"SMITH"},{"data":"Echo Form","floor":49,"key":"SMITH"}],"neow_cost":"NONE","seed_source_timestamp":1472795966954636,"circlet_count":0,"master_deck":["Strike_B+1","Strike_B+1","Defend_B+1","Defend_B+1","Defend_B+1","Zap+1","Dualcast+1","Double Energy+1","Conserve Battery","Buffer+1","Electrodynamics+1","Self Repair","FTL","Self Repair+1","Echo Form+1","Self Repair","Master of Strategy+1","Echo Form+1","Coolheaded+1","Defragment+1","Glacier+1","Capacitor+1","Capacitor+1"],"relics":["Cracked Core","NeowsBlessing","Bronze Scales","Pen Nib","Toxic Egg 2","War Paint","Runic Pyramid","Meat on the Bone","WingedGreaves","Ornamental Fan","Potion Belt","Lizard Tail","Emotion Chip","Molten Egg 2","Letter Opener"],"potions_floor_usage":[16,23,25,38,50,50],"damage_taken":[{"damage":0,"enemies":"Jaw Worm","floor":1,"turns":1},{"damage":0,"enemies":"2 Louse","floor":4,"turns":1},{"damage":0,"enemies":"Gremlin Nob","floor":6,"turns":1},{"damage":0,"enemies":"Cultist","floor":7,"turns":3},{"damage":33,"enemies":"Lagavulin","floor":8,"turns":6},{"damage":0,"enemies":"Exordium Thugs","floor":13,"turns":5},{"damage":8,"enemies":"2 Fungi Beasts","floor":14,"turns":3},{"damage":3,"enemies":"Slime Boss","floor":16,"turns":12},{"damage":32,"enemies":"2 Thieves","floor":18,"turns":4},{"damage":0,"enemies":"Chosen","floor":22,"turns":5},{"damage":6,"enemies":"Book of Stabbing","floor":23,"turns":6},{"damage":12,"enemies":"Gremlin Leader","floor":25,"turns":5},{"damage":0,"enemies":"3 Cultists","floor":28,"turns":4},{"damage":34,"enemies":"Slavers","floor":29,"turns":4},{"damage":0,"enemies":"Snecko","floor":31,"turns":5},{"damage":52,"enemies":"Collector","floor":33,"turns":9},{"damage":10,"enemies":"Orb Walker","floor":35,"turns":4},{"damage":59,"enemies":"2 Orb Walkers","floor":36,"turns":4},{"damage":41,"enemies":"3 Darklings","floor":38,"turns":3},{"damage":11,"enemies":"4 Shapes","floor":39,"turns":3},{"damage":0,"enemies":"Giant Head","floor":41,"turns":11},{"damage":27,"enemies":"Transient","floor":42,"turns":5},{"damage":45,"enemies":"Donu and Deca","floor":50,"turns":8}],"seed_played":"7013566676819968624","potions_obtained":[{"floor":7,"key":"Ancient Potion"},{"floor":13,"key":"Weak Potion"},{"floor":14,"key":"Fire Potion"},{"floor":18,"key":"Dexterity Potion"},{"floor":23,"key":"Swift Potion"},{"floor":25,"key":"Dexterity Potion"},{"floor":29,"key":"Ancient Potion"},{"floor":31,"key":"FocusPotion"}],"is_trial":false,"path_per_floor":["M","?","$","M","?","E","M","E","T","R","$","R","M","M","R","B",null,"M","?","?","$","M","E","R","E","T","R","M","E","$","M","R","B",null,"M","?","$","M","M","R","E","M","T","R","?","$","R","$","R","B",null],"character_chosen":"DEFECT","items_purchased":["Self Repair","Master of Strategy+1","Defragment","Capacitor","Energy Potion"],"campfire_rested":0,"item_purchase_floors":[21,30,37,46,48],"current_hp_per_floor":[75,75,75,75,75,75,75,42,42,42,42,42,42,34,34,31,64,32,32,32,32,39,40,40,54,54,54,71,66,66,75,75,59,71,75,38,38,73,62,62,75,75,75,75,71,71,71,71,71,38],"gold":84,"neow_bonus":"THREE_ENEMY_KILL","is_prod":false,"is_daily":false,"chose_seed":false,"campfire_upgraded":10,"win_rate":0,"timestamp":1556411263,"path_taken":["M","?","$","M","?","E","M","E","T","R","$","R","?","M","R","BOSS","M","?","?","$","M","E","R","E","T","R","M","E","$","M","R","BOSS","M","?","$","M","M","R","E","M","T","R","?","$","R","$","R","BOSS"],"build_version":"2019-01-23","purchased_purges":4,"victory":true,"max_hp_per_floor":[75,75,75,75,75,75,75,75,75,75,75,75,75,75,75,75,75,75,75,75,75,75,75,75,75,75,75,75,75,75,75,75,75,75,75,75,75,75,75,75,75,75,75,75,71,71,71,71,71,71],"card_choices":[{"not_picked":["Hologram","Stack","Redo"],"picked":"SKIP","floor":1},{"not_picked":["Go for the Eyes","Ball Lightning","Force Field"],"picked":"SKIP","floor":4},{"not_picked":["Turbo","Force Field"],"picked":"Conserve Battery","floor":6},{"not_picked":["Gash","Blizzard","Conserve Battery"],"picked":"SKIP","floor":7},{"not_picked":["Hello World","Redo"],"picked":"Buffer","floor":8},{"not_picked":["Scrape","Redo+1","Compile Driver"],"picked":"SKIP","floor":13},{"not_picked":["Stack+1","Force Field+1","Chaos+1"],"picked":"SKIP","floor":14},{"not_picked":["Thunder Strike","Buffer"],"picked":"Electrodynamics","floor":16},{"not_picked":["Stack+1","Hologram+1","Streamline"],"picked":"SKIP","floor":18},{"not_picked":["Sweeping Beam","Gash+1"],"picked":"FTL","floor":22},{"not_picked":["Gash","Leap+1"],"picked":"Self Repair","floor":23},{"not_picked":["Recycle+1","Barrage","Reinforced Body+1"],"picked":"SKIP","floor":25},{"not_picked":["Leap+1","Hologram+1"],"picked":"Echo Form","floor":28},{"not_picked":["Static Discharge","Heatsinks"],"picked":"Self Repair","floor":29},{"not_picked":["Storm","Barrage","Steam+1"],"picked":"SKIP","floor":31},{"not_picked":["Electrodynamics","Meteor Strike"],"picked":"Echo Form","floor":33},{"not_picked":["Compile Driver+1","Go for the Eyes+1"],"picked":"Coolheaded+1","floor":35},{"not_picked":["Auto Shields+1","Streamline+1","Cold Snap"],"picked":"SKIP","floor":38},{"not_picked":["Gash+1","Rainbow+1"],"picked":"Glacier+1","floor":39},{"not_picked":["Coolheaded+1","Heatsinks+1"],"picked":"Capacitor","floor":41},{"not_picked":["Cold Snap+1","Barrage+1","Gash+1"],"picked":"SKIP","floor":42}],"player_experience":102949,"relics_obtained":[{"floor":6,"key":"Pen Nib"},{"floor":8,"key":"Toxic Egg 2"},{"floor":9,"key":"War Paint"},{"floor":23,"key":"Meat on the Bone"},{"floor":25,"key":"WingedGreaves"},{"floor":26,"key":"Ornamental Fan"},{"floor":29,"key":"Potion Belt"},{"floor":36,"key":"Emotion Chip"},{"floor":41,"key":"Molten Egg 2"},{"floor":43,"key":"Letter Opener"}],"event_choices":[{"damage_healed":0,"gold_gain":0,"player_choice":"Box","damage_taken":0,"relics_obtained":["Bronze Scales"],"max_hp_gain":0,"max_hp_loss":0,"event_name":"Big Fish","floor":2,"gold_loss":0,"cards_obtained":["Regret"]},{"damage_healed":0,"gold_gain":0,"player_choice":"1 cards matched","damage_taken":0,"max_hp_gain":0,"max_hp_loss":0,"event_name":"Match and Keep!","floor":5,"gold_loss":0,"cards_obtained":["Double Energy"]},{"damage_healed":0,"gold_gain":0,"player_choice":"Simplicity","damage_taken":0,"max_hp_gain":0,"max_hp_loss":0,"event_name":"Back to Basics","floor":19,"gold_loss":0,"cards_upgraded":["Strike_B","Strike_B","Strike_B","Defend_B","Defend_B","Defend_B"]},{"damage_healed":0,"gold_gain":99,"player_choice":"Stole From Cult","damage_taken":0,"max_hp_gain":0,"max_hp_loss":0,"event_name":"Nest","floor":20,"gold_loss":0},{"damage_healed":0,"gold_gain":0,"player_choice":"Fight","damage_taken":0,"max_hp_gain":0,"max_hp_loss":0,"event_name":"Mysterious Sphere","floor":36,"gold_loss":0},{"damage_healed":0,"gold_gain":0,"player_choice":"Max HP","damage_taken":0,"max_hp_gain":0,"max_hp_loss":4,"event_name":"Winding Halls","floor":45,"gold_loss":0}],"is_beta":false,"boss_relics":[{"not_picked":["Sozu","Empty Cage"],"picked":"Runic Pyramid"},{"not_picked":["Tiny House","Fusion Hammer"],"picked":"Lizard Tail"}],"items_purged_floors":[3,11,21,37],"is_endless":false,"potions_floor_spawned":[7,13,14,18,23,25,29,31,35],"ascension_level":5}