{"gold_per_floor":[361,36,36,49,65,65,100,100,100,131,141,141,159,34,34,112,112,131,131,149,129,139,139,157,175,200,214,230,67,67,101,101,175,175,191,113,113,72,72,72,82,182,182,232,267,267,293,293,293,293],"floor_reached":51,"playtime":4126,"items_purged":["Doubt","Strike_R"],"score":1724,"play_id":"466645e7-2c96-4088-9ffb-358d060cd8f1","local_time":"20190403183924","is_ascension_mode":true,"campfire_choices":[{"data":"Battle Trance","floor":6.0,"key":"SMITH"},{"data":"Spot Weakness","floor":12.0,"key":"SMITH"},{"data":"Pummel","floor":15.0,"key":"SMITH"},{"floor":23.0,"key":"REST"},{"floor":32.0,"key":"REST"},{"floor":40,"key":"REST"},{"floor":46,"key":"REST"},{"floor":49,"key":"REST"}],"neow_cost":"CURSE","seed_source_timestamp":12396172499347,"circlet_count":0,"master_deck":["AscendersBane","Strike_R+1","Strike_R+1","Strike_R+1","Defend_R+1","Defend_R+1","Defend_R+1","Defend_R+1","Bash+1","Headbutt","Battle Trance+1","Spot Weakness+1","Armaments","Shrug It Off","Pummel+1","Shrug It Off","Immolate","Heavy Blade+1","True Grit","Impervious","Shrug It Off+1","Feel No Pain","Combust","Intimidate+1","Demon Form","Disarm+1"],"special_seed":0,"relics":["Burning Blood","Vajra","Letter Opener","Dead Branch","Gremlin Horn","Fusion Hammer","Blood Vial","Bag of Preparation","Mummified Hand","Cursed Key","Nunchaku","Ginger","Regal Pillow","Dream Catcher"],"potions_floor_usage":[50,50],"damage_taken":[{"damage":20.0,"enemies":"Cultist","floor":1.0,"turns":5.0},{"damage":0.0,"enemies":"2 Louse","floor":4.0,"turns":2.0},{"damage":7.0,"enemies":"Small Slimes","floor":5.0,"turns":3.0},{"damage":35.0,"enemies":"Lagavulin","floor":7.0,"turns":6.0},{"damage":8.0,"enemies":"3 Sentries","floor":10.0,"turns":7.0},{"damage":2.0,"enemies":"Exordium Thugs","floor":11.0,"turns":4.0},{"damage":7.0,"enemies":"Looter","floor":13.0,"turns":4.0},{"damage":14.0,"enemies":"Hexaghost","floor":16.0,"turns":10.0},{"damage":7.0,"enemies":"Chosen","floor":18.0,"turns":3.0},{"damage":0.0,"enemies":"3 Byrds","floor":20.0,"turns":3.0},{"damage":6.0,"enemies":"Snake Plant","floor":22.0,"turns":4.0},{"damage":22.0,"enemies":"Shelled Parasite and Fungi","floor":24.0,"turns":3.0},{"damage":9.0,"enemies":"Centurion and Healer","floor":25.0,"turns":2.0},{"damage":19.0,"enemies":"Snecko","floor":27.0,"turns":6.0},{"damage":15.0,"enemies":"Snake Plant","floor":28.0,"turns":3.0},{"damage":4.0,"enemies":"Slavers","floor":31.0,"turns":3.0},{"damage":46,"enemies":"Automaton","floor":33,"turns":9},{"damage":3,"enemies":"3 Darklings","floor":35,"turns":2},{"damage":12,"enemies":"Orb Walker","floor":41,"turns":2},{"damage":8,"enemies":"Mind Bloom Boss Battle","floor":42,"turns":8},{"damage":11,"enemies":"2 Orb Walkers","floor":44,"turns":6},{"damage":10,"enemies":"Reptomancer","floor":45,"turns":9},{"damage":3,"enemies":"Giant Head","floor":47,"turns":4},{"damage":31,"enemies":"Time Eater","floor":50,"turns":8}],"seed_played":"-5563989862232368428","potions_obtained":[{"floor":4.0,"key":"Dexterity Potion"},{"floor":5.0,"key":"Dexterity Potion"},{"floor":10.0,"key":"SkillPotion"},{"floor":18.0,"key":"Strength Potion"},{"floor":22.0,"key":"SteroidPotion"},{"floor":25.0,"key":"FearPotion"},{"floor":27.0,"key":"Ancient Potion"},{"floor":31.0,"key":"LiquidBronze"},{"floor":35,"key":"Weak Potion"},{"floor":48,"key":"EssenceOfSteel"}],"is_trial":false,"path_per_floor":["M","$","?","M","M","R","E","?","T","E","M","R","M","$","R","B",null,"M","?","M","?","M","R","M","M","T","M","M","$","?","E","R","B",null,"M","$","?","$","?","R","M","?","T","?","E","R","E","?","R","B",null],"character_chosen":"IRONCLAD","items_purchased":["Vajra","Battle Trance","Shrug It Off","Bag of Preparation","Feel No Pain","Combust"],"campfire_rested":5,"item_purchase_floors":[2,2,14,29,36,38],"current_hp_per_floor":[54,54,54,60,59,59,30,30,30,28,32,32,31,31,31,23,62,61,61,67,67,67,75,59,56,56,45,38,38,38,42,64,26,63,68,68,68,68,57,75,69,69,69,66,64,75,75,75,75,50],"gold":293,"neow_bonus":"TWO_FIFTY_GOLD","is_prod":false,"is_daily":false,"chose_seed":false,"campfire_upgraded":3,"win_rate":0,"timestamp":1554334764,"path_taken":["M","?","?","M","M","R","E","?","T","E","M","R","M","$","R","BOSS","M","?","M","?","?","R","M","M","T","M","?","$","?","E","R","BOSS","M","$","?","$","?","R","?","?","T","?","E","R","E","?","R","BOSS"],"build_version":"2019-01-23","purchased_purges":2,"victory":true,"max_hp_per_floor":[75,75,75,75,75,75,75,75,75,75,75,75,75,75,75,75,75,75,75,75,75,75,75,75,75,75,75,75,75,75,75,75,75,75,75,75,75,75,75,75,75,75,75,75,75,75,75,75,75,75],"card_choices":[{"not_picked":["Pummel","Shrug It Off"],"picked":"Headbutt","floor":1.0},{"not_picked":["Perfected Strike","Warcry"],"picked":"Spot Weakness","floor":4.0},{"not_picked":["Seeing Red","True Grit"],"picked":"Armaments","floor":5.0},{"not_picked":["Demon Form","Body Slam","Carnage"],"picked":"SKIP","floor":7.0},{"not_picked":["Evolve","Havoc","Searing Blow"],"picked":"SKIP","floor":10.0},{"not_picked":["Iron Wave","Dual Wield"],"picked":"Shrug It Off","floor":11.0},{"not_picked":["Barricade","Armaments"],"picked":"Pummel","floor":13.0},{"not_picked":["Exhume","Reaper"],"picked":"Immolate","floor":16.0},{"not_picked":["Flame Barrier","Evolve"],"picked":"Heavy Blade+1","floor":18.0},{"not_picked":["Iron Wave","Metallicize+1","Flex"],"picked":"SKIP","floor":20.0},{"not_picked":["Iron Wave","Metallicize+1","Flex"],"picked":"SKIP","floor":20.0},{"not_picked":["Reckless Charge+1","Clothesline"],"picked":"True Grit","floor":22.0},{"not_picked":["Armaments","Pommel Strike","Metallicize"],"picked":"SKIP","floor":24.0},{"not_picked":["Armaments","Havoc","Ghostly Armor+1"],"picked":"SKIP","floor":25.0},{"not_picked":["Battle Trance","Cleave","Bloodletting"],"picked":"SKIP","floor":27.0},{"not_picked":["Cleave","Shrug It Off"],"picked":"Impervious","floor":28.0},{"not_picked":["Headbutt","Perfected Strike"],"picked":"Shrug It Off+1","floor":31.0},{"not_picked":["Immolate","Exhume"],"picked":"Fiend Fire","floor":33},{"not_picked":["Anger","Wild Strike","Cleave"],"picked":"SKIP","floor":35},{"not_picked":["Power Through+1","Infernal Blade"],"picked":"Intimidate+1","floor":41},{"not_picked":["Anger","Headbutt","Thunderclap"],"picked":"SKIP","floor":45},{"not_picked":["Flex","True Grit"],"picked":"Demon Form","floor":47},{"not_picked":["Clothesline","Cleave"],"picked":"Disarm+1","floor":49}],"player_experience":682798,"relics_obtained":[{"floor":7.0,"key":"Letter Opener"},{"floor":9.0,"key":"Dead Branch"},{"floor":10.0,"key":"Gremlin Horn"},{"floor":26.0,"key":"Blood Vial"},{"floor":31.0,"key":"Mummified Hand"},{"floor":42,"key":"Nunchaku"},{"floor":44,"key":"Ginger"},{"floor":45,"key":"Regal Pillow"},{"floor":47,"key":"Dream Catcher"}],"event_choices":[{"damage_healed":0.0,"max_hp_gain":0.0,"max_hp_loss":0.0,"gold_gain":0.0,"event_name":"Living Wall","player_choice":"Grow","floor":3.0,"gold_loss":0.0,"damage_taken":0.0,"cards_upgraded":["Bash"]},{"cards_removed":["Strike_R"],"damage_healed":0.0,"max_hp_gain":0.0,"max_hp_loss":0.0,"gold_gain":0.0,"event_name":"Purifier","player_choice":"Purged","floor":8.0,"gold_loss":0.0,"damage_taken":0.0},{"damage_healed":0.0,"max_hp_gain":0.0,"max_hp_loss":0.0,"gold_gain":0.0,"event_name":"Ghosts","player_choice":"Ignored","floor":19.0,"gold_loss":0.0,"damage_taken":0.0},{"damage_healed":0.0,"max_hp_gain":0.0,"max_hp_loss":0.0,"gold_gain":0.0,"event_name":"The Woman in Blue","player_choice":"Bought 1 Potion","floor":21.0,"gold_loss":0.0,"damage_taken":0.0},{"damage_healed":0.0,"max_hp_gain":0.0,"max_hp_loss":0.0,"gold_gain":0.0,"event_name":"Back to Basics","player_choice":"Simplicity","floor":30.0,"gold_loss":0.0,"damage_taken":0.0,"cards_upgraded":["Strike_R","Strike_R","Strike_R","Defend_R","Defend_R","Defend_R","Defend_R"]},{"cards_removed":["Fiend Fire"],"damage_healed":0,"gold_gain":0,"player_choice":"Removed Attack","damage_taken":0,"max_hp_gain":0,"max_hp_loss":0,"event_name":"Falling","floor":37,"gold_loss":0},{"damage_healed":0,"gold_gain":0,"player_choice":"Damaged","damage_taken":11,"max_hp_gain":0,"max_hp_loss":0,"event_name":"Wheel of Change","floor":39,"gold_loss":0},{"damage_healed":0,"gold_gain":0,"player_choice":"Fight","damage_taken":0,"max_hp_gain":0,"max_hp_loss":0,"event_name":"MindBloom","floor":42,"gold_loss":0},{"damage_healed":0,"gold_gain":0,"player_choice":"Fight","damage_taken":0,"max_hp_gain":0,"max_hp_loss":0,"event_name":"Mysterious Sphere","floor":44,"gold_loss":0},{"damage_healed":0,"gold_gain":0,"player_choice":"Got Potions","damage_taken":0,"max_hp_gain":0,"max_hp_loss":0,"event_name":"Lab","floor":48,"gold_loss":0}],"is_beta":false,"boss_relics":[{"not_picked":["Empty Cage","Pandora\u0027s Box"],"picked":"Fusion Hammer"},{"not_picked":["Philosopher\u0027s Stone","Busted Crown"],"picked":"Cursed Key"}],"items_purged_floors":[2,14],"is_endless":false,"potions_floor_spawned":[4,5,10,18,22,25,27,31,35,41,47],"ascension_level":16}