{"path_per_floor":["M","M","$","?","M","E","R","M","T","R","M","M"],"character_chosen":"THE_SILENT","items_purchased":["Poisoned Stab","Deadly Poison"],"gold_per_floor":[119,137,59,59,70,103,103,121,170,170,182,201,201],"floor_reached":13,"campfire_rested":0,"playtime":778,"current_hp_per_floor":[62,60,60,60,59,45,45,34,34,34,29,18,0],"items_purged":[],"gold":201,"score":131,"play_id":"2eabe612-9b79-451a-8f22-4251acc1d2ac","local_time":"20180520185519","is_prod":false,"is_daily":false,"chose_seed":false,"is_ascension_mode":true,"campfire_upgraded":2,"timestamp":1526867719,"campfire_choices":[{"data":"Neutralize","floor":7,"key":"SMITH"},{"data":"Sucker Punch","floor":10,"key":"SMITH"}],"path_taken":["M","M","$","?","M","E","R","M","T","R","M","M","E"],"build_version":"2018-05-17","seed_source_timestamp":240183938615824,"purchased_purges":0,"victory":false,"master_deck":["Defend_G","Defend_G","Defend_G","Defend_G","Defend_G","Strike_G","Strike_G","Strike_G","Strike_G","Strike_G","Survivor","Neutralize+1","AscendersBane","Dagger Spray","Poisoned Stab","Deadly Poison","Regret","Deadly Poison","Sucker Punch+1","Deadly Poison","Adrenaline"],"max_hp_per_floor":[70,75,75,75,75,75,75,75,75,75,75,75,75],"relics":["Ring of the Snake","Blue Candle","Potion Belt","Pen Nib"],"card_choices":[{"not_picked":["Infinite Blades","Concentrate"],"picked":"Dagger Spray","floor":1},{"not_picked":["Flechettes","All Out Attack","Endless Agony"],"picked":"SKIP","floor":2},{"not_picked":["Deflect","PiercingWail"],"picked":"Deadly Poison","floor":5},{"not_picked":["Distraction","All Out Attack"],"picked":"Sucker Punch","floor":6},{"not_picked":["Flying Knee","Acrobatics"],"picked":"Deadly Poison","floor":8},{"not_picked":["Slice","Masterful Stab","Distraction"],"picked":"SKIP","floor":11},{"not_picked":["Concentrate","Dash"],"picked":"Adrenaline","floor":12}],"player_experience":460647,"potions_floor_usage":[2,6],"damage_taken":[{"damage":1,"enemies":"Jaw Worm","floor":1,"turns":8},{"damage":7,"enemies":"Small Slimes","floor":2,"turns":3},{"damage":1,"enemies":"2 Louse","floor":5,"turns":3},{"damage":14,"enemies":"Gremlin Nob","floor":6,"turns":4},{"damage":11,"enemies":"Large Slime","floor":8,"turns":6},{"damage":5,"enemies":"Looter","floor":11,"turns":4},{"damage":11,"enemies":"2 Fungi Beasts","floor":12,"turns":3},{"damage":20,"enemies":"Lagavulin","floor":13,"turns":3}],"relics_obtained":[{"floor":6,"key":"Potion Belt"},{"floor":9,"key":"Pen Nib"}],"event_choices":[{"event_name":"Big Fish","player_choice":"Box","floor":4,"damage_taken":0}],"boss_relics":[],"potions_floor_spawned":[1,2,6],"seed_played":"6532273902398879274","killed_by":"Lagavulin","ascension_level":10,"potions_obtained":[{"floor":1,"key":"Fruit Juice"},{"floor":2,"key":"GamblersBrew"},{"floor":6,"key":"Explosive Potion"}],"is_trial":false}