{"gold_per_floor":[119,129,129,149,99,99,135,158,158,158,158,158,171,194,194,194],"floor_reached":16,"playtime":1507,"items_purged":[],"score":153,"play_id":"7dc5a2b0-6da4-4f3f-9a20-5b37a297418a","local_time":"20190130093323","is_ascension_mode":true,"campfire_choices":[{"data":"Bash","floor":6,"key":"SMITH"},{"data":"Shockwave","floor":10,"key":"SMITH"},{"data":"Barricade","floor":15,"key":"SMITH"}],"neow_cost":"PERCENT_DAMAGE","seed_source_timestamp":431052511222435,"circlet_count":0,"master_deck":["AscendersBane","Strike_R","Strike_R","Defend_R","Defend_R","Defend_R","Defend_R","Bash+1","Battle Trance","Seeing Red+1","Shockwave+1","Shrug It Off","Panacea","Barricade+1","Body Slam"],"special_seed":0,"relics":["Burning Blood","Golden Idol","Anchor","Potion Belt"],"potions_floor_usage":[7,16,16,16],"damage_taken":[{"damage":3.0,"enemies":"Small Slimes","floor":1.0,"turns":5.0},{"damage":1.0,"enemies":"Cultist","floor":2.0,"turns":3.0},{"damage":6.0,"enemies":"Jaw Worm","floor":4.0,"turns":5.0},{"damage":50,"enemies":"3 Sentries","floor":7,"turns":18},{"damage":6,"enemies":"3 Louse","floor":8,"turns":5},{"damage":0,"enemies":"Red Slaver","floor":13,"turns":5},{"damage":0,"enemies":"Exordium Wildlife","floor":14,"turns":4},{"damage":31,"enemies":"Hexaghost","floor":16,"turns":14}],"seed_played":"8643604880236650094","potions_obtained":[{"floor":2.0,"key":"Swift Potion"},{"floor":4.0,"key":"Block Potion"},{"floor":8,"key":"Block Potion"},{"floor":14,"key":"Block Potion"}],"is_trial":false,"path_per_floor":["M","M","?","M","?","R","E","M","T","R","?","?","M","M","R","B"],"character_chosen":"IRONCLAD","items_purchased":[],"campfire_rested":0,"item_purchase_floors":[],"current_hp_per_floor":[54,59,59,59,59,59,15,15,15,15,15,15,21,27,27,0],"gold":194,"neow_bonus":"REMOVE_TWO","is_prod":false,"is_daily":false,"chose_seed":false,"campfire_upgraded":3,"win_rate":0,"timestamp":1548837203,"path_taken":["M","M","?","M","?","R","E","M","T","R","?","?","?","M","R","BOSS"],"build_version":"2019-01-23","purchased_purges":0,"victory":false,"max_hp_per_floor":[80,80,74,74,74,74,74,74,74,74,74,74,74,74,74,74],"card_choices":[{"not_picked":["Perfected Strike","Anger"],"picked":"Battle Trance","floor":1.0},{"not_picked":["Infernal Blade","Sword Boomerang","Entrench"],"picked":"SKIP","floor":2.0},{"not_picked":["Metallicize","Entrench"],"picked":"Seeing Red","floor":4.0},{"not_picked":["Battle Trance","Perfected Strike"],"picked":"Shockwave","floor":7},{"not_picked":["Blood for Blood","Feel No Pain"],"picked":"Shrug It Off","floor":8},{"not_picked":["Flame Barrier","True Grit"],"picked":"Body Slam","floor":13},{"not_picked":["Inflame","Cleave","Sword Boomerang"],"picked":"SKIP","floor":14}],"player_experience":183842,"relics_obtained":[{"floor":7,"key":"Anchor"},{"floor":9,"key":"Potion Belt"}],"event_choices":[{"damage_healed":0.0,"max_hp_gain":0.0,"max_hp_loss":6.0,"gold_gain":0.0,"event_name":"Golden Idol","player_choice":"Lose Max HP","floor":3.0,"gold_loss":0.0,"damage_taken":0.0,"relics_obtained":["Golden Idol"]},{"cards_removed":["Strike_R"],"damage_healed":0,"gold_gain":0,"player_choice":"Card Removal","damage_taken":0,"max_hp_gain":0,"max_hp_loss":0,"event_name":"The Cleric","floor":5,"gold_loss":50},{"damage_healed":0,"gold_gain":0,"player_choice":"Grow","damage_taken":0,"max_hp_gain":0,"max_hp_loss":0,"event_name":"Living Wall","floor":11,"gold_loss":0,"cards_upgraded":["Seeing Red"]},{"damage_healed":0,"gold_gain":0,"player_choice":"2 cards matched","damage_taken":0,"max_hp_gain":0,"max_hp_loss":0,"event_name":"Match and Keep!","floor":12,"gold_loss":0,"cards_obtained":["Panacea","Barricade"]}],"is_beta":false,"boss_relics":[],"items_purged_floors":[],"is_endless":false,"potions_floor_spawned":[2,4,8,14],"killed_by":"Hexaghost","ascension_level":10}