{"path_per_floor":["M","M","?","M","M","R","?","E","T","R","E","R","M","M","R","B",null,"M","?","?","?","$","E","R","M","T"],"character_chosen":"THE_SILENT","items_purchased":["Strawberry"],"gold_per_floor":[16,29,29,45,65,65,65,91,91,91,121,121,135,154,154,256,256,239,273,273,198,53,82,82,97,97,97],"floor_reached":27,"campfire_rested":0,"playtime":2695,"item_purchase_floors":[22],"current_hp_per_floor":[62,62,62,62,62,62,62,59,59,59,55,55,52,52,52,29,60,59,49,49,49,56,54,54,51,51,0],"items_purged":[],"gold":97,"score":386,"play_id":"bb13d07f-ada3-4dc2-a70e-06a53c0597bb","local_time":"20180527190301","is_prod":false,"is_daily":false,"chose_seed":false,"is_ascension_mode":true,"campfire_upgraded":5,"win_rate":0,"timestamp":1527472981,"campfire_choices":[{"data":"Dash","floor":6,"key":"SMITH"},{"data":"Neutralize","floor":10,"key":"SMITH"},{"data":"Malaise","floor":12,"key":"SMITH"},{"data":"Dagger Spray","floor":15,"key":"SMITH"},{"data":"Tools of the Trade","floor":24,"key":"SMITH"}],"path_taken":["M","M","?","M","M","R","?","E","T","R","E","R","M","M","R","BOSS","M","?","?","?","$","E","R","M","T","E"],"build_version":"2018-05-24","seed_source_timestamp":843529058151260,"purchased_purges":0,"victory":false,"master_deck":["Defend_G","Defend_G","Defend_G","Defend_G","Defend_G","Strike_G","Strike_G","Survivor","Neutralize+1","AscendersBane","Leg Sweep","Slice","Dash+1","Dagger Throw","Cloak And Dagger","Dagger Spray+1","Malaise+1","Cloak And Dagger","Cloak And Dagger","Tools of the Trade+1","Dagger Throw","Deflect","Underhanded Strike"],"max_hp_per_floor":[70,70,70,70,70,70,70,70,70,70,70,70,70,70,70,70,70,70,70,70,70,77,77,77,77,77,77],"relics":["Ring of the Snake","Ninja Scroll","Mummified Hand","Anchor","Runic Dome","Red Mask","Strawberry","Juzu Bracelet","Bottled Lightning"],"card_choices":[{"not_picked":["Leg Sweep","Deadly Poison"],"picked":"Dash","floor":1},{"not_picked":["Prepared","Outmaneuver","Deadly Poison"],"picked":"SKIP","floor":2},{"not_picked":["Endless Agony","Finisher"],"picked":"Dagger Throw","floor":4},{"not_picked":["Slice","Eviscerate"],"picked":"Cloak And Dagger","floor":5},{"not_picked":["Outmaneuver","Distraction"],"picked":"Dagger Spray","floor":8},{"not_picked":["Catalyst","Flechettes"],"picked":"Malaise","floor":11},{"not_picked":["Sucker Punch","Prepared"],"picked":"Cloak And Dagger","floor":13},{"not_picked":["Prepared","Bullet Time"],"picked":"Cloak And Dagger","floor":14},{"not_picked":["Storm of Steel","Venomology"],"picked":"Tools of the Trade","floor":16},{"not_picked":["Poisoned Stab","Concentrate","Dodge and Roll"],"picked":"SKIP","floor":18},{"not_picked":["PiercingWail","All Out Attack"],"picked":"Dagger Throw","floor":19},{"not_picked":["Noxious Fumes+1","Eviscerate"],"picked":"Deflect","floor":23},{"not_picked":["Expertise","Skewer"],"picked":"Underhanded Strike","floor":25}],"player_experience":524452,"potions_floor_usage":[8,8,11,19,23,27,27],"damage_taken":[{"damage":1,"enemies":"Cultist","floor":1,"turns":7},{"damage":0,"enemies":"Jaw Worm","floor":2,"turns":4},{"damage":0,"enemies":"2 Louse","floor":4,"turns":3},{"damage":0,"enemies":"Blue Slaver","floor":5,"turns":4},{"damage":3,"enemies":"Gremlin Nob","floor":8,"turns":4},{"damage":4,"enemies":"3 Sentries","floor":11,"turns":5},{"damage":3,"enemies":"Red Slaver","floor":13,"turns":4},{"damage":0,"enemies":"Exordium Thugs","floor":14,"turns":3},{"damage":23,"enemies":"The Guardian","floor":16,"turns":19},{"damage":1,"enemies":"2 Thieves","floor":18,"turns":4},{"damage":10,"enemies":"Masked Bandits","floor":19,"turns":6},{"damage":2,"enemies":"Book of Stabbing","floor":23,"turns":9},{"damage":3,"enemies":"Spheric Guardian","floor":25,"turns":5},{"damage":52,"enemies":"Gremlin Leader","floor":27,"turns":9}],"relics_obtained":[{"floor":8,"key":"Ninja Scroll"},{"floor":9,"key":"Mummified Hand"},{"floor":11,"key":"Anchor"},{"floor":19,"key":"Red Mask"},{"floor":23,"key":"Juzu Bracelet"},{"floor":26,"key":"Bottled Lightning"}],"event_choices":[{"event_name":"The Cleric","player_choice":"Leave","floor":3,"damage_taken":0},{"event_name":"The Lab","player_choice":"Got Potions","floor":7,"damage_taken":0},{"event_name":"Masked Bandits","player_choice":"Fought over 239 gold","floor":19,"damage_taken":0},{"event_name":"Ghosts","player_choice":"Ignored","floor":20,"damage_taken":0},{"event_name":"Beggar","player_choice":"Gave Gold","floor":21,"damage_taken":0}],"boss_relics":[{"not_picked":["White Beast Statue","Snecko Eye"],"picked":"Runic Dome"}],"items_purged_floors":[],"potions_floor_spawned":[1,5,13,16,18,25],"seed_played":"-9167338123929511987","killed_by":"Gremlin Leader","ascension_level":12,"potions_obtained":[{"floor":1,"key":"PowerPotion"},{"floor":5,"key":"Explosive Potion"},{"floor":7,"key":"SteroidPotion"},{"floor":13,"key":"Dexterity Potion"},{"floor":16,"key":"PowerPotion"},{"floor":18,"key":"AttackPotion"},{"floor":25,"key":"FearPotion"}],"is_trial":false}