{"gold_per_floor":[12,26,43,63,75,75,105,122,122,122,197,217,232,232,232,330,330,350,183,233,233,258,258,258],"floor_reached":24,"playtime":1105,"items_purged":["Injury"],"score":385,"play_id":"5d959143-d87e-4894-90b0-91cef8915d5a","local_time":"20180825203147","is_ascension_mode":true,"campfire_choices":[{"data":"White Noise","floor":6,"key":"SMITH"},{"floor":15,"key":"REST"},{"data":"Creative AI","floor":23,"key":"SMITH"}],"neow_cost":"NO_GOLD","seed_source_timestamp":33919406857634,"circlet_count":0,"master_deck":["Defend_B","Defend_B","Defend_B","Defend_B","Zap","Dualcast","AscendersBane","Genetic Algorithm","Cold Snap","Leap","White Noise+1","Conserve Battery","Darkness","Reprogram","Coolheaded","Machine Learning","Creative AI+1","Hello World+1","Echo Form+1","Loop+1","Conserve Battery","Defragment","Writhe"],"relics":["Cracked Core","Thread and Needle","Mummified Hand","Golden Idol","Astrolabe","Strawberry"],"potions_floor_usage":[7,16,22,22],"damage_taken":[{"damage":0,"enemies":"2 Louse","floor":1,"turns":2},{"damage":4,"enemies":"Small Slimes","floor":2,"turns":4},{"damage":1,"enemies":"Cultist","floor":3,"turns":4},{"damage":19,"enemies":"3 Louse","floor":4,"turns":4},{"damage":3,"enemies":"2 Fungi Beasts","floor":5,"turns":5},{"damage":13,"enemies":"3 Sentries","floor":7,"turns":9},{"damage":0,"enemies":"Large Slime","floor":8,"turns":4},{"damage":7,"enemies":"Looter","floor":12,"turns":3},{"damage":4,"enemies":"Blue Slaver","floor":13,"turns":3},{"damage":25,"enemies":"Slime Boss","floor":16,"turns":12},{"damage":9,"enemies":"Chosen","floor":18,"turns":7},{"damage":16,"enemies":"3 Byrds","floor":22,"turns":5},{"damage":64,"enemies":"Slavers","floor":24,"turns":4}],"seed_played":"6459516274232363022","potions_obtained":[{"floor":1,"key":"Block Potion"},{"floor":5,"key":"EssenceOfSteel"},{"floor":7,"key":"Block Potion"},{"floor":16,"key":"Fire Potion"}],"is_trial":false,"path_per_floor":["M","M","M","M","M","R","E","M","T","?","?","M","M","?","R","B",null,"M","$","?","?","M","R"],"character_chosen":"DEFECT","items_purchased":["Defragment"],"campfire_rested":1,"item_purchase_floors":[19],"current_hp_per_floor":[78,74,73,54,51,51,38,38,38,38,27,20,16,16,41,16,68,59,59,59,66,50,50,0],"gold":258,"neow_bonus":"TWENTY_PERCENT_HP_BONUS","is_prod":false,"is_daily":false,"chose_seed":false,"campfire_upgraded":2,"win_rate":0,"timestamp":1535254307,"path_taken":["M","M","M","M","M","R","E","M","T","?","?","M","M","?","R","BOSS","M","$","?","?","M","R","E"],"build_version":"2018-08-23v2","purchased_purges":1,"victory":false,"max_hp_per_floor":[85,85,85,85,85,85,85,85,85,85,85,85,85,85,85,85,85,85,85,85,92,92,92,92],"card_choices":[{"not_picked":["Rebound","Redo"],"picked":"Genetic Algorithm","floor":1},{"not_picked":["Skim","Conserve Battery"],"picked":"Cold Snap","floor":2},{"not_picked":["Aggregate","Force Field","Undo"],"picked":"SKIP","floor":3},{"not_picked":["Sweeping Beam","Rebound"],"picked":"Leap","floor":4},{"not_picked":["Static Discharge","Stack"],"picked":"White Noise","floor":5},{"not_picked":["Beam Cell","Double Energy"],"picked":"Conserve Battery","floor":7},{"not_picked":["Self Repair","Beam Cell"],"picked":"Darkness","floor":8},{"not_picked":["Blizzard","Hologram"],"picked":"Coolheaded","floor":12},{"not_picked":["Streamline","Rebound"],"picked":"Machine Learning","floor":13},{"not_picked":["Electrodynamics","Thunder Strike"],"picked":"Creative AI","floor":16},{"not_picked":["Sunder","Barrage"],"picked":"Conserve Battery","floor":18},{"not_picked":["Streamline","Stack","Static Discharge"],"picked":"SKIP","floor":22}],"player_experience":799090,"relics_obtained":[{"floor":7,"key":"Thread and Needle"},{"floor":9,"key":"Mummified Hand"}],"event_choices":[{"event_name":"Living Wall","player_choice":"Change","floor":10,"damage_taken":0},{"event_name":"World of Goop","player_choice":"Gather Gold","floor":11,"damage_taken":0},{"event_name":"Golden Idol","player_choice":"Take Wound","floor":14,"damage_taken":0},{"event_name":"Nest","player_choice":"Stole From Cult","floor":20,"damage_taken":0},{"event_name":"The Mausoleum","player_choice":"Yes","floor":21,"damage_taken":0}],"is_beta":false,"boss_relics":[{"not_picked":["White Beast Statue","Empty Cage"],"picked":"Astrolabe"}],"items_purged_floors":[19],"is_endless":false,"potions_floor_spawned":[1,5,7,8,16,18],"killed_by":"Slavers","ascension_level":16}