{"path_per_floor":["M","?","?","M","?","E","R","M","T","E","?","M","$","E","R","B",null,"M","?","M","$","?","R","M","R","T","R","M","M","E","M","R","B",null,"M","M","$","?","?","R","E","R","T","?","$","?","?","E","R","B"],"character_chosen":"IRONCLAD","items_purchased":["Flash of Steel","Shrug It Off","Metallicize","Ghostly Armor"],"gold_per_floor":[117,192,142,157,157,185,185,198,248,275,275,285,210,239,239,339,339,354,269,288,74,74,74,86,86,116,116,129,143,176,190,190,293,293,312,322,124,124,173,173,205,205,258,258,41,0,0,26,26,26],"floor_reached":51,"campfire_rested":3,"playtime":3818,"current_hp_per_floor":[80,69,69,69,69,51,51,57,57,39,36,41,41,47,80,72,80,74,88,92,92,92,92,92,92,92,92,91,94,89,83,83,43,94,94,79,79,94,57,57,39,82,82,82,82,82,82,61,94,34],"items_purged":["Strike_R","Strike_R","Strike_R","Defend_R"],"gold":26,"score":620,"play_id":"926e996e-fd24-41d5-8209-024898cf2fc9","local_time":"20180306004212","is_prod":false,"is_daily":false,"is_ascension_mode":true,"campfire_upgraded":6,"timestamp":1520318532,"path_taken":["M","?","?","M","?","E","R","?","T","E","?","M","$","E","R","BOSS","M","?","M","$","?","R","M","R","T","R","M","M","E","M","R","BOSS","M","M","?","?","?","R","E","R","T","?","$","?","?","E","R","BOSS"],"build_version":"2018-03-01-PROD1","purchased_purges":4,"victory":true,"master_deck":["Strike_R+1","Defend_R","Defend_R+1","Defend_R+1","Bash+1","Cleave","Shockwave+1","Impervious+1","Warcry","Body Slam+1","Double Tap+1","Battle Trance+1","Headbutt","Flash of Steel","Shrug It Off+1","Ghostly Armor+1","Metallicize","Writhe","Body Slam+1","Ghostly Armor"],"max_hp_per_floor":[80,80,80,80,80,80,80,80,80,80,80,80,80,80,80,80,80,80,94,94,94,94,94,94,94,94,94,94,94,94,94,94,94,94,94,94,94,94,94,94,94,94,94,94,94,94,94,94,94,94],"relics":["Burning Blood","Art of War","Anchor","War Paint","Happy Flower","Vajra","Regal Pillow","Philosopher\u0027s Stone","Mango","Tiny Chest","Juzu Bracelet","Lizard Tail","Unceasing Top","Whetstone","Ancient Tea Set","Red Mask","Bottled Flame"],"card_choices":[{"not_picked":["Feel No Pain","Sword Boomerang"],"picked":"Cleave"},{"not_picked":["Flex","Warcry"],"picked":"Shockwave"},{"not_picked":["Perfected Strike","Cleave"],"picked":"Impervious"},{"not_picked":["Clothesline","Blood for Blood"],"picked":"Warcry"},{"not_picked":["Twin Strike","Combust"],"picked":"Body Slam"},{"not_picked":["Demon Form","Exhume"],"picked":"Double Tap"},{"not_picked":["Bloodletting","Blood for Blood"],"picked":"Battle Trance"},{"not_picked":["Shrug It Off","Corruption"],"picked":"Headbutt"},{"not_picked":["Headbutt","Metallicize"],"picked":"Ghostly Armor"},{"not_picked":["Fiend Fire","Feed"],"picked":"Brutality"},{"not_picked":["Headbutt","Carnage"],"picked":"Body Slam"}],"player_experience":115707,"potions_floor_usage":[14,16,16,31,33,33,36,50,50],"damage_taken":[{"damage":5,"enemies":"Small Slimes","floor":1,"turns":3},{"damage":6,"enemies":"Jaw Worm","floor":4,"turns":4},{"damage":24,"enemies":"Gremlin Nob","floor":6,"turns":5},{"damage":0,"enemies":"2 Louse","floor":8,"turns":2},{"damage":24,"enemies":"3 Sentries","floor":10,"turns":10},{"damage":1,"enemies":"Looter","floor":12,"turns":2},{"damage":0,"enemies":"Lagavulin","floor":14,"turns":4},{"damage":14,"enemies":"Slime Boss","floor":16,"turns":8},{"damage":12,"enemies":"2 Thieves","floor":18,"turns":4},{"damage":2,"enemies":"Chosen","floor":20,"turns":4},{"damage":6,"enemies":"Snake Plant","floor":24,"turns":2},{"damage":7,"enemies":"Snecko","floor":28,"turns":4},{"damage":0,"enemies":"3 Cultists","floor":29,"turns":4},{"damage":11,"enemies":"Gremlin Leader","floor":30,"turns":5},{"damage":12,"enemies":"Chosen and Byrds","floor":31,"turns":5},{"damage":46,"enemies":"Champ","floor":33,"turns":9},{"damage":3,"enemies":"Orb Walker","floor":35,"turns":2},{"damage":21,"enemies":"3 Darklings","floor":36,"turns":7},{"damage":43,"enemies":"Mysterious Sphere","floor":39,"turns":5},{"damage":24,"enemies":"Nemesis","floor":41,"turns":7},{"damage":27,"enemies":"2 Orb Walkers","floor":48,"turns":6},{"damage":116,"enemies":"Time Eater","floor":50,"turns":14}],"event_choices":[{"event_name":"World of Goop","player_choice":"Gather Gold","floor":2,"damage_taken":0},{"event_name":"The Cleric","player_choice":"Card Removal","floor":3,"damage_taken":0},{"event_name":"Upgrade Shrine","player_choice":"Upgraded","floor":5,"damage_taken":0},{"event_name":"Scrap Ooze","player_choice":"success","floor":11,"damage_taken":3},{"event_name":"Addict","player_choice":"Obtained Relic","floor":19,"damage_taken":0},{"event_name":"Vampires","player_choice":"Ignored","floor":22,"damage_taken":0},{"event_name":"Winding Halls","player_choice":"Writhe","floor":38,"damage_taken":0},{"event_name":"Mysterious Sphere","player_choice":"Fight","floor":39,"damage_taken":0},{"event_name":"Tomb of Lord Red Mask","player_choice":"Paid","floor":46,"damage_taken":0},{"event_name":"Match and Keep!","player_choice":"0 cards matched","floor":47,"damage_taken":0}],"boss_relics":[{"not_picked":["Runic Pyramid","Black Star"],"picked":"Philosopher\u0027s Stone"},{"not_picked":["Velvet Choker","Astrolabe"],"picked":"Lizard Tail"}],"potions_floor_spawned":[4,10,12,18,20,30,35,39,41],"seed_played":"7183415216898251432","ascension_level":2,"is_trial":false}