{"gold_per_floor":[119,129,129,141,141,141,175,175,175,175,193,226,8,33,33,111,111,123,223,234,252,232,232,250,250],"floor_reached":25,"playtime":1282,"items_purged":[],"score":387,"play_id":"333d6d23-e67e-414c-b856-c7890cf00652","local_time":"20190224132408","is_ascension_mode":true,"campfire_choices":[{"data":"Redo","floor":6.0,"key":"SMITH"},{"data":"Dualcast","floor":8.0,"key":"SMITH"},{"data":"Skim","floor":10.0,"key":"SMITH"},{"data":"Coolheaded","floor":15.0,"key":"SMITH"},{"floor":23.0,"key":"REST"}],"neow_cost":"TEN_PERCENT_HP_LOSS","seed_source_timestamp":485410431021415,"circlet_count":0,"master_deck":["AscendersBane","Strike_B","Strike_B","Strike_B","Strike_B","Defend_B","Defend_B","Defend_B","Defend_B","Zap+1","Dualcast+1","Electrodynamics","Auto Shields","Redo+1","Ball Lightning","Skim+1","Coolheaded+1","Leap","Conserve Battery","Rainbow","Chill","Go for the Eyes","Storm","Sweeping Beam+1"],"special_seed":0,"relics":["Cracked Core","Nunchaku","Kunai","Torii","PreservedInsect","Membership Card","Bottled Tornado","Cursed Key","StoneCalendar","Shuriken"],"potions_floor_usage":[25],"damage_taken":[{"damage":0.0,"enemies":"Small Slimes","floor":1.0,"turns":2.0},{"damage":0.0,"enemies":"2 Louse","floor":2.0,"turns":1.0},{"damage":0.0,"enemies":"Cultist","floor":4.0,"turns":3.0},{"damage":10.0,"enemies":"3 Sentries","floor":7.0,"turns":3.0},{"damage":0.0,"enemies":"Exordium Wildlife","floor":11.0,"turns":2.0},{"damage":24.0,"enemies":"Lagavulin","floor":12.0,"turns":5.0},{"damage":1.0,"enemies":"3 Sentries","floor":14.0,"turns":4.0},{"damage":6.0,"enemies":"Hexaghost","floor":16.0,"turns":12.0},{"damage":1.0,"enemies":"Chosen","floor":18.0,"turns":3.0},{"damage":8.0,"enemies":"Colosseum Slavers","floor":19.0,"turns":2.0},{"damage":9.0,"enemies":"Colosseum Nobs","floor":19.0,"turns":4.0},{"damage":20.0,"enemies":"2 Thieves","floor":20.0,"turns":2.0},{"damage":7.0,"enemies":"Chosen and Byrds","floor":21.0,"turns":4.0},{"damage":23.0,"enemies":"Shelled Parasite and Fungi","floor":24.0,"turns":5.0},{"damage":10,"enemies":"Book of Stabbing","floor":25,"turns":4}],"seed_played":"-4016132626469437386","potions_obtained":[{"floor":4.0,"key":"Regen Potion"},{"floor":12.0,"key":"Block Potion"},{"floor":14.0,"key":"Explosive Potion"},{"floor":20.0,"key":"Swift Potion"},{"floor":21.0,"key":"EssenceOfSteel"},{"floor":22.0,"key":"FearPotion"}],"is_trial":false,"path_per_floor":["M","M","?","M","?","R","E","R","T","R","M","E","$","E","R","B",null,"M","?","M","M","?","R","M","E"],"character_chosen":"DEFECT","items_purchased":["Membership Card","Leap"],"campfire_rested":1,"item_purchase_floors":[13,13],"current_hp_per_floor":[64,64,64,64,53,53,43,43,43,43,43,33,33,32,32,26,55,54,37,17,10,10,29,6,0],"gold":250,"neow_bonus":"THREE_RARE_CARDS","is_prod":false,"is_daily":false,"chose_seed":false,"campfire_upgraded":4,"win_rate":0,"timestamp":1551011048,"path_taken":["M","M","?","M","?","R","E","R","T","R","M","E","$","E","R","BOSS","M","?","M","M","?","R","?","E"],"build_version":"2019-01-23","purchased_purges":0,"victory":false,"max_hp_per_floor":[64,64,64,64,64,64,64,64,64,64,64,64,64,64,64,64,64,64,64,64,64,64,64,64,64],"card_choices":[{"not_picked":["Meteor Strike","Echo Form"],"picked":"Electrodynamics","floor":0.0},{"not_picked":["Hologram","Leap"],"picked":"Auto Shields","floor":1.0},{"not_picked":["Hello World","Gash"],"picked":"Redo","floor":2.0},{"not_picked":["Tempest","Undo"],"picked":"Ball Lightning","floor":4.0},{"not_picked":["Doom and Gloom","Leap"],"picked":"Skim","floor":7.0},{"not_picked":["Compile Driver","Beam Cell","Fusion"],"picked":"SKIP","floor":11.0},{"not_picked":["Ball Lightning","Barrage"],"picked":"Coolheaded","floor":12.0},{"not_picked":["Cold Snap","Turbo"],"picked":"Conserve Battery","floor":14.0},{"not_picked":["Creative AI","Electrodynamics"],"picked":"Rainbow","floor":16.0},{"not_picked":["Force Field","Turbo"],"picked":"Chill","floor":18.0},{"not_picked":["Turbo","Rebound"],"picked":"Go for the Eyes","floor":19.0},{"not_picked":["Lockon","Gash"],"picked":"Storm","floor":20.0},{"not_picked":["Scrape+1","Tempest"],"picked":"Sweeping Beam+1","floor":21.0},{"not_picked":["Hologram","Redo","Rebound"],"picked":"SKIP","floor":24.0}],"player_experience":406367,"relics_obtained":[{"floor":7.0,"key":"Kunai"},{"floor":9.0,"key":"Torii"},{"floor":12.0,"key":"PreservedInsect"},{"floor":14.0,"key":"Bottled Tornado"},{"floor":19.0,"key":"StoneCalendar"},{"floor":19.0,"key":"Shuriken"}],"event_choices":[{"damage_healed":0.0,"max_hp_gain":0.0,"max_hp_loss":0.0,"gold_gain":0.0,"event_name":"Living Wall","player_choice":"Grow","floor":3.0,"gold_loss":0.0,"damage_taken":0.0,"cards_upgraded":["Zap"]},{"damage_healed":0.0,"max_hp_gain":0.0,"max_hp_loss":0.0,"gold_gain":0.0,"event_name":"Scrap Ooze","player_choice":"Success","floor":5.0,"gold_loss":0.0,"damage_taken":11.0,"relics_obtained":["Nunchaku"]},{"damage_healed":0.0,"max_hp_gain":0.0,"max_hp_loss":0.0,"gold_gain":0.0,"event_name":"Colosseum","player_choice":"Fight","floor":19.0,"gold_loss":0.0,"damage_taken":0.0},{"damage_healed":0.0,"max_hp_gain":0.0,"max_hp_loss":0.0,"gold_gain":0.0,"event_name":"Colosseum","player_choice":"Fought Nobs","floor":19.0,"gold_loss":0.0,"damage_taken":0.0},{"damage_healed":0.0,"max_hp_gain":0.0,"max_hp_loss":0.0,"gold_gain":0.0,"event_name":"The Woman in Blue","player_choice":"Bought 1 Potion","floor":22.0,"gold_loss":0.0,"damage_taken":0.0}],"is_beta":false,"boss_relics":[{"not_picked":["Pandora\u0027s Box","Orrery"],"picked":"Cursed Key"}],"items_purged_floors":[],"is_endless":false,"potions_floor_spawned":[4,12,14,19,20,21],"killed_by":"Book of Stabbing","ascension_level":15}