{"gold_per_floor":[117,44,44,62,62,97,97,153,153,153,180,41,74,88,88,166,166,182,202,127,137,137,137,155,155,206,206,10,37,37,69,69,143,143,157,173,100,119,119,119,139,13,86,186,206,236,236,251,251,251],"floor_reached":51,"playtime":4786,"items_purged":[],"score":1367,"play_id":"8e4475d4-1e72-4023-b828-9d93d31622e8","local_time":"20190206181314","is_ascension_mode":true,"campfire_choices":[{"floor":7.0,"key":"REST"},{"floor":10.0,"key":"REST"},{"floor":15.0,"key":"REST"},{"data":"Armaments","floor":23.0,"key":"SMITH"},{"data":"Fiend Fire","floor":25.0,"key":"SMITH"},{"data":"Offering","floor":27.0,"key":"SMITH"},{"data":"Clothesline","floor":30.0,"key":"SMITH"},{"data":"Demon Form","floor":32.0,"key":"SMITH"},{"data":"Limit Break","floor":40.0,"key":"SMITH"},{"data":"Bash","floor":47.0,"key":"SMITH"},{"data":"Strike_R","floor":49,"key":"PURGE"}],"neow_cost":"TEN_PERCENT_HP_LOSS","seed_source_timestamp":0,"circlet_count":0,"master_deck":["AscendersBane","Strike_R","Strike_R+1","Strike_R","Defend_R","Defend_R","Defend_R+1","Defend_R","Bash+1","Offering+1","Armaments+1","Metallicize","Ghostly Armor","Clothesline+1","Reaper","Offering","Shrug It Off","Evolve","Fiend Fire+1","Metallicize","Demon Form+1","Power Through","Limit Break+1","Shrug It Off","Spot Weakness","Headbutt+1","Pommel Strike","Spot Weakness","Headbutt+1","Metallicize+1"],"special_seed":0,"relics":["Burning Blood","FossilizedHelix","Tiny Chest","Peace Pipe","Bag of Preparation","Happy Flower","Velvet Choker","Nilry\u0027s Codex","Bronze Scales","HandDrill","Bottled Flame","Ornamental Fan","Mark of Pain","Blue Candle","Dead Branch","Champion Belt"],"potions_floor_usage":[50],"damage_taken":[{"damage":10.0,"enemies":"2 Louse","floor":1.0,"turns":4.0},{"damage":6.0,"enemies":"Cultist","floor":4.0,"turns":3.0},{"damage":41.0,"enemies":"Gremlin Nob","floor":6.0,"turns":5.0},{"damage":28.0,"enemies":"3 Sentries","floor":8.0,"turns":18.0},{"damage":24.0,"enemies":"Lagavulin","floor":13.0,"turns":10.0},{"damage":0.0,"enemies":"Small Slimes","floor":14.0,"turns":4.0},{"damage":12.0,"enemies":"Slime Boss","floor":16.0,"turns":7.0},{"damage":12.0,"enemies":"Shell Parasite","floor":18.0,"turns":6.0},{"damage":6.0,"enemies":"Chosen","floor":19.0,"turns":6.0},{"damage":13.0,"enemies":"Shelled Parasite and Fungi","floor":21.0,"turns":10.0},{"damage":12.0,"enemies":"3 Cultists","floor":24.0,"turns":7.0},{"damage":6.0,"enemies":"Gremlin Leader","floor":29.0,"turns":7.0},{"damage":6.0,"enemies":"Book of Stabbing","floor":31.0,"turns":4.0},{"damage":35.0,"enemies":"Automaton","floor":33.0,"turns":8.0},{"damage":20.0,"enemies":"3 Shapes","floor":35.0,"turns":6.0},{"damage":21.0,"enemies":"3 Darklings","floor":36.0,"turns":6.0},{"damage":29.0,"enemies":"Jaw Worm Horde","floor":38.0,"turns":5.0},{"damage":24.0,"enemies":"Sphere and 2 Shapes","floor":41.0,"turns":7.0},{"damage":15.0,"enemies":"Mind Bloom Boss Battle","floor":44.0,"turns":7.0},{"damage":15.0,"enemies":"3 Darklings","floor":45.0,"turns":4.0},{"damage":15.0,"enemies":"Nemesis","floor":46.0,"turns":7.0},{"damage":8.0,"enemies":"4 Shapes","floor":48.0,"turns":10.0},{"damage":30,"enemies":"Time Eater","floor":50,"turns":9}],"seed_played":"2439044810785223042","potions_obtained":[{"floor":13.0,"key":"Regen Potion"},{"floor":14.0,"key":"Strength Potion"},{"floor":16.0,"key":"Block Potion"},{"floor":29.0,"key":"Strength Potion"},{"floor":33.0,"key":"SkillPotion"},{"floor":41.0,"key":"GamblersBrew"}],"is_trial":false,"path_per_floor":["M","$","?","M","?","E","R","E","T","R","T","$","E","M","R","B",null,"M","M","?","M","?","R","M","R","T","R","$","E","R","E","R","B",null,"M","M","$","M","?","R","M","$","T","?","M","E","R","M","R","B",null],"character_chosen":"IRONCLAD","items_purchased":["Metallicize","Offering","HandDrill","Spot Weakness","Spot Weakness","Fire Potion"],"campfire_rested":3,"item_purchase_floors":[2,12,28,37,42,42],"current_hp_per_floor":[64,64,64,64,44,9,29,7,7,27,27,27,9,25,45,48,63,63,63,63,61,40,40,40,40,40,40,40,50,50,54,54,37,60,60,68,68,45,45,45,38,38,38,57,65,56,56,66,66,68],"gold":251,"neow_bonus":"THREE_RARE_CARDS","is_prod":false,"is_daily":false,"chose_seed":false,"campfire_upgraded":7,"win_rate":0,"timestamp":1549473194,"path_taken":["M","$","?","?","?","E","R","E","T","R","?","?","E","M","R","BOSS","M","M","?","M","?","R","M","R","T","R","$","E","R","E","R","BOSS","M","M","$","M","?","R","M","$","T","?","M","E","R","M","R","BOSS"],"build_version":"2019-01-23","purchased_purges":0,"victory":true,"max_hp_per_floor":[68,68,68,68,68,68,68,68,68,68,68,68,68,68,68,68,68,68,68,68,68,68,68,68,68,68,68,68,68,68,68,68,68,68,68,68,68,68,68,68,68,68,68,68,68,68,68,68,68,68],"card_choices":[{"not_picked":["Berserk","Double Tap"],"picked":"Offering","floor":0.0},{"not_picked":["Perfected Strike","Havoc","Armaments"],"picked":"SKIP","floor":1.0},{"not_picked":["Perfected Strike","Havoc"],"picked":"Armaments","floor":1.0},{"not_picked":["Flex","Wild Strike"],"picked":"Ghostly Armor","floor":4.0},{"not_picked":["Sword Boomerang","Seeing Red"],"picked":"Clothesline","floor":6.0},{"not_picked":["Iron Wave","Pummel"],"picked":"Reaper","floor":8.0},{"not_picked":["Sever Soul","Wild Strike"],"picked":"Shrug It Off","floor":13.0},{"not_picked":["Wild Strike","Armaments"],"picked":"Evolve","floor":14.0},{"not_picked":["Juggernaut","Dark Embrace"],"picked":"Fiend Fire","floor":16.0},{"not_picked":["Heavy Blade+1","Wild Strike","Flex"],"picked":"SKIP","floor":18.0},{"not_picked":["Second Wind","Thunderclap","Cleave"],"picked":"SKIP","floor":19.0},{"not_picked":["Rupture","Ghostly Armor"],"picked":"Metallicize","floor":21.0},{"not_picked":["Heavy Blade","Clothesline","Thunderclap"],"picked":"SKIP","floor":24.0},{"not_picked":["Corruption","Wild Strike"],"picked":"Demon Form","floor":29.0},{"not_picked":["Body Slam","Shrug It Off"],"picked":"Power Through","floor":31.0},{"not_picked":["Fiend Fire","Demon Form"],"picked":"Limit Break","floor":33.0},{"not_picked":["Clash","Inflame"],"picked":"Shrug It Off","floor":35.0},{"not_picked":["Shockwave","Flex"],"picked":"Rage+1","floor":36.0},{"not_picked":["Evolve+1","Clothesline"],"picked":"Headbutt+1","floor":38.0},{"not_picked":["Anger","Warcry"],"picked":"Pommel Strike","floor":41.0},{"not_picked":["Bloodletting+1","Intimidate"],"picked":"Headbutt+1","floor":44.0},{"not_picked":["Flex+1","Sword Boomerang","Shrug It Off"],"picked":"SKIP","floor":45.0},{"not_picked":["Entrench","Sever Soul+1"],"picked":"Metallicize+1","floor":46.0},{"not_picked":["Ghostly Armor+1","Sentinel","Havoc"],"picked":"SKIP","floor":48.0}],"player_experience":313749,"relics_obtained":[{"floor":6.0,"key":"FossilizedHelix"},{"floor":8.0,"key":"Tiny Chest"},{"floor":9.0,"key":"Peace Pipe"},{"floor":11.0,"key":"Bag of Preparation"},{"floor":13.0,"key":"Happy Flower"},{"floor":22.0,"key":"Nilry\u0027s Codex"},{"floor":26.0,"key":"Bronze Scales"},{"floor":29.0,"key":"Bottled Flame"},{"floor":31.0,"key":"Ornamental Fan"},{"floor":43.0,"key":"Blue Candle"},{"floor":44.0,"key":"Dead Branch"},{"floor":46.0,"key":"Champion Belt"}],"event_choices":[{"damage_healed":0.0,"max_hp_gain":0.0,"max_hp_loss":0.0,"gold_gain":0.0,"event_name":"WeMeetAgain","player_choice":"Ignored","floor":3.0,"gold_loss":0.0,"damage_taken":0.0},{"damage_healed":0.0,"max_hp_gain":0.0,"max_hp_loss":0.0,"gold_gain":0.0,"event_name":"Shining Light","player_choice":"Entered Light","floor":5.0,"gold_loss":0.0,"damage_taken":20.0,"cards_upgraded":["Strike_R","Defend_R"]},{"cards_removed":["Strike_R"],"damage_healed":0.0,"max_hp_gain":0.0,"max_hp_loss":0.0,"gold_gain":0.0,"event_name":"Beggar","player_choice":"Gave Gold","floor":20.0,"gold_loss":75.0,"damage_taken":0.0},{"damage_healed":0.0,"max_hp_gain":0.0,"max_hp_loss":0.0,"gold_gain":0.0,"event_name":"Cursed Tome","player_choice":"Obtained Book","floor":22.0,"gold_loss":0.0,"damage_taken":21.0},{"cards_removed":["Rage"],"damage_healed":0.0,"max_hp_gain":0.0,"max_hp_loss":0.0,"gold_gain":0.0,"event_name":"Falling","player_choice":"Removed Skill","floor":39.0,"gold_loss":0.0,"damage_taken":0.0},{"damage_healed":0.0,"max_hp_gain":0.0,"max_hp_loss":0.0,"gold_gain":0.0,"event_name":"MindBloom","player_choice":"Fight","floor":44.0,"gold_loss":0.0,"damage_taken":0.0}],"is_beta":false,"boss_relics":[{"not_picked":["Runic Dome","Empty Cage"],"picked":"Velvet Choker"},{"not_picked":["Astrolabe","Snecko Eye"],"picked":"Mark of Pain"}],"items_purged_floors":[],"is_endless":false,"potions_floor_spawned":[13,14,16,19,29,33,36,41,44,45],"ascension_level":15}