{"gold_per_floor":[217,237,251,326,251,276,276,288,288,288,319,319,330,358,358,433,433,444,369,387,387],"floor_reached":21,"playtime":1054,"items_purged":[],"score":392,"play_id":"7d99f722-3801-44e1-a6ca-59355343bc61","local_time":"20181020031532","is_ascension_mode":true,"campfire_choices":[{"data":"Creative AI","floor":7,"key":"SMITH"},{"data":"Zap","floor":10,"key":"SMITH"},{"data":"Dualcast","floor":12,"key":"SMITH"},{"data":"Capacitor","floor":15,"key":"SMITH"}],"neow_cost":"NONE","seed_source_timestamp":0,"circlet_count":0,"master_deck":["Strike_B","Strike_B","Defend_B","Defend_B","Defend_B","Defend_B","Zap+1","Dualcast+1","AscendersBane","Capacitor+1","Cold Snap","Ball Lightning","Creative AI+1","Glacier","Glacier","Chill","Machine Learning","Coolheaded","Loop+1"],"special_seed":0,"relics":["Cracked Core","Meat on the Bone","Emotion Chip","Incense Burner","Vajra","Philosopher\u0027s Stone"],"potions_floor_usage":[6,18,21,21],"damage_taken":[{"damage":2.0,"enemies":"Jaw Worm","floor":1.0,"turns":3.0},{"damage":1.0,"enemies":"Cultist","floor":2.0,"turns":3.0},{"damage":10.0,"enemies":"Small Slimes","floor":3.0,"turns":3.0},{"damage":22,"enemies":"Gremlin Nob","floor":6,"turns":4},{"damage":6,"enemies":"Looter","floor":8,"turns":4},{"damage":9,"enemies":"3 Sentries","floor":11,"turns":7},{"damage":10,"enemies":"Blue Slaver","floor":13,"turns":4},{"damage":0,"enemies":"Gremlin Nob","floor":14,"turns":6},{"damage":5,"enemies":"The Guardian","floor":16,"turns":11},{"damage":41,"enemies":"3 Byrds","floor":18,"turns":5},{"damage":1,"enemies":"Shell Parasite","floor":20,"turns":9},{"damage":34,"enemies":"Colosseum Slavers","floor":21,"turns":5},{"damage":28,"enemies":"Colosseum Nobs","floor":21,"turns":5}],"seed_played":"2473061770339437256","potions_obtained":[{"floor":2.0,"key":"SkillPotion"},{"floor":6,"key":"EssenceOfSteel"},{"floor":8,"key":"Fire Potion"},{"floor":20,"key":"SpeedPotion"}],"is_trial":false,"path_per_floor":["M","M","M","?","?","E","R","M","T","R","E","R","M","E","R","B",null,"M","?","M"],"character_chosen":"DEFECT","items_purchased":[],"campfire_rested":0,"item_purchase_floors":[],"current_hp_per_floor":[62,61,51,40,40,18,18,24,24,24,27,27,29,41,41,36,62,33,33,44,0],"gold":387,"neow_bonus":"HUNDRED_GOLD","is_prod":false,"is_daily":false,"chose_seed":false,"campfire_upgraded":4,"win_rate":0,"timestamp":1540030532,"path_taken":["M","M","M","?","?","E","R","M","T","R","E","R","M","E","R","BOSS","M","?","M","?"],"build_version":"2018-10-18","purchased_purges":0,"victory":false,"max_hp_per_floor":[71,71,71,71,71,71,71,71,71,71,71,71,71,71,71,71,71,71,71,71,71],"card_choices":[{"not_picked":["Conserve Battery","Genetic Algorithm"],"picked":"Capacitor","floor":1.0},{"not_picked":["Skim","Leap"],"picked":"Cold Snap","floor":2.0},{"not_picked":["Streamline","Coolheaded"],"picked":"Ball Lightning","floor":3.0},{"not_picked":["Go for the Eyes","Redo"],"picked":"Creative AI","floor":6},{"not_picked":["Steam","Streamline"],"picked":"Glacier","floor":8},{"not_picked":["FTL","Force Field"],"picked":"Glacier","floor":11},{"not_picked":["Steam","Stack"],"picked":"Chill","floor":13},{"not_picked":["Scrape","Skim","Undo"],"picked":"SKIP","floor":14},{"not_picked":["Creative AI","Buffer"],"picked":"Machine Learning","floor":16},{"not_picked":["Barrage","Beam Cell"],"picked":"Coolheaded","floor":18},{"not_picked":["Streamline","Compile Driver"],"picked":"Loop+1","floor":20}],"player_experience":964718,"relics_obtained":[{"floor":6,"key":"Meat on the Bone"},{"floor":9,"key":"Emotion Chip"},{"floor":11,"key":"Incense Burner"},{"floor":14,"key":"Vajra"}],"event_choices":[{"damage_healed":0.0,"max_hp_gain":0.0,"max_hp_loss":0.0,"gold_gain":75.0,"event_name":"World of Goop","player_choice":"Gather Gold","floor":4.0,"gold_loss":0.0,"damage_taken":11.0},{"cards_removed":["Strike_B"],"damage_healed":0.0,"max_hp_gain":0.0,"max_hp_loss":0.0,"gold_gain":0.0,"event_name":"The Cleric","player_choice":"Card Removal","floor":5.0,"gold_loss":75.0,"damage_taken":0.0},{"cards_removed":["Strike_B"],"damage_healed":0,"gold_gain":0,"player_choice":"Gave Gold","damage_taken":0,"max_hp_gain":0,"max_hp_loss":0,"event_name":"Beggar","floor":19,"gold_loss":75},{"damage_healed":0,"gold_gain":0,"player_choice":"Fight","damage_taken":0,"max_hp_gain":0,"max_hp_loss":0,"event_name":"Colosseum","floor":21,"gold_loss":0},{"damage_healed":0,"gold_gain":0,"player_choice":"Fought Nobs","damage_taken":0,"max_hp_gain":0,"max_hp_loss":0,"event_name":"Colosseum","floor":21,"gold_loss":0}],"is_beta":false,"boss_relics":[{"not_picked":["Nuclear Battery","FrozenCore"],"picked":"Philosopher\u0027s Stone"}],"items_purged_floors":[],"is_endless":false,"potions_floor_spawned":[2,6,8,13,16,20,21],"killed_by":"Colosseum Nobs","ascension_level":15}