{"gold_per_floor":[217,235,17,17,31,31,60,60,86,111,111,143,143,159,159,254,254,267,267,281,281,301,336,361,361,361,392,91,134,134,169,181,287,299,324,349,361,373,409,461,486,519,531,543,595,35,68,30,30,30],"floor_reached":51,"playtime":4495,"items_purged":["Strike_G"],"score":1492,"play_id":"54da8d8c-ed23-4a81-b993-fd26fc15bdfc","local_time":"20190424223941","is_ascension_mode":true,"campfire_choices":[{"data":"Blade Dance","floor":6.0,"key":"SMITH"},{"data":"Cloak And Dagger","floor":8.0,"key":"SMITH"},{"floor":11.0,"key":"REST"},{"data":"After Image","floor":15.0,"key":"SMITH"},{"floor":25.0,"key":"REST"},{"data":"Cloak And Dagger","floor":32.0,"key":"SMITH"},{"floor":44,"key":"REST"},{"floor":49,"key":"REST"}],"neow_cost":"NONE","seed_source_timestamp":23016058104063,"circlet_count":0,"master_deck":["AscendersBane","Defend_G","Defend_G","Defend_G","Defend_G","Defend_G","Strike_G+1","Survivor","Neutralize+1","Flying Knee","Caltrops","After Image+1","Blade Dance+1","Cloak And Dagger+1","Endless Agony","Slice","Acrobatics","Adrenaline","Blade Dance","Leg Sweep","Bane","PiercingWail","Noxious Fumes","After Image+1","Escape Plan","Cloak And Dagger+1","A Thousand Cuts","Envenom","Acrobatics","Panache","Finesse","Footwork"],"special_seed":0,"relics":["Ring of the Snake","Dream Catcher","Whetstone","Omamori","Vajra","Golden Idol","Busted Crown","Orichalcum","Mercury Hourglass","Oddly Smooth Stone","DollysMirror","Ginger","MawBank","Black Star","Calipers","Torii","Nunchaku","StoneCalendar","Turnip","Ornamental Fan","Regal Pillow","Bottled Flame"],"potions_floor_usage":[40,50,50],"damage_taken":[{"damage":4.0,"enemies":"Cultist","floor":1.0,"turns":5.0},{"damage":0.0,"enemies":"2 Louse","floor":2.0,"turns":3.0},{"damage":0.0,"enemies":"Small Slimes","floor":5.0,"turns":5.0},{"damage":17.0,"enemies":"Gremlin Nob","floor":7.0,"turns":4.0},{"damage":20.0,"enemies":"Lagavulin","floor":10.0,"turns":10.0},{"damage":7.0,"enemies":"3 Sentries","floor":12.0,"turns":8.0},{"damage":0.0,"enemies":"Exordium Wildlife","floor":14.0,"turns":3.0},{"damage":37.0,"enemies":"The Guardian","floor":16.0,"turns":13.0},{"damage":0.0,"enemies":"Chosen","floor":18.0,"turns":5.0},{"damage":8.0,"enemies":"3 Byrds","floor":20.0,"turns":4.0},{"damage":5.0,"enemies":"Snake Plant","floor":22.0,"turns":7.0},{"damage":14.0,"enemies":"Slavers","floor":23.0,"turns":8.0},{"damage":2.0,"enemies":"Centurion and Healer","floor":24.0,"turns":8.0},{"damage":7.0,"enemies":"Gremlin Leader","floor":27.0,"turns":9.0},{"damage":0.0,"enemies":"Slavers","floor":29.0,"turns":6.0},{"damage":0.0,"enemies":"3 Cultists","floor":31.0,"turns":5.0},{"damage":0.0,"enemies":"Automaton","floor":33.0,"turns":11.0},{"damage":0.0,"enemies":"3 Darklings","floor":35.0,"turns":5.0},{"damage":0.0,"enemies":"3 Shapes","floor":36.0,"turns":4.0},{"damage":0,"enemies":"3 Darklings","floor":39,"turns":5},{"damage":8,"enemies":"Reptomancer","floor":40,"turns":8},{"damage":13,"enemies":"4 Shapes","floor":41,"turns":5},{"damage":1,"enemies":"Sphere and 2 Shapes","floor":42,"turns":8},{"damage":13,"enemies":"Nemesis","floor":45,"turns":9},{"damage":1,"enemies":"Reptomancer","floor":47,"turns":6},{"damage":44,"enemies":"Donu and Deca","floor":50,"turns":11}],"seed_played":"-7741142360771073064","potions_obtained":[{"floor":2.0,"key":"PowerPotion"},{"floor":7.0,"key":"FairyPotion"},{"floor":16.0,"key":"LiquidBronze"},{"floor":22.0,"key":"Poison Potion"},{"floor":23.0,"key":"GamblersBrew"},{"floor":27.0,"key":"SteroidPotion"},{"floor":29.0,"key":"SkillPotion"},{"floor":31.0,"key":"Strength Potion"},{"floor":35.0,"key":"Swift Potion"},{"floor":39,"key":"EssenceOfSteel"},{"floor":42,"key":"SneckoOil"}],"is_trial":false,"path_per_floor":["M","M","$","?","M","R","E","R","T","E","R","E","?","M","R","B",null,"M","?","M","?","M","E","M","R","T","E","$","E","?","M","R","B",null,"M","M","?","?","M","E","M","M","T","R","E","$","E","$","R","B",null],"character_chosen":"THE_SILENT","items_purchased":["After Image","DollysMirror","Noxious Fumes","Escape Plan","Ornamental Fan","Panache","Block Potion","Finesse","Footwork"],"campfire_rested":4,"item_purchase_floors":[3,28,28,28,46,46,46,46,48],"current_hp_per_floor":[55,55,55,55,55,55,38,38,38,18,37,30,30,30,30,3,46,46,46,38,38,33,19,17,35,35,28,28,28,28,28,28,28,52,52,52,52,52,52,44,31,30,30,48,35,35,34,34,60,16],"gold":30,"neow_bonus":"HUNDRED_GOLD","is_prod":false,"is_daily":false,"chose_seed":false,"campfire_upgraded":4,"win_rate":0,"timestamp":1556163581,"path_taken":["M","M","$","?","M","R","E","R","T","E","R","E","?","M","R","BOSS","M","?","?","?","M","E","M","R","T","E","$","E","?","M","R","BOSS","M","M","?","?","M","E","?","M","T","R","E","$","E","?","R","BOSS"],"build_version":"2019-01-23","purchased_purges":1,"victory":true,"max_hp_per_floor":[66,66,66,66,66,66,66,66,66,66,66,66,60,60,60,60,60,60,60,60,60,60,60,60,60,60,60,60,60,60,60,60,60,60,60,60,60,60,60,60,60,60,60,60,60,60,60,60,60,60],"card_choices":[{"not_picked":["Bane","Crippling Poison"],"picked":"Flying Knee","floor":1.0},{"not_picked":["Crippling Poison","Deflect"],"picked":"Caltrops","floor":2.0},{"not_picked":["Dagger Spray","Escape Plan"],"picked":"Blade Dance","floor":5.0},{"not_picked":["Flying Knee","Night Terror"],"picked":"Cloak And Dagger","floor":7.0},{"not_picked":["Grand Finale","Noxious Fumes"],"picked":"Endless Agony","floor":10.0},{"not_picked":["Expertise","Bouncing Flask"],"picked":"Slice","floor":11.0},{"not_picked":["Flechettes","Slice","Masterful Stab"],"picked":"SKIP","floor":12.0},{"not_picked":["Dagger Throw","All Out Attack"],"picked":"Acrobatics","floor":14.0},{"not_picked":["Wraith Form v2","Glass Knife"],"picked":"Adrenaline","floor":16.0},{"not_picked":["Bane"],"picked":"SKIP","floor":18.0},{"not_picked":[],"picked":"Blade Dance","floor":20.0},{"not_picked":["Prepared"],"picked":"SKIP","floor":22.0},{"not_picked":["Prepared"],"picked":"SKIP","floor":22.0},{"not_picked":["Dagger Spray"],"picked":"SKIP","floor":23.0},{"not_picked":["Flying Knee"],"picked":"SKIP","floor":24.0},{"not_picked":[],"picked":"PiercingWail","floor":27.0},{"not_picked":["Prepared"],"picked":"SKIP","floor":29.0},{"not_picked":[],"picked":"Cloak And Dagger","floor":31.0},{"not_picked":[],"picked":"A Thousand Cuts","floor":33.0},{"not_picked":["Expertise"],"picked":"SKIP","floor":35.0},{"not_picked":["Skewer"],"picked":"SKIP","floor":36.0},{"not_picked":["Dodge and Roll+1"],"picked":"SKIP","floor":39},{"not_picked":["Dodge and Roll+1"],"picked":"SKIP","floor":39},{"not_picked":[],"picked":"Acrobatics","floor":40},{"not_picked":["PiercingWail"],"picked":"SKIP","floor":41},{"not_picked":["Dagger Throw"],"picked":"SKIP","floor":42},{"not_picked":["Bane+1"],"picked":"SKIP","floor":45},{"not_picked":["Acrobatics"],"picked":"SKIP","floor":47}],"player_experience":809977,"relics_obtained":[{"floor":7.0,"key":"Dream Catcher"},{"floor":9.0,"key":"Whetstone"},{"floor":10.0,"key":"Omamori"},{"floor":12.0,"key":"Vajra"},{"floor":23.0,"key":"Orichalcum"},{"floor":26.0,"key":"Mercury Hourglass"},{"floor":27.0,"key":"Oddly Smooth Stone"},{"floor":29.0,"key":"Ginger"},{"floor":40,"key":"Calipers"},{"floor":40,"key":"Torii"},{"floor":43,"key":"Nunchaku"},{"floor":45,"key":"StoneCalendar"},{"floor":45,"key":"Turnip"},{"floor":47,"key":"Regal Pillow"},{"floor":47,"key":"Bottled Flame"}],"event_choices":[{"damage_healed":0.0,"max_hp_gain":0.0,"max_hp_loss":0.0,"gold_gain":0.0,"event_name":"Liars Game","player_choice":"Ignored","floor":4.0,"gold_loss":0.0,"damage_taken":0.0},{"damage_healed":0.0,"max_hp_gain":0.0,"max_hp_loss":6.0,"gold_gain":0.0,"event_name":"Golden Idol","player_choice":"Lose Max HP","floor":13.0,"gold_loss":0.0,"damage_taken":0.0,"relics_obtained":["Golden Idol"]},{"damage_healed":0.0,"max_hp_gain":0.0,"max_hp_loss":0.0,"gold_gain":0.0,"event_name":"Upgrade Shrine","player_choice":"Upgraded","floor":19.0,"gold_loss":0.0,"damage_taken":0.0,"cards_upgraded":["Neutralize"]},{"damage_healed":0.0,"max_hp_gain":0.0,"max_hp_loss":0.0,"gold_gain":0.0,"cards_transformed":["Strike_G","Strike_G"],"event_name":"Drug Dealer","player_choice":"Became Test Subject","floor":21.0,"gold_loss":0.0,"damage_taken":0.0,"cards_obtained":["Leg Sweep","Bane"]},{"damage_healed":0.0,"max_hp_gain":0.0,"max_hp_loss":0.0,"gold_gain":0.0,"event_name":"Addict","player_choice":"Stole Relic","floor":30.0,"gold_loss":0.0,"damage_taken":0.0,"relics_obtained":["MawBank"],"cards_obtained":["Shame"]},{"damage_healed":0,"gold_gain":0,"player_choice":"Memory 1","damage_taken":0,"max_hp_gain":0,"max_hp_loss":0,"event_name":"SensoryStone","floor":37,"gold_loss":0},{"damage_healed":0,"gold_gain":0,"cards_transformed":["Strike_G"],"player_choice":"Transformed","damage_taken":0,"max_hp_gain":0,"max_hp_loss":0,"event_name":"Transmorgrifier","floor":38,"gold_loss":0,"cards_obtained":["Envenom"]}],"is_beta":false,"boss_relics":[{"not_picked":["Runic Pyramid","Astrolabe"],"picked":"Busted Crown"},{"not_picked":["Orrery","Eternal Feather"],"picked":"Black Star"}],"items_purged_floors":[3],"is_endless":false,"potions_floor_spawned":[2,7,16,22,23,27,29,31,35,39,42],"ascension_level":15}