{"path_per_floor":["M","?","?","T","?","R","M","M","T","$","R","M","M","$","R","B",null,"M","M","M","?","M","R"],"character_chosen":"THE_SILENT","items_purchased":["Footwork"],"gold_per_floor":[16,16,16,66,66,66,87,100,126,53,53,72,85,10,10,140,140,160,185,208,208,227,227,227],"floor_reached":24,"campfire_rested":2,"playtime":1708,"current_hp_per_floor":[57,43,43,43,43,43,43,43,43,43,43,43,43,43,64,3,53,45,37,27,11,8,29,0],"items_purged":["Injury"],"gold":227,"score":291,"play_id":"1f62f033-e0b7-4a27-b734-98abc5aebec7","local_time":"20180524180505","is_prod":false,"is_daily":false,"chose_seed":false,"is_ascension_mode":true,"campfire_upgraded":2,"timestamp":1527210305,"campfire_choices":[{"data":"Neutralize","floor":6,"key":"SMITH"},{"data":"Footwork","floor":11,"key":"SMITH"},{"floor":15,"key":"REST"},{"floor":23,"key":"REST"}],"path_taken":["M","?","?","?","?","R","M","?","T","$","R","M","M","$","R","BOSS","M","M","M","?","M","R","E"],"build_version":"2018-05-17","seed_source_timestamp":581836480398199,"purchased_purges":1,"victory":false,"master_deck":["Defend_G","Defend_G","Defend_G","Defend_G","Defend_G","Strike_G+1","Strike_G+1","Survivor","Neutralize+1","AscendersBane","Blur","Escape Plan","Dodge and Roll","Expertise","Backstab","Dagger Throw","Footwork+1","Quick Slash","Malaise","After Image","Flying Knee","Slice+1","Dagger Spray","Backflip"],"max_hp_per_floor":[70,70,70,70,70,70,70,70,70,70,70,70,70,70,70,70,70,70,70,70,70,70,70,70],"relics":["Ring of the Snake","Boot","Golden Idol","Pen Nib","Runic Dome","Nilry\u0027s Codex"],"card_choices":[{"not_picked":["Acrobatics","Blur"],"picked":"Dodge and Roll","floor":1},{"not_picked":["Sucker Punch","Crippling Poison"],"picked":"Backstab","floor":7},{"not_picked":["Dodge and Roll","Poisoned Stab"],"picked":"Dagger Throw","floor":8},{"not_picked":["PiercingWail","Riddle With Holes"],"picked":"Quick Slash","floor":12},{"not_picked":["Masterful Stab","Underhanded Strike"],"picked":"Malaise","floor":13},{"not_picked":["Phantasmal Killer","Unload"],"picked":"After Image","floor":16},{"not_picked":["Prepared","Eviscerate"],"picked":"Flying Knee","floor":18},{"not_picked":["Backflip","Setup+1"],"picked":"Slice+1","floor":19},{"not_picked":["Eviscerate+1","Dodge and Roll+1"],"picked":"Dagger Spray","floor":20},{"not_picked":["Poisoned Stab+1","Acrobatics"],"picked":"Backflip","floor":22}],"player_experience":488231,"potions_floor_usage":[16,16],"damage_taken":[{"damage":6,"enemies":"Small Slimes","floor":1,"turns":6},{"damage":0,"enemies":"2 Louse","floor":7,"turns":4},{"damage":0,"enemies":"Jaw Worm","floor":8,"turns":5},{"damage":0,"enemies":"Large Slime","floor":12,"turns":7},{"damage":0,"enemies":"Blue Slaver","floor":13,"turns":5},{"damage":61,"enemies":"Slime Boss","floor":16,"turns":21},{"damage":8,"enemies":"2 Thieves","floor":18,"turns":5},{"damage":8,"enemies":"Chosen","floor":19,"turns":9},{"damage":10,"enemies":"Centurion and Healer","floor":20,"turns":11},{"damage":3,"enemies":"Snake Plant","floor":22,"turns":7},{"damage":31,"enemies":"Slavers","floor":24,"turns":3}],"relics_obtained":[{"floor":4,"key":"Boot"},{"floor":9,"key":"Pen Nib"},{"floor":21,"key":"Nilry\u0027s Codex"}],"event_choices":[{"event_name":"Shining Light","player_choice":"Entered Light","floor":2,"damage_taken":0},{"event_name":"Living Wall","player_choice":"Change","floor":3,"damage_taken":0},{"event_name":"Golden Idol","player_choice":"Take Wound","floor":5,"damage_taken":0},{"event_name":"Cursed Tome","player_choice":"Obtained Book","floor":21,"damage_taken":0}],"boss_relics":[{"not_picked":["Velvet Choker","Lizard Tail"],"picked":"Runic Dome"}],"potions_floor_spawned":[8,12,20,22],"seed_played":"1645218617889499219","killed_by":"Slavers","ascension_level":11,"potions_obtained":[{"floor":8,"key":"AttackPotion"},{"floor":12,"key":"Strength Potion"},{"floor":20,"key":"SteroidPotion"},{"floor":22,"key":"Swift Potion"}],"is_trial":false}