{"gold_per_floor":[19,35,50,24,24,56,56,82,82,96,109,137,148,161,161,237,237,257,257,257,133,121,121,150,150,150,150,100,126,126,141,141,141],"floor_reached":33,"playtime":1751,"items_purged":["Strike_B","Strike_B"],"score":578,"play_id":"f85d0296-d086-4678-8eaa-94cd3131be47","local_time":"20180821204106","is_ascension_mode":true,"campfire_choices":[{"floor":7,"key":"REST"},{"floor":15,"key":"REST"},{"data":"Chaos","floor":23,"key":"SMITH"},{"data":"Fission","floor":25,"key":"SMITH"},{"data":"Go for the Eyes","floor":27,"key":"SMITH"},{"floor":32,"key":"REST"}],"neow_cost":"NO_GOLD","seed_source_timestamp":8242021261401,"circlet_count":0,"master_deck":["Defend_B","Defend_B","Defend_B","Defend_B","Zap+1","Dualcast","AscendersBane","Hologram+1","Multi-Cast","Genetic Algorithm","Conserve Battery","Glacier","Cold Snap","Go for the Eyes+1","Leap","Electrodynamics","Cold Snap","Echo Form","Flash of Steel","Chaos+1","Ball Lightning","Fission+1"],"relics":["Cracked Core","War Paint","Smiling Mask","Bag of Marbles","Strawberry","Busted Crown","Singing Bowl","Cables","Dream Catcher"],"potions_floor_usage":[8,16,24,24],"damage_taken":[{"damage":0,"enemies":"Cultist","floor":1,"turns":4},{"damage":1,"enemies":"Small Slimes","floor":2,"turns":2},{"damage":3,"enemies":"Jaw Worm","floor":3,"turns":4},{"damage":31,"enemies":"Lagavulin","floor":6,"turns":11},{"damage":0,"enemies":"3 Sentries","floor":8,"turns":3},{"damage":4,"enemies":"Large Slime","floor":10,"turns":9},{"damage":2,"enemies":"Looter","floor":11,"turns":4},{"damage":3,"enemies":"Lagavulin","floor":12,"turns":8},{"damage":16,"enemies":"3 Louse","floor":13,"turns":3},{"damage":0,"enemies":"Large Slime","floor":14,"turns":5},{"damage":10,"enemies":"The Guardian","floor":16,"turns":19},{"damage":3,"enemies":"3 Byrds","floor":18,"turns":3},{"damage":12,"enemies":"2 Thieves","floor":22,"turns":4},{"damage":10,"enemies":"Slavers","floor":24,"turns":5},{"damage":14,"enemies":"Book of Stabbing","floor":29,"turns":8},{"damage":15,"enemies":"Snecko","floor":31,"turns":7},{"damage":41,"enemies":"Champ","floor":33,"turns":9}],"seed_played":"-3196738486588989435","potions_obtained":[{"floor":2,"key":"Dexterity Potion"},{"floor":6,"key":"PowerPotion"},{"floor":8,"key":"Poison Potion"},{"floor":16,"key":"Poison Potion"},{"floor":30,"key":"Poison Potion"},{"floor":30,"key":"Fire Potion"}],"is_trial":false,"path_per_floor":["M","M","M","$","?","E","R","E","T","M","M","E","M","M","R","B",null,"M","?","?","$","M","R","E","R","T","R","$","E","?","M","R"],"character_chosen":"DEFECT","items_purchased":["Cold Snap","Chaos"],"campfire_rested":3,"item_purchase_floors":[4,21],"current_hp_per_floor":[64,63,60,60,60,29,50,50,50,46,44,48,32,32,55,45,70,67,67,53,53,41,41,31,31,31,31,31,19,19,6,32,0],"gold":141,"neow_bonus":"TRANSFORM_TWO_CARDS","is_prod":false,"is_daily":false,"chose_seed":false,"campfire_upgraded":3,"win_rate":0,"timestamp":1534909266,"path_taken":["M","M","M","?","?","E","R","E","T","M","M","E","M","M","R","BOSS","M","?","?","$","M","R","E","R","T","R","$","E","?","?","R","BOSS"],"build_version":"2018-08-16","purchased_purges":2,"victory":false,"max_hp_per_floor":[71,71,71,71,71,71,71,71,71,71,71,78,78,78,78,78,78,78,78,78,78,78,78,78,78,78,78,78,80,80,82,84,84],"card_choices":[{"not_picked":["Compile Driver","Darkness"],"picked":"Genetic Algorithm","floor":1},{"not_picked":["Compile Driver","Redo"],"picked":"Conserve Battery","floor":2},{"not_picked":["Go for the Eyes","Consume"],"picked":"Glacier","floor":3},{"not_picked":["Redo","Sweeping Beam","Turbo"],"picked":"SKIP","floor":6},{"not_picked":["Darkness","Sweeping Beam"],"picked":"Go for the Eyes","floor":8},{"not_picked":["Heatsinks","Redo"],"picked":"Leap","floor":10},{"not_picked":["Coolheaded","Gash"],"picked":"Electrodynamics","floor":11},{"not_picked":["FTL","Sweeping Beam","Rebound"],"picked":"SKIP","floor":12},{"not_picked":["Barrage","Redo","Beam Cell"],"picked":"SKIP","floor":13},{"not_picked":["Sweeping Beam","Hologram"],"picked":"Cold Snap","floor":14},{"not_picked":["Biased Cognition","Hyperbeam"],"picked":"Echo Form","floor":16},{"not_picked":["Rebound"],"picked":"SKIP","floor":18},{"not_picked":[],"picked":"Ball Lightning","floor":22},{"not_picked":[],"picked":"Fission","floor":24},{"not_picked":["Barrage"],"picked":"Singing Bowl","floor":29},{"not_picked":["Scrape"],"picked":"Singing Bowl","floor":31},{"not_picked":["Lockon"],"picked":"Singing Bowl","floor":32}],"player_experience":781464,"relics_obtained":[{"floor":6,"key":"War Paint"},{"floor":8,"key":"Smiling Mask"},{"floor":9,"key":"Bag of Marbles"},{"floor":12,"key":"Strawberry"},{"floor":24,"key":"Singing Bowl"},{"floor":26,"key":"Cables"},{"floor":29,"key":"Dream Catcher"}],"event_choices":[{"event_name":"The Cleric","player_choice":"Leave","floor":5,"damage_taken":0},{"event_name":"Vampires","player_choice":"Ignored","floor":19,"damage_taken":0},{"event_name":"Knowing Skull","player_choice":"CARD ","floor":20,"damage_taken":0},{"event_name":"The Lab","player_choice":"Got Potions","floor":30,"damage_taken":0}],"is_beta":false,"boss_relics":[{"not_picked":["Nuclear Battery","Tiny House"],"picked":"Busted Crown"}],"items_purged_floors":[21,28],"is_endless":false,"potions_floor_spawned":[2,6,8,11,16,18,22],"killed_by":"Champ","ascension_level":15}