{"gold_per_floor":[115,190,190,140,157,157,190,190,217,217,232,157,176,190,190,289,289,300,225,21,21,39,64,76,76,129,129,4,14,14,25,25,127,127,142,0,19,19,19,49,49,74,97,128,128,128,128,148,148,148],"floor_reached":50,"playtime":4313,"items_purged":["Strike_B","Defend_B","Defend_B"],"score":622,"play_id":"5a6fb4a0-cd4a-4823-81f3-1cb63e3fa027","local_time":"20180714213310","is_ascension_mode":true,"campfire_choices":[{"data":"Zap","floor":6.0,"key":"SMITH"},{"data":"Streamline","floor":8.0,"key":"SMITH"},{"data":"Sweeping Beam","floor":10.0,"key":"SMITH"},{"data":"Conserve Battery","floor":15.0,"key":"SMITH"},{"data":"Genetic Algorithm","floor":25.0,"key":"SMITH"},{"data":"Defragment","floor":27.0,"key":"SMITH"},{"floor":30.0,"key":"REST"},{"data":"Streamline","floor":32.0,"key":"SMITH"},{"data":"Rainbow","floor":41.0,"key":"SMITH"},{"floor":45.0,"key":"REST"},{"data":"Static Discharge","floor":49.0,"key":"SMITH"}],"neow_cost":"NONE","seed_source_timestamp":0,"circlet_count":0,"master_deck":["Zap+1","Dualcast","Sweeping Beam+1","Streamline+1","Conserve Battery+1","Coolheaded","Reboot","Genetic Algorithm+1","Conserve Battery","Defragment+1","Loop+1","Coolheaded","Streamline+1","Rainbow+1","Barrage+1","Doom and Gloom+1","Ball Lightning+1","Glacier","Writhe","Static Discharge+1"],"special_seed":0,"relics":["Cracked Core","NeowsBlessing","Gambling Chip","Regal Pillow","Empty Cage","Blood Vial","Happy Flower","Runic Dome","Red Mask","Lantern","Whetstone","Potion Belt","Juzu Bracelet"],"potions_floor_usage":[50,50,50],"damage_taken":[{"damage":0.0,"enemies":"Jaw Worm","floor":1.0,"turns":1.0},{"damage":0.0,"enemies":"Cultist","floor":5.0,"turns":1.0},{"damage":0.0,"enemies":"3 Sentries","floor":7.0,"turns":1.0},{"damage":0.0,"enemies":"Small Slimes","floor":11.0,"turns":2.0},{"damage":7.0,"enemies":"3 Louse","floor":13.0,"turns":2.0},{"damage":7.0,"enemies":"Large Slime","floor":14.0,"turns":5.0},{"damage":3.0,"enemies":"The Guardian","floor":16.0,"turns":9.0},{"damage":12.0,"enemies":"Chosen","floor":18.0,"turns":5.0},{"damage":1.0,"enemies":"Spheric Guardian","floor":22.0,"turns":3.0},{"damage":43.0,"enemies":"Slavers","floor":23.0,"turns":5.0},{"damage":2.0,"enemies":"Chosen and Byrds","floor":24.0,"turns":6.0},{"damage":26.0,"enemies":"Cultist and Chosen","floor":29.0,"turns":5.0},{"damage":12.0,"enemies":"3 Cultists","floor":31.0,"turns":4.0},{"damage":23.0,"enemies":"Collector","floor":33.0,"turns":9.0},{"damage":0.0,"enemies":"Orb Walker","floor":35.0,"turns":4.0},{"damage":14.0,"enemies":"3 Darklings","floor":37.0,"turns":4.0},{"damage":21.0,"enemies":"2 Orb Walkers","floor":40.0,"turns":4.0},{"damage":36.0,"enemies":"Nemesis","floor":44.0,"turns":5.0},{"damage":13.0,"enemies":"Sphere and 2 Shapes","floor":48.0,"turns":3.0},{"damage":69,"enemies":"Time Eater","floor":50,"turns":11}],"seed_played":"-6504391968866464392","potions_obtained":[{"floor":5.0,"key":"Weak Potion"},{"floor":7.0,"key":"LiquidBronze"},{"floor":18.0,"key":"Poison Potion"},{"floor":24.0,"key":"SkillPotion"},{"floor":33.0,"key":"SneckoOil"},{"floor":40.0,"key":"SpeedPotion"},{"floor":44.0,"key":"Weak Potion"},{"floor":48.0,"key":"SkillPotion"}],"is_trial":false,"path_per_floor":["M","?","?","?","M","R","E","R","T","R","M","$","M","M","R","B",null,"M","?","$","?","M","E","M","R","T","R","$","M","R","M","R","B",null,"M","?","M","?","$","E","R","T","T","E","R","?","?","M","R"],"character_chosen":"DEFECT","items_purchased":["Conserve Battery","Defragment"],"campfire_rested":2,"item_purchase_floors":[20,20],"current_hp_per_floor":[75,68,61,61,61,61,61,61,61,61,68,68,61,61,61,65,75,70,70,70,70,75,39,39,39,39,39,39,22,59,56,56,42,75,75,75,68,68,68,49,49,49,49,15,52,52,71,60,60,0],"gold":148,"neow_bonus":"THREE_ENEMY_KILL","is_prod":false,"is_daily":false,"chose_seed":false,"campfire_upgraded":9,"win_rate":0,"timestamp":1531629190,"path_taken":["M","?","?","?","M","R","E","R","T","R","M","?","M","M","R","BOSS","M","?","$","?","M","E","?","R","T","R","?","M","R","M","R","BOSS","M","?","?","?","$","E","R","?","T","E","R","?","?","M","R","BOSS"],"build_version":"2018-07-12","purchased_purges":3,"victory":false,"max_hp_per_floor":[75,75,75,75,75,75,75,75,75,75,75,75,75,75,75,75,75,75,75,75,75,75,75,75,75,75,75,75,75,75,75,75,75,75,75,75,75,75,75,75,75,75,75,75,75,75,75,75,75,75],"card_choices":[{"not_picked":["Hologram","Reprogram"],"picked":"Self Repair","floor":1.0},{"not_picked":["BootSequence","Reinforced Body"],"picked":"Sweeping Beam","floor":5.0},{"not_picked":["Echo Form","Buffer"],"picked":"Streamline","floor":7.0},{"not_picked":["Skim","Double Energy","Steam"],"picked":"SKIP","floor":11.0},{"not_picked":["Barrage","Skim"],"picked":"Conserve Battery","floor":13.0},{"not_picked":["Hologram","Fusion"],"picked":"Coolheaded","floor":14.0},{"not_picked":["Hyperbeam","Amplify"],"picked":"Reboot","floor":16.0},{"not_picked":["Force Field","Rebound+1"],"picked":"Genetic Algorithm","floor":18.0},{"not_picked":["Scrape","Hologram+1"],"picked":"Loop+1","floor":22.0},{"not_picked":["Beam Cell","Leap"],"picked":"Coolheaded","floor":23.0},{"not_picked":["Hello World+1","Go for the Eyes"],"picked":"Streamline","floor":24.0},{"not_picked":["Hello World","Compile Driver","Cold Snap"],"picked":"SKIP","floor":29.0},{"not_picked":["Loop","Rebound","Ball Lightning"],"picked":"SKIP","floor":31.0},{"not_picked":["Meteor Strike","Reboot"],"picked":"Rainbow","floor":33.0},{"not_picked":["Sweeping Beam","Redo"],"picked":"Barrage+1","floor":35.0},{"not_picked":["Leap","Glacier"],"picked":"Doom and Gloom+1","floor":37.0},{"not_picked":["Fusion+1","Coolheaded"],"picked":"Ball Lightning+1","floor":40.0},{"not_picked":["Sweeping Beam+1","Genetic Algorithm"],"picked":"Glacier","floor":44.0},{"not_picked":["Ball Lightning+1","Undo+1"],"picked":"Static Discharge","floor":48.0}],"player_experience":596990,"relics_obtained":[{"floor":7.0,"key":"Gambling Chip"},{"floor":9.0,"key":"Regal Pillow"},{"floor":23.0,"key":"Blood Vial"},{"floor":26.0,"key":"Happy Flower"},{"floor":40.0,"key":"Lantern"},{"floor":42.0,"key":"Whetstone"},{"floor":43.0,"key":"Potion Belt"},{"floor":44.0,"key":"Juzu Bracelet"}],"event_choices":[{"event_name":"FaceTrader","player_choice":"Touch","floor":2.0,"damage_taken":0.0},{"event_name":"Golden Wing","player_choice":"Card Removal","floor":3.0,"damage_taken":0.0},{"event_name":"The Cleric","player_choice":"Card Removal","floor":4.0,"damage_taken":0.0},{"event_name":"Beggar","player_choice":"Gave Gold","floor":19.0,"damage_taken":0.0},{"event_name":"Addict","player_choice":"Ignored","floor":21.0,"damage_taken":0.0},{"event_name":"Tomb of Lord Red Mask","player_choice":"Paid","floor":36.0,"damage_taken":0.0},{"event_name":"Falling","player_choice":"Removed Power","floor":38.0,"damage_taken":0.0},{"event_name":"SensoryStone","player_choice":"Memory 1","floor":46.0,"damage_taken":0.0},{"event_name":"Winding Halls","player_choice":"Writhe","floor":47.0,"damage_taken":0.0}],"boss_relics":[{"not_picked":["Tiny House","Snecko Eye"],"picked":"Empty Cage"},{"not_picked":["Pandora\u0027s Box","Philosopher\u0027s Stone"],"picked":"Runic Dome"}],"items_purged_floors":[12,20,28],"is_endless":false,"potions_floor_spawned":[5,7,18,24,33,40,44,48],"killed_by":"Time Eater","ascension_level":3}