{"gold_per_floor":[117,117,117,117,41,84,84,120,120,120,160,42,117,133,133,258,321,344,269,73,87,2,2,2,23,69,69,103,134,31,45,45,166,166,189,522,536,555,555,585,600,600,646,109,109,119,134,147,147,147],"floor_reached":51,"playtime":3095,"items_purged":["Strike_R","Defend_R","Strike_R","Anger"],"score":711,"play_id":"1f2ed169-3c62-4953-8903-70bc8d971a13","local_time":"20190416221250","is_ascension_mode":false,"campfire_choices":[{"data":"1","floor":7,"key":"LIFT"},{"floor":10,"key":"REST"},{"floor":15,"key":"REST"},{"data":"2","floor":23,"key":"LIFT"},{"data":"3","floor":27,"key":"LIFT"},{"data":"Inflame","floor":32,"key":"SMITH"},{"floor":42,"key":"REST"},{"data":"Thinking Ahead","floor":45,"key":"SMITH"},{"data":"Fire Breathing","floor":49,"key":"SMITH"}],"neow_cost":"NONE","seed_source_timestamp":528672599181965,"circlet_count":0,"master_deck":["Strike_R+1","Strike_R+1","Defend_R","Defend_R","Bash","Inflame+1","Heavy Blade+1","Fire Breathing+1","Offering+1","Flash of Steel","Combust","Reaper","Flex","Brutality+1","Pommel Strike","Offering+1","Flex","Thinking Ahead+1","Dropkick+1"],"relics":["Burning Blood","Smiling Mask","Dodecahedron","Girya","Pantograph","Matryoshka","Self Forming Clay","Tiny House","Happy Flower","Regal Pillow","Bag of Preparation","Darkstone Periapt","Red Mask","White Beast Statue","Whetstone","War Paint","Bag of Marbles","Question Card"],"potions_floor_usage":[8,16,40,40,50],"damage_taken":[{"damage":0,"enemies":"Small Slimes","floor":1,"turns":3},{"damage":24,"enemies":"Gremlin Nob","floor":6,"turns":4},{"damage":16,"enemies":"Lagavulin","floor":8,"turns":5},{"damage":28,"enemies":"Gremlin Nob","floor":11,"turns":4},{"damage":0,"enemies":"2 Louse","floor":14,"turns":2},{"damage":45,"enemies":"The Guardian","floor":16,"turns":9},{"damage":6,"enemies":"Spheric Guardian","floor":18,"turns":3},{"damage":13,"enemies":"Shell Parasite","floor":21,"turns":2},{"damage":32,"enemies":"Centurion and Healer","floor":25,"turns":4},{"damage":26,"enemies":"Gremlin Leader","floor":28,"turns":3},{"damage":18,"enemies":"Masked Bandits","floor":29,"turns":3},{"damage":11,"enemies":"Snecko","floor":31,"turns":3},{"damage":63,"enemies":"Collector","floor":33,"turns":7},{"damage":32,"enemies":"3 Darklings","floor":35,"turns":3},{"damage":29,"enemies":"Orb Walker","floor":37,"turns":3},{"damage":33,"enemies":"3 Darklings","floor":38,"turns":3},{"damage":63,"enemies":"Nemesis","floor":40,"turns":5},{"damage":34,"enemies":"Spire Growth","floor":41,"turns":3},{"damage":21,"enemies":"Jaw Worm Horde","floor":46,"turns":3},{"damage":19,"enemies":"Transient","floor":47,"turns":5},{"damage":13,"enemies":"3 Darklings","floor":48,"turns":1},{"damage":102,"enemies":"Time Eater","floor":50,"turns":9}],"seed_played":"-7166839744883259546","potions_obtained":[{"floor":1,"key":"Poison Potion"},{"floor":11,"key":"Fire Potion"},{"floor":16,"key":"AttackPotion"},{"floor":17,"key":"LiquidBronze"},{"floor":18,"key":"Energy Potion"},{"floor":25,"key":"Swift Potion"},{"floor":35,"key":"SteroidPotion"},{"floor":40,"key":"SkillPotion"},{"floor":41,"key":"Explosive Potion"}],"is_trial":false,"path_per_floor":["M","?","?","?","$","E","R","E","T","R","E","$","?","M","R","B",null,"M","?","$","M","$","R","?","M","T","R","E","?","$","M","R","B",null,"M","?","M","M","?","E","M","R","T","$","R","M","M","M","R","B",null],"character_chosen":"IRONCLAD","items_purchased":["Inflame","Fire Breathing","Happy Flower","Flash of Steel","Flex","Flex","Thinking Ahead","Question Card"],"campfire_rested":3,"item_purchase_floors":[5,12,20,22,30,44,44,44],"current_hp_per_floor":[80,62,62,42,42,24,24,14,14,38,16,16,5,11,35,21,85,85,85,85,78,78,78,78,52,52,52,32,41,41,45,45,35,85,82,82,74,79,79,28,7,47,47,47,47,63,71,84,84,7],"gold":147,"neow_bonus":"RANDOM_COMMON_RELIC","is_prod":false,"is_daily":false,"chose_seed":false,"campfire_upgraded":3,"win_rate":0.0,"timestamp":1555467170,"path_taken":["M","?","?","?","$","E","R","E","T","R","E","?","?","M","R","BOSS","M","?","$","M","$","R","?","M","T","R","E","?","$","M","R","BOSS","M","?","M","M","?","E","M","R","T","$","R","M","M","M","R","BOSS"],"build_version":"2019-01-23","purchased_purges":4,"victory":true,"max_hp_per_floor":[80,80,80,80,80,80,80,80,80,80,80,80,80,80,80,80,85,85,85,85,85,85,85,85,85,85,85,85,85,85,85,85,85,85,85,85,85,85,85,85,85,85,85,85,85,85,85,85,85,85],"card_choices":[{"not_picked":["Heavy Blade","Entrench"],"picked":"Anger","floor":1},{"not_picked":["Feel No Pain","Carnage","Blood for Blood"],"picked":"SKIP","floor":6},{"not_picked":["Uppercut","Flame Barrier","Intimidate"],"picked":"SKIP","floor":8},{"not_picked":["Perfected Strike","Uppercut"],"picked":"Heavy Blade","floor":11},{"not_picked":["Sword Boomerang","Dual Wield","Body Slam"],"picked":"SKIP","floor":14},{"not_picked":["Barricade","Bludgeon"],"picked":"Offering","floor":16},{"not_picked":["Corruption","Clothesline+1","Clash+1"],"picked":"SKIP","floor":18},{"not_picked":["Heavy Blade","Iron Wave","True Grit+1"],"picked":"SKIP","floor":21},{"not_picked":["Perfected Strike+1","Clothesline"],"picked":"Combust","floor":25},{"not_picked":["Sever Soul","Anger"],"picked":"Reaper","floor":28},{"not_picked":["Headbutt","Disarm","Twin Strike"],"picked":"SKIP","floor":31},{"not_picked":["Juggernaut","Reaper"],"picked":"Brutality","floor":33},{"not_picked":["Wild Strike+1","Perfected Strike"],"picked":"Pommel Strike","floor":35},{"not_picked":["Shrug It Off+1","Anger","Clash+1"],"picked":"SKIP","floor":37},{"not_picked":["Second Wind+1","Clothesline","Perfected Strike"],"picked":"SKIP","floor":38},{"not_picked":["Carnage","Heavy Blade+1"],"picked":"Offering","floor":40},{"not_picked":["Infernal Blade+1","Bloodletting+1","Sword Boomerang"],"picked":"SKIP","floor":41},{"not_picked":["Body Slam","Armaments+1","Twin Strike"],"picked":"Dropkick+1","floor":46},{"not_picked":["Twin Strike","Uppercut","Sword Boomerang","Corruption+1"],"picked":"SKIP","floor":47},{"not_picked":["Warcry","Fiend Fire","True Grit","Iron Wave"],"picked":"SKIP","floor":48}],"player_experience":33463,"relics_obtained":[{"floor":6,"key":"Girya"},{"floor":8,"key":"Pantograph"},{"floor":9,"key":"Matryoshka"},{"floor":11,"key":"Self Forming Clay"},{"floor":26,"key":"Regal Pillow"},{"floor":26,"key":"Bag of Preparation"},{"floor":28,"key":"Darkstone Periapt"},{"floor":29,"key":"Red Mask"},{"floor":40,"key":"Whetstone"},{"floor":43,"key":"War Paint"},{"floor":43,"key":"Bag of Marbles"}],"event_choices":[{"damage_healed":0,"gold_gain":0,"player_choice":"Success","damage_taken":18,"relics_obtained":["Dodecahedron"],"max_hp_gain":0,"max_hp_loss":0,"event_name":"Scrap Ooze","floor":2,"gold_loss":0},{"cards_removed":["Defend_R"],"damage_healed":0,"gold_gain":0,"player_choice":"Forget","damage_taken":0,"max_hp_gain":0,"max_hp_loss":0,"event_name":"Living Wall","floor":3,"gold_loss":0},{"damage_healed":0,"gold_gain":0,"player_choice":"Take Damage","damage_taken":20,"relics_obtained":["Golden Idol"],"max_hp_gain":0,"max_hp_loss":0,"event_name":"Golden Idol","floor":4,"gold_loss":0},{"damage_healed":0,"gold_gain":75,"player_choice":"Gather Gold","damage_taken":11,"max_hp_gain":0,"max_hp_loss":0,"event_name":"World of Goop","floor":13,"gold_loss":0},{"cards_removed":["Strike_R"],"damage_healed":0,"gold_gain":0,"player_choice":"Gave Gold","damage_taken":0,"max_hp_gain":0,"max_hp_loss":0,"event_name":"Beggar","floor":19,"gold_loss":75},{"damage_healed":0,"gold_gain":0,"player_choice":"Ignored","damage_taken":0,"max_hp_gain":0,"max_hp_loss":0,"event_name":"Vampires","floor":24,"gold_loss":0},{"damage_healed":0,"gold_gain":0,"player_choice":"Fought Bandits","damage_taken":0,"max_hp_gain":0,"max_hp_loss":0,"event_name":"Masked Bandits","floor":29,"gold_loss":0},{"damage_healed":0,"gold_gain":333,"player_choice":"Gave Idol","damage_taken":0,"max_hp_gain":0,"max_hp_loss":0,"event_name":"The Moai Head","floor":36,"relics_lost":["Golden Idol"],"gold_loss":0},{"damage_healed":0,"gold_gain":0,"player_choice":"Forge","damage_taken":0,"max_hp_gain":0,"max_hp_loss":0,"event_name":"Accursed Blacksmith","floor":39,"gold_loss":0,"cards_upgraded":["Brutality"]}],"is_beta":false,"boss_relics":[{"not_picked":["Philosopher\u0027s Stone","Orrery"],"picked":"Tiny House"},{"not_picked":["Astrolabe","Snecko Eye"],"picked":"White Beast Statue"}],"items_purged_floors":[12,20,30,44],"is_endless":false,"potions_floor_spawned":[1,11,16,18,25,33,35,37,38,40,41,46,47,48],"ascension_level":0}