{"path_per_floor":["M","$","?","M","M","R","M","M","T","E","R","M","R","M","R","B",null,"M","$","?","M","M","E","M","R","T","E","M","E","?","?","R","B",null,"M","?","$","?","M","R","E","R","T","E","M","M","?","$","R"],"character_chosen":"IRONCLAD","items_purchased":["Torii","Cleave","Self Forming Clay","Pen Nib","Mango","Clash","Metallicize"],"gold_per_floor":[365,47,47,67,87,87,107,118,118,148,148,162,162,173,173,319,319,339,13,13,29,47,76,92,92,144,174,189,216,247,247,247,324,324,343,393,149,149,162,162,197,197,197,222,241,259,481,48,48,48],"floor_reached":50,"campfire_rested":0,"playtime":5229,"item_purchase_floors":[],"current_hp_per_floor":[35,35,80,80,74,74,73,79,79,80,80,80,80,80,80,74,79,77,77,77,79,65,66,42,42,42,40,59,53,56,56,56,50,73,63,67,67,67,66,66,56,56,56,71,73,78,78,92,92,0],"items_purged":["Strike_R","Strike_R"],"gold":48,"score":994,"play_id":"d51794c1-b8dc-463d-89f9-2064422f8b07","local_time":"20180531212425","is_prod":false,"is_daily":false,"chose_seed":false,"is_ascension_mode":true,"campfire_upgraded":9,"win_rate":0,"timestamp":1527827065,"campfire_choices":[{"data":"Bash","floor":6.0,"key":"SMITH"},{"data":"Iron Wave","floor":11.0,"key":"SMITH"},{"data":"Juggernaut","floor":13.0,"key":"SMITH"},{"data":"Iron Wave","floor":15.0,"key":"SMITH"},{"data":"Shrug It Off","floor":25,"key":"SMITH"},{"data":"Combust","floor":32,"key":"SMITH"},{"data":"Bludgeon","floor":40,"key":"SMITH"},{"data":"Metallicize","floor":42,"key":"SMITH"},{"data":"Metallicize","floor":49,"key":"SMITH"}],"path_taken":["M","$","?","M","M","R","M","M","T","E","R","M","R","M","R","BOSS","BOSS","M","$","?","M","?","E","M","R","T","E","M","E","?","?","R","BOSS","M","?","$","?","M","R","E","R","T","E","M","M","?","$","R","BOSS"],"build_version":"2018-05-31","seed_source_timestamp":0,"purchased_purges":2,"victory":false,"master_deck":["Strike_R+1","Strike_R+1","Defend_R","Defend_R","Defend_R","Bash+1","AscendersBane","Cleave","Iron Wave+1","Clash","Iron Wave+1","Shrug It Off+1","Juggernaut+1","Offering","True Grit+1","Disarm+1","Reaper","Uppercut+1","Rage","Combust+1","Iron Wave","Metallicize+1","Bludgeon+1","Flame Barrier","Clothesline","Clash","Metallicize+1"],"max_hp_per_floor":[80,80,80,80,80,80,80,80,80,80,80,80,80,80,80,80,80,80,80,80,80,80,80,80,80,80,80,80,80,80,80,80,80,80,80,80,80,80,80,80,80,80,80,80,80,80,80,94,94,94],"relics":["Burning Blood","Torii","Centennial Puzzle","Bag of Preparation","Sozu","Self Forming Clay","Red Skull","Regal Pillow","Bronze Scales","Whetstone","Red Mask","Runic Dome","Magic Flower","Pen Nib","Letter Opener","Darkstone Periapt","Du-Vu Doll","Mango"],"card_choices":[{"not_picked":["Body Slam","Second Wind","Infernal Blade"],"picked":"SKIP","floor":1.0},{"not_picked":["Thunderclap","Wild Strike","Heavy Blade"],"picked":"SKIP","floor":4.0},{"not_picked":["Shockwave","Power Through"],"picked":"Iron Wave","floor":5.0},{"not_picked":["True Grit","Flex"],"picked":"Clash","floor":7.0},{"not_picked":["Warcry","Battle Trance"],"picked":"Iron Wave","floor":8.0},{"not_picked":["Battle Trance","Rupture"],"picked":"Shrug It Off","floor":10.0},{"not_picked":["Searing Blow","Cleave"],"picked":"Juggernaut","floor":12.0},{"not_picked":["Infernal Blade","Flex","Heavy Blade"],"picked":"SKIP","floor":14.0},{"not_picked":["Brutality","Exhume"],"picked":"Offering","floor":16},{"not_picked":["Sever Soul","Sword Boomerang"],"picked":"True Grit+1","floor":18},{"not_picked":["Whirlwind","Thunderclap"],"picked":"Disarm+1","floor":21},{"not_picked":["Searing Blow+1","Armaments","Rampage"],"picked":"SKIP","floor":22},{"not_picked":["Corruption","Cleave"],"picked":"Reaper","floor":23},{"not_picked":["Twin Strike","Carnage"],"picked":"Uppercut+1","floor":24},{"not_picked":["Dropkick","Feel No Pain"],"picked":"Rage","floor":27},{"not_picked":["Burning Pact","Dropkick"],"picked":"Combust","floor":28},{"not_picked":["Battle Trance","Carnage"],"picked":"Iron Wave","floor":29},{"not_picked":["Pommel Strike","Flex"],"picked":"Metallicize","floor":30},{"not_picked":["Dark Embrace","Juggernaut"],"picked":"Bludgeon","floor":33},{"not_picked":["Whirlwind","Sword Boomerang"],"picked":"Flame Barrier","floor":35},{"not_picked":["Power Through","Corruption","Bloodletting"],"picked":"SKIP","floor":39},{"not_picked":["Armaments","Juggernaut"],"picked":"Clothesline","floor":41},{"not_picked":["Wild Strike","Whirlwind+1","Headbutt"],"picked":"SKIP","floor":44},{"not_picked":["Body Slam","Havoc","Bloodletting"],"picked":"SKIP","floor":45},{"not_picked":["Corruption+1","Anger","Twin Strike"],"picked":"SKIP","floor":46}],"player_experience":538065,"potions_floor_usage":[27,33],"damage_taken":[{"damage":7.0,"enemies":"2 Louse","floor":1.0,"turns":3.0},{"damage":1.0,"enemies":"Cultist","floor":4.0,"turns":3.0},{"damage":12.0,"enemies":"Small Slimes","floor":5.0,"turns":4.0},{"damage":7.0,"enemies":"Exordium Wildlife","floor":7.0,"turns":5.0},{"damage":0.0,"enemies":"3 Louse","floor":8.0,"turns":2.0},{"damage":2.0,"enemies":"3 Sentries","floor":10.0,"turns":6.0},{"damage":3.0,"enemies":"Large Slime","floor":12.0,"turns":7.0},{"damage":1.0,"enemies":"2 Fungi Beasts","floor":14.0,"turns":4.0},{"damage":12.0,"enemies":"The Guardian","floor":16.0,"turns":11.0},{"damage":8,"enemies":"3 Byrds","floor":18,"turns":5},{"damage":4,"enemies":"Spheric Guardian","floor":21,"turns":3},{"damage":20,"enemies":"Snecko","floor":22,"turns":7},{"damage":5,"enemies":"Book of Stabbing","floor":23,"turns":5},{"damage":37,"enemies":"Slaver and Parasite","floor":24,"turns":7},{"damage":32,"enemies":"Slavers","floor":27,"turns":6},{"damage":4,"enemies":"Cultist and Chosen","floor":28,"turns":6},{"damage":22,"enemies":"Book of Stabbing","floor":29,"turns":4},{"damage":7,"enemies":"Masked Bandits","floor":30,"turns":3},{"damage":26,"enemies":"Collector","floor":33,"turns":10},{"damage":23,"enemies":"3 Shapes","floor":35,"turns":3},{"damage":8,"enemies":"Mysterious Sphere","floor":36,"turns":4},{"damage":23,"enemies":"3 Darklings","floor":39,"turns":4},{"damage":19,"enemies":"Nemesis","floor":41,"turns":5},{"damage":6,"enemies":"2 Orb Walkers","floor":44,"turns":3},{"damage":18,"enemies":"Maw","floor":45,"turns":6},{"damage":6,"enemies":"Sphere and 2 Shapes","floor":46,"turns":3},{"damage":92,"enemies":"Donu and Deca","floor":50,"turns":8}],"relics_obtained":[{"floor":9.0,"key":"Centennial Puzzle"},{"floor":10.0,"key":"Bag of Preparation"},{"floor":23,"key":"Red Skull"},{"floor":26,"key":"Regal Pillow"},{"floor":27,"key":"Bronze Scales"},{"floor":29,"key":"Whetstone"},{"floor":30,"key":"Red Mask"},{"floor":36,"key":"Magic Flower"},{"floor":41,"key":"Letter Opener"},{"floor":43,"key":"Darkstone Periapt"},{"floor":44,"key":"Du-Vu Doll"}],"event_choices":[{"event_name":"Wheel of Change","player_choice":"Full Heal","floor":3.0,"damage_taken":0.0},{"event_name":"Drug Dealer","player_choice":"Ignored","floor":20,"damage_taken":0},{"event_name":"Masked Bandits","player_choice":"Fought over 216 gold","floor":30,"damage_taken":0},{"event_name":"Purifier","player_choice":"One Purge","floor":31,"damage_taken":0},{"event_name":"Mysterious Sphere","player_choice":"Fight","floor":36,"damage_taken":0},{"event_name":"Tomb of Lord Red Mask","player_choice":"Wore Mask","floor":47,"damage_taken":0}],"boss_relics":[{"not_picked":["Ectoplasm","Eternal Feather"],"picked":"Sozu"},{"not_picked":["Tiny House","Lizard Tail"],"picked":"Runic Dome"}],"items_purged_floors":[19,37],"potions_floor_spawned":[4,5,10,21,23,27,29,30,35,39,44],"seed_played":"7390852278691732044","killed_by":"Donu and Deca","ascension_level":13,"potions_obtained":[{"floor":4.0,"key":"Ancient Potion"},{"floor":5.0,"key":"AttackPotion"},{"floor":10.0,"key":"Ancient Potion"}],"is_trial":false}