{"path_per_floor":["M","?","M","M","M","R","E","M","T","E","$","M","?","E","R"],"character_chosen":"IRONCLAD","items_purchased":["Matryoshka"],"gold_per_floor":[110,110,127,145,160,160,191,204,231,266,28,47,47,73,73,73],"floor_reached":16,"campfire_rested":0,"playtime":1601,"current_hp_per_floor":[71,64,65,71,69,69,68,67,67,45,45,51,51,39,39,0],"items_purged":[],"gold":73,"score":177,"play_id":"3e3817c5-74ea-4511-a9db-85950c047eb1","local_time":"20180427100530","is_prod":false,"is_daily":false,"chose_seed":false,"is_ascension_mode":true,"campfire_upgraded":2,"timestamp":1524848730,"path_taken":["M","?","M","M","M","R","E","M","T","E","$","M","?","E","R","BOSS"],"build_version":"2018-04-26","seed_source_timestamp":166669574837622,"purchased_purges":0,"victory":false,"master_deck":["Strike_R","Strike_R","Strike_R","Strike_R","Strike_R","Defend_R","Defend_R","Defend_R","Defend_R","Bash+1","Anger","Clash","Thunderclap","Clash","Shrug It Off+1","Shrug It Off"],"max_hp_per_floor":[80,80,80,80,80,80,80,80,80,80,80,80,80,80,80,80],"relics":["Burning Blood","Art of War","Dodecahedron","Omamori","Oddly Smooth Stone","Lantern","Matryoshka","Dream Catcher","Pantograph"],"card_choices":[{"not_picked":["Twin Strike","Sword Boomerang"],"picked":"Anger","floor":1},{"not_picked":["Flex","Sword Boomerang"],"picked":"Clash","floor":3},{"not_picked":["Rampage","Pummel"],"picked":"Thunderclap","floor":5},{"not_picked":["Brutality","Pommel Strike"],"picked":"Clash","floor":10},{"not_picked":["Corruption","Perfected Strike"],"picked":"Shrug It Off","floor":12},{"not_picked":["Flame Barrier","Clash"],"picked":"Shrug It Off","floor":14}],"player_experience":389810,"potions_floor_usage":[7,16,16,16],"damage_taken":[{"damage":7,"enemies":"Jaw Worm","floor":1,"turns":4},{"damage":5,"enemies":"Small Slimes","floor":3,"turns":4},{"damage":0,"enemies":"2 Louse","floor":4,"turns":3},{"damage":8,"enemies":"Blue Slaver","floor":5,"turns":3},{"damage":7,"enemies":"Gremlin Nob","floor":7,"turns":3},{"damage":7,"enemies":"Lots of Slimes","floor":8,"turns":4},{"damage":28,"enemies":"Lagavulin","floor":10,"turns":6},{"damage":0,"enemies":"Exordium Thugs","floor":12,"turns":2},{"damage":18,"enemies":"3 Sentries","floor":14,"turns":6},{"damage":69,"enemies":"Slime Boss","floor":16,"turns":10}],"event_choices":[{"event_name":"Scrap Ooze","player_choice":"success","floor":2,"damage_taken":7},{"event_name":"Big Fish","player_choice":"Box","floor":13,"damage_taken":0}],"boss_relics":[],"potions_floor_spawned":[5,8,10,14],"seed_played":"-6599461703852680059","killed_by":"Slime Boss","ascension_level":9,"is_trial":false}