{"gold_per_floor":[113,113,137,137,212,252,252,283,283,283,10,35,71,71,71,191,191,211,136,154,170,189,189,208,208,208,247,270,294,294,294],"floor_reached":31,"playtime":1647,"items_purged":["Strike_R"],"score":360,"play_id":"b6d94f47-4f48-4c1e-8484-b9ca0caa8293","local_time":"20181205211802","is_ascension_mode":true,"campfire_choices":[{"floor":10,"key":"REST"},{"data":"True Grit","floor":15,"key":"SMITH"},{"floor":23,"key":"REST"},{"data":"Heavy Blade","floor":25,"key":"SMITH"}],"neow_cost":"NONE","seed_source_timestamp":1131622471182426,"circlet_count":0,"master_deck":["Strike_R","Strike_R","Strike_R","Defend_R+1","Defend_R","Defend_R+1","Bash","True Grit+1","Uppercut","Whirlwind","Heavy Blade+1","Cleave","Shrug It Off","Demon Form+1","Clothesline","Battle Trance","Injury","Juggernaut+1","Armaments"],"relics":["Burning Blood","NeowsBlessing","Golden Idol","Frozen Egg 2","War Paint","Strawberry","OrangePellets","Champion Belt","Cursed Key","Molten Egg 2","Matryoshka"],"potions_floor_usage":[8,16,16,24,28,29,31],"damage_taken":[{"damage":0,"enemies":"Small Slimes","floor":1,"turns":1},{"damage":0,"enemies":"2 Louse","floor":3,"turns":1},{"damage":0,"enemies":"3 Sentries","floor":6,"turns":2},{"damage":43,"enemies":"Lagavulin","floor":8,"turns":6},{"damage":4,"enemies":"Jaw Worm","floor":12,"turns":3},{"damage":38,"enemies":"Gremlin Nob","floor":13,"turns":5},{"damage":55,"enemies":"The Guardian","floor":16,"turns":17},{"damage":21,"enemies":"Shell Parasite","floor":18,"turns":5},{"damage":11,"enemies":"3 Byrds","floor":20,"turns":4},{"damage":30,"enemies":"Snake Plant","floor":21,"turns":5},{"damage":7,"enemies":"Snecko","floor":22,"turns":4},{"damage":12,"enemies":"Cultist and Chosen","floor":24,"turns":5},{"damage":23,"enemies":"Book of Stabbing","floor":27,"turns":5},{"damage":28,"enemies":"3 Cultists","floor":28,"turns":5},{"damage":25,"enemies":"Centurion and Healer","floor":29,"turns":4},{"damage":0,"enemies":"Slavers","floor":31,"turns":1}],"seed_played":"-7563298671084482617","potions_obtained":[{"floor":3,"key":"Ancient Potion"},{"floor":12,"key":"SpeedPotion"},{"floor":13,"key":"Explosive Potion"},{"floor":16,"key":"Dexterity Potion"},{"floor":18,"key":"Poison Potion"},{"floor":22,"key":"Fire Potion"},{"floor":24,"key":"Regen Potion"},{"floor":28,"key":"Energy Potion"}],"is_trial":false,"path_per_floor":["M","?","M","?","?","E","?","E","T","R","$","M","E","?","R","B",null,"M","?","M","M","M","R","M","R","T","E","M","M","?","E"],"character_chosen":"IRONCLAD","items_purchased":["OrangePellets"],"campfire_rested":2,"item_purchase_floors":[11],"current_hp_per_floor":[80,80,80,80,69,75,68,31,38,64,64,66,34,63,63,14,87,72,72,67,43,42,68,62,62,62,45,23,16,16,16],"gold":294,"neow_bonus":"THREE_ENEMY_KILL","is_prod":false,"is_daily":false,"chose_seed":false,"campfire_upgraded":2,"win_rate":0,"timestamp":1544041082,"path_taken":["M","?","M","?","?","E","?","E","T","R","$","M","E","?","R","BOSS","M","?","M","M","M","R","M","R","T","E","M","M","?","E"],"build_version":"2018-11-15","purchased_purges":1,"victory":false,"max_hp_per_floor":[80,80,80,80,80,80,80,80,87,87,87,87,87,87,87,87,87,87,87,87,87,87,87,87,87,87,87,87,87,87,87],"card_choices":[{"not_picked":["Body Slam","Warcry"],"picked":"True Grit","floor":1},{"not_picked":["Shrug It Off","Clash"],"picked":"Uppercut","floor":3},{"not_picked":["Feed","Inflame"],"picked":"Whirlwind","floor":6},{"not_picked":["Power Through","Reckless Charge"],"picked":"Heavy Blade","floor":8},{"not_picked":["Iron Wave","Twin Strike"],"picked":"Cleave","floor":12},{"not_picked":["Heavy Blade","Clash"],"picked":"Shrug It Off","floor":13},{"not_picked":["Fiend Fire","Berserk+1"],"picked":"Demon Form+1","floor":16},{"not_picked":["Flex","Sword Boomerang","Burning Pact"],"picked":"SKIP","floor":18},{"not_picked":["Warcry+1","Dual Wield"],"picked":"Clothesline","floor":20},{"not_picked":["Blood for Blood","Iron Wave+1","Second Wind"],"picked":"SKIP","floor":21},{"not_picked":["Clash+1","Hemokinesis","Infernal Blade"],"picked":"SKIP","floor":22},{"not_picked":["Headbutt+1","Cleave+1"],"picked":"Battle Trance","floor":24},{"not_picked":["Shrug It Off","Pommel Strike+1"],"picked":"Juggernaut+1","floor":27},{"not_picked":["Sword Boomerang+1","Twin Strike+1","Wild Strike+1"],"picked":"SKIP","floor":28},{"not_picked":["Disarm+1","Clothesline+1"],"picked":"Armaments","floor":29}],"player_experience":145682,"relics_obtained":[{"floor":6,"key":"Frozen Egg 2"},{"floor":8,"key":"War Paint"},{"floor":9,"key":"Strawberry"},{"floor":13,"key":"Champion Belt"},{"floor":26,"key":"Molten Egg 2"},{"floor":27,"key":"Matryoshka"}],"event_choices":[{"damage_healed":0,"gold_gain":0,"player_choice":"Take Wound","damage_taken":0,"relics_obtained":["Golden Idol"],"max_hp_gain":0,"max_hp_loss":0,"event_name":"Golden Idol","floor":2,"gold_loss":0,"cards_obtained":["Injury"]},{"cards_removed":["Injury"],"damage_healed":0,"gold_gain":0,"player_choice":"Forget","damage_taken":0,"max_hp_gain":0,"max_hp_loss":0,"event_name":"Living Wall","floor":4,"gold_loss":0},{"damage_healed":0,"gold_gain":75,"player_choice":"Gather Gold","damage_taken":11,"max_hp_gain":0,"max_hp_loss":0,"event_name":"World of Goop","floor":5,"gold_loss":0},{"cards_removed":["Strike_R"],"damage_healed":0,"gold_gain":0,"player_choice":"Card Removal","damage_taken":7,"max_hp_gain":0,"max_hp_loss":0,"event_name":"Golden Wing","floor":7,"gold_loss":0},{"damage_healed":29,"gold_gain":0,"player_choice":"Banana","damage_taken":0,"max_hp_gain":0,"max_hp_loss":0,"event_name":"Big Fish","floor":14,"gold_loss":0},{"cards_removed":["Defend_R"],"damage_healed":0,"gold_gain":0,"player_choice":"Gave Gold","damage_taken":0,"max_hp_gain":0,"max_hp_loss":0,"event_name":"Beggar","floor":19,"gold_loss":75},{"damage_healed":0,"gold_gain":0,"player_choice":"Ignored","damage_taken":0,"max_hp_gain":0,"max_hp_loss":0,"event_name":"Cursed Tome","floor":30,"gold_loss":0}],"is_beta":false,"boss_relics":[{"not_picked":["Black Blood","Philosopher\u0027s Stone"],"picked":"Cursed Key"}],"items_purged_floors":[11],"is_endless":false,"potions_floor_spawned":[3,12,13,16,18,22,24,28],"killed_by":"Slavers","ascension_level":4}