{"gold_per_floor":[113,113,113,130,130,130,130,130,130,178,192,202,216,166,166,263,263,282,282,302,172,172,172,203,203,226,238,255,205,220,220],"floor_reached":31,"playtime":1210,"items_purged":[],"score":282,"play_id":"2ef0a148-afee-42b6-acc7-603baff326a4","local_time":"20190415214703","is_ascension_mode":true,"campfire_choices":[{"data":"Fiend Fire","floor":6.0,"key":"SMITH"},{"data":"Shrug It Off","floor":8.0,"key":"SMITH"},{"data":"Pommel Strike","floor":15.0,"key":"SMITH"},{"data":"Pommel Strike","floor":23.0,"key":"SMITH"}],"neow_cost":"NONE","seed_source_timestamp":0,"circlet_count":1,"master_deck":["Strike_R+1","Defend_R+1","Defend_R","Defend_R","Defend_R","Bash+1","Cleave","Shrug It Off+1","Fiend Fire+1","Pommel Strike+1","Brutality","Combust+1","Storm","Pommel Strike+1","Steam","Gash","Capacitor","Leap","Anger","Steam Power","Hologram","Conserve Battery"],"special_seed":0,"relics":["Burning Blood","Circlet","Cracked Core","Du-Vu Doll","Oddly Smooth Stone","Prayer Wheel","PreservedInsect"],"potions_floor_usage":[],"damage_taken":[{"damage":1.0,"enemies":"Jaw Worm","floor":1.0,"turns":3.0},{"damage":8.0,"enemies":"Small Slimes","floor":4.0,"turns":3.0},{"damage":0.0,"enemies":"Cultist","floor":11.0,"turns":2.0},{"damage":11.0,"enemies":"Exordium Wildlife","floor":12.0,"turns":4.0},{"damage":0.0,"enemies":"2 Fungi Beasts","floor":13.0,"turns":2.0},{"damage":20.0,"enemies":"Slime Boss","floor":16.0,"turns":7.0},{"damage":1.0,"enemies":"Shell Parasite","floor":18.0,"turns":2.0},{"damage":16.0,"enemies":"2 Thieves","floor":20.0,"turns":3.0},{"damage":27.0,"enemies":"Gremlin Leader","floor":24.0,"turns":3.0},{"damage":18.0,"enemies":"Snake Plant","floor":27.0,"turns":3.0},{"damage":11.0,"enemies":"Cultist and Chosen","floor":28.0,"turns":4.0},{"damage":27.0,"enemies":"Centurion and Healer","floor":30.0,"turns":5.0},{"damage":0,"enemies":"3 Cultists","floor":31,"turns":1}],"seed_played":"-2135724491742289949","potions_obtained":[{"floor":1.0,"key":"Strength Potion"},{"floor":12.0,"key":"SmokeBomb"},{"floor":16.0,"key":"Energy Potion"},{"floor":18.0,"key":"Poison Potion"}],"is_trial":false,"path_per_floor":["M","?","?","M","?","R","?","R","T","T","M","M","M","?","R","B",null,"M","?","M","$","?","R","E","?","T","M","M","?","M","M"],"character_chosen":"IRONCLAD","items_purchased":["Storm","Pommel Strike"],"campfire_rested":0,"item_purchase_floors":[21,21],"current_hp_per_floor":[80,64,64,62,55,55,55,55,55,55,61,56,62,62,62,48,80,80,80,70,70,70,70,49,49,49,37,32,32,11,11],"gold":220,"neow_bonus":"NOSTALGIA","is_prod":false,"is_daily":false,"chose_seed":false,"campfire_upgraded":4,"win_rate":0,"timestamp":1555382823,"path_taken":["M","?","?","?","?","R","?","R","T","?","M","?","?","?","R","BOSS","M","?","?","$","?","R","E","?","T","?","M","?","M","?"],"build_version":"2019-01-23","purchased_purges":0,"victory":false,"max_hp_per_floor":[80,80,80,80,80,80,80,80,80,80,80,80,80,80,80,80,80,80,80,80,80,80,80,80,80,80,80,80,80,80,80],"card_choices":[{"not_picked":["Second Wind","Perfected Strike"],"picked":"Cleave","floor":1.0},{"not_picked":["True Grit","Wild Strike"],"picked":"Fiend Fire","floor":4.0},{"not_picked":["Fire Breathing","Body Slam","Thunderclap"],"picked":"SKIP","floor":11.0},{"not_picked":["Sentinel","Cleave","Wild Strike"],"picked":"SKIP","floor":12.0},{"not_picked":["Clothesline","Shrug It Off"],"picked":"Pommel Strike","floor":13.0},{"not_picked":["Double Tap","Juggernaut"],"picked":"Brutality","floor":16.0},{"not_picked":["Compile Driver","Armaments","Clash"],"picked":"Combust+1","floor":18.0},{"not_picked":["Reinforced Body+1","Streamline","Hemokinesis","Perfected Strike"],"picked":"SKIP","floor":20.0},{"not_picked":["Streamline","Fire Breathing","Coolheaded"],"picked":"Gash","floor":24.0},{"not_picked":["Twin Strike","Sweeping Beam","Clothesline"],"picked":"Capacitor","floor":27.0},{"not_picked":["Perfected Strike","Chaos","Whirlwind+1"],"picked":"Leap","floor":27.0},{"not_picked":["Sweeping Beam","Beam Cell","Heavy Blade"],"picked":"Anger","floor":28.0},{"not_picked":["Limit Break","Pommel Strike","Headbutt"],"picked":"Steam Power","floor":28.0},{"not_picked":["Bloodletting","Searing Blow","Sever Soul"],"picked":"Hologram","floor":30.0},{"not_picked":["Rebound","Genetic Algorithm+1","Disarm"],"picked":"Conserve Battery","floor":30.0}],"player_experience":752023,"relics_obtained":[{"floor":9.0,"key":"Du-Vu Doll"},{"floor":10.0,"key":"Oddly Smooth Stone"},{"floor":24.0,"key":"Prayer Wheel"},{"floor":26.0,"key":"PreservedInsect"}],"event_choices":[{"damage_healed":0.0,"max_hp_gain":0.0,"max_hp_loss":0.0,"gold_gain":0.0,"event_name":"Shining Light","player_choice":"Entered Light","floor":2.0,"gold_loss":0.0,"damage_taken":16.0,"cards_upgraded":["Strike_R","Defend_R"]},{"damage_healed":0.0,"max_hp_gain":0.0,"max_hp_loss":0.0,"gold_gain":0.0,"event_name":"Match and Keep!","player_choice":"1 cards matched","floor":3.0,"gold_loss":0.0,"damage_taken":0.0,"cards_obtained":["Shrug It Off"]},{"cards_removed":["Strike_R"],"damage_healed":0.0,"max_hp_gain":0.0,"max_hp_loss":0.0,"gold_gain":0.0,"event_name":"Golden Wing","player_choice":"Card Removal","floor":5.0,"gold_loss":0.0,"damage_taken":7.0},{"damage_healed":0.0,"max_hp_gain":0.0,"max_hp_loss":0.0,"gold_gain":0.0,"event_name":"Living Wall","player_choice":"Grow","floor":7.0,"gold_loss":0.0,"damage_taken":0.0,"cards_upgraded":["Bash"]},{"cards_removed":["Strike_R"],"damage_healed":0.0,"max_hp_gain":0.0,"max_hp_loss":0.0,"gold_gain":0.0,"event_name":"The Cleric","player_choice":"Card Removal","floor":14.0,"gold_loss":50.0,"damage_taken":0.0},{"cards_removed":["Strike_R"],"damage_healed":0.0,"max_hp_gain":0.0,"max_hp_loss":0.0,"gold_gain":0.0,"event_name":"Purifier","player_choice":"Purged","floor":19.0,"gold_loss":0.0,"damage_taken":0.0},{"damage_healed":0.0,"max_hp_gain":0.0,"max_hp_loss":0.0,"gold_gain":0.0,"event_name":"The Library","player_choice":"Read","floor":22.0,"gold_loss":0.0,"damage_taken":0.0,"cards_obtained":["Steam"]},{"cards_removed":["Strike_R"],"damage_healed":0.0,"max_hp_gain":0.0,"max_hp_loss":0.0,"gold_gain":0.0,"event_name":"Bonfire Elementals","player_choice":"Offered Basic","floor":25.0,"gold_loss":0.0,"damage_taken":0.0},{"damage_healed":0.0,"max_hp_gain":0.0,"max_hp_loss":0.0,"gold_gain":0.0,"event_name":"The Joust","player_choice":"Bet on Murderer","floor":29.0,"gold_loss":50.0,"damage_taken":0.0}],"is_beta":false,"boss_relics":[{"not_picked":["Sozu","Busted Crown"],"picked":"aspiration:DefectSkillbook"}],"items_purged_floors":[],"is_endless":false,"potions_floor_spawned":[1,12,16,18],"killed_by":"3 Cultists","ascension_level":1}