{"path_per_floor":["M","?","M","$","?","E","$","?","T","E","M","M","E","M","R","B",null,"M","?","M","M","?","E","R","$","T","$","?","R","M","T","R","B",null,"M","$","?","?","M","E","M","R","T","?","M","E","M","$","R"],"character_chosen":"IRONCLAD","items_purchased":["Whirlwind","Pommel Strike","Flex","Thunderclap","Bag of Marbles","Sword Boomerang"],"gold_per_floor":[113,113,133,64,64,95,49,69,69,98,117,136,166,183,183,278,278,288,238,252,270,270,300,300,225,225,30,30,30,43,43,43,145,145,160,14,14,14,28,63,73,73,96,96,111,137,154,5,5,5],"floor_reached":50,"campfire_rested":3,"playtime":2716,"item_purchase_floors":[4,7,27,27,36,48],"current_hp_per_floor":[80,73,79,79,79,64,64,59,59,40,44,50,40,40,40,61,80,62,62,60,66,50,44,44,44,44,44,44,44,50,50,77,69,90,90,90,90,80,86,81,78,90,90,79,68,42,28,28,70,0],"items_purged":["Strike_R","Strike_R","Strike_R"],"gold":5,"score":538,"play_id":"31049c19-6d2f-45b2-8074-e3acc283ddaa","local_time":"20180616100117","daily_mods":["Binary"],"is_prod":false,"is_daily":false,"chose_seed":true,"is_ascension_mode":false,"campfire_upgraded":3,"win_rate":0,"timestamp":1529161277,"campfire_choices":[{"data":"Whirlwind","floor":15,"key":"SMITH"},{"data":"Pommel Strike","floor":24,"key":"SMITH"},{"data":"Flex","floor":29,"key":"SMITH"},{"floor":32,"key":"REST"},{"floor":42,"key":"REST"},{"floor":49,"key":"REST"}],"path_taken":["M","?","M","$","?","E","$","?","T","E","?","M","E","M","R","BOSS","M","?","?","M","?","E","R","$","T","$","?","R","M","?","R","BOSS","M","$","?","?","?","E","M","R","T","?","?","E","M","$","R","BOSS"],"build_version":"2018-06-14v2","seed_source_timestamp":148853083756670,"purchased_purges":3,"victory":false,"master_deck":["Defend_R","Defend_R","Defend_R","Defend_R","Bash+1","Whirlwind+1","Pommel Strike+1","Flex+1","Thunderclap","Madness","Madness","Sword Boomerang"],"max_hp_per_floor":[80,80,80,80,80,80,80,80,80,80,80,80,80,80,80,80,80,80,80,80,80,80,90,90,90,90,90,90,90,90,90,90,90,90,90,90,90,90,90,90,90,90,90,90,90,90,90,90,90,90],"special_seed":76711860249694340,"relics":["Burning Blood","Busted Crown","Anchor","Odd Mushroom","Letter Opener","Boot","Bronze Scales","Runic Dome","Nilry\u0027s Codex","Pear","Shuriken","Mummified Hand","Orrery","Bag of Marbles","Dream Catcher","Art of War","Regal Pillow"],"card_choices":[],"player_experience":223111,"potions_floor_usage":[6,13,16,16,16,23,30,33,40,46,50],"damage_taken":[{"damage":6,"enemies":"Cultist","floor":1,"turns":3},{"damage":0,"enemies":"2 Louse","floor":3,"turns":3},{"damage":21,"enemies":"Lagavulin","floor":6,"turns":5},{"damage":11,"floor":8,"turns":3},{"damage":25,"enemies":"Gremlin Nob","floor":10,"turns":4},{"damage":2,"enemies":"Jaw Worm","floor":11,"turns":3},{"damage":0,"enemies":"Large Slime","floor":12,"turns":5},{"damage":16,"enemies":"Lagavulin","floor":13,"turns":5},{"damage":6,"enemies":"Exordium Thugs","floor":14,"turns":4},{"damage":30,"enemies":"Slime Boss","floor":16,"turns":7},{"damage":24,"enemies":"Spheric Guardian","floor":18,"turns":4},{"damage":8,"enemies":"Chosen","floor":20,"turns":4},{"damage":0,"enemies":"Centurion and Healer","floor":21,"turns":6},{"damage":22,"enemies":"Book of Stabbing","floor":23,"turns":4},{"damage":0,"enemies":"Snake Plant","floor":30,"turns":1},{"damage":23,"enemies":"Champ","floor":33,"turns":7},{"damage":5,"enemies":"Orb Walker","floor":35,"turns":2},{"damage":0,"enemies":"3 Shapes","floor":39,"turns":1},{"damage":25,"enemies":"2 Orb Walkers","floor":40,"turns":3},{"damage":9,"enemies":"Maw","floor":41,"turns":6},{"damage":17,"enemies":"Sphere and 2 Shapes","floor":45,"turns":4},{"damage":32,"enemies":"Giant Head","floor":46,"turns":6},{"damage":20,"enemies":"3 Darklings","floor":47,"turns":3},{"damage":82,"enemies":"Donu and Deca","floor":50,"turns":5}],"relics_obtained":[{"floor":6,"key":"Anchor"},{"floor":8,"key":"Odd Mushroom"},{"floor":9,"key":"Letter Opener"},{"floor":10,"key":"Boot"},{"floor":13,"key":"Bronze Scales"},{"floor":22,"key":"Nilry\u0027s Codex"},{"floor":23,"key":"Pear"},{"floor":26,"key":"Shuriken"},{"floor":31,"key":"Mummified Hand"},{"floor":40,"key":"Dream Catcher"},{"floor":43,"key":"Art of War"},{"floor":46,"key":"Regal Pillow"}],"event_choices":[{"event_name":"Golden Wing","player_choice":"Card Removal","floor":2,"damage_taken":0},{"event_name":"Wheel of Change","player_choice":"Card Removal","floor":5,"damage_taken":0},{"event_name":"Mushrooms","player_choice":"Fought Mushrooms","floor":8,"damage_taken":0},{"event_name":"The Joust","player_choice":"Bet on Murderer","floor":19,"damage_taken":0},{"event_name":"Cursed Tome","player_choice":"Obtained Book","floor":22,"damage_taken":0},{"event_name":"Addict","player_choice":"Ignored","floor":28,"damage_taken":0},{"event_name":"Upgrade Shrine","player_choice":"Upgraded","floor":37,"damage_taken":0},{"event_name":"SensoryStone","player_choice":"Memory 3","floor":38,"damage_taken":0},{"event_name":"Winding Halls","player_choice":"Embrace Madness","floor":44,"damage_taken":0}],"boss_relics":[{"not_picked":["Ectoplasm","Black Blood"],"picked":"Runic Dome"},{"not_picked":["Calling Bell","Philosopher\u0027s Stone"],"picked":"Orrery"}],"items_purged_floors":[25,27,48],"is_endless":false,"potions_floor_spawned":[1,3,11,13,14,16,18,21,30,33,39,40],"seed_played":"-849063957289959125","killed_by":"Donu and Deca","ascension_level":0,"potions_obtained":[{"floor":1,"key":"Regen Potion"},{"floor":3,"key":"Poison Potion"},{"floor":11,"key":"Weak Potion"},{"floor":13,"key":"Regen Potion"},{"floor":14,"key":"Swift Potion"},{"floor":16,"key":"Swift Potion"},{"floor":18,"key":"BloodPotion"},{"floor":21,"key":"AttackPotion"},{"floor":30,"key":"Explosive Potion"},{"floor":33,"key":"SpeedPotion"},{"floor":39,"key":"Dexterity Potion"},{"floor":40,"key":"GamblersBrew"}],"is_trial":true}