{"gold_per_floor":[112,112,112,37,37,37,81,81,157,193,218,218,218,281,281,401,464,478,501,501,176,191,191,252,277,300,312,347,13,13,0,0,0],"floor_reached":33,"playtime":1854,"items_purged":["Injury"],"score":380,"play_id":"8dbf37e5-d88a-4a3b-adcb-b3f1377424ba","local_time":"20190123092606","is_ascension_mode":true,"campfire_choices":[{"data":"Dualcast","floor":6.0,"key":"SMITH"},{"data":"Streamline","floor":8.0,"key":"SMITH"},{"data":"Chill","floor":12.0,"key":"SMITH"},{"data":"Double Energy","floor":15.0,"key":"SMITH"},{"data":"Consume","floor":23.0,"key":"SMITH"},{"data":"Capacitor","floor":27.0,"key":"SMITH"},{"data":"Multi-Cast","floor":32,"key":"SMITH"}],"neow_cost":"NONE","seed_source_timestamp":0,"circlet_count":0,"master_deck":["Strike_B+1","Strike_B+1","Strike_B+1","Defend_B+1","Defend_B+1","Defend_B+1","Defend_B+1","Zap+1","Dualcast+1","Chill+1","Streamline+1","Cold Snap","Genetic Algorithm","Double Energy+1","Echo Form","BootSequence","Consume+1","Loop+1","Capacitor+1","Auto Shields","Steam","Stack","Core Surge","Coolheaded","Multi-Cast+1","FTL","Shame"],"special_seed":0,"relics":["Cracked Core","NeowsBlessing","Golden Idol","Question Card","Cables","Anchor","Dodecahedron","Tiny House","Ancient Tea Set","Tiny Chest","MawBank","Bronze Scales","Runic Capacitor","Strawberry"],"potions_floor_usage":[],"damage_taken":[{"damage":0.0,"enemies":"Small Slimes","floor":1.0,"turns":1.0},{"damage":0.0,"enemies":"Gremlin Nob","floor":7.0,"turns":1.0},{"damage":0.0,"enemies":"Lagavulin","floor":10.0,"turns":1.0},{"damage":0.0,"enemies":"Jaw Worm","floor":11.0,"turns":2.0},{"damage":5.0,"enemies":"3 Sentries","floor":14.0,"turns":6.0},{"damage":37.0,"enemies":"Hexaghost","floor":16.0,"turns":12.0},{"damage":8.0,"enemies":"3 Byrds","floor":18.0,"turns":6.0},{"damage":0.0,"enemies":"Spheric Guardian","floor":19.0,"turns":4.0},{"damage":21.0,"enemies":"Shelled Parasite and Fungi","floor":22.0,"turns":7.0},{"damage":19.0,"enemies":"Book of Stabbing","floor":24.0,"turns":7.0},{"damage":6.0,"enemies":"Sentry and Sphere","floor":25.0,"turns":8.0},{"damage":45,"enemies":"Collector","floor":33,"turns":3}],"seed_played":"-5253410489923742332","potions_obtained":[{"floor":1.0,"key":"SpeedPotion"},{"floor":7.0,"key":"Poison Potion"},{"floor":11.0,"key":"Weak Potion"},{"floor":17.0,"key":"Block Potion"},{"floor":19.0,"key":"Explosive Potion"}],"is_trial":false,"path_per_floor":["M","?","?","$","?","R","E","R","T","E","M","R","?","?","R","B",null,"M","M","?","$","M","R","E","M","T","R","T","$","?","?","R","B"],"character_chosen":"DEFECT","items_purchased":["Capacitor","Auto Shields","Ancient Tea Set","Steam","Multi-Cast","Runic Capacitor","FTL"],"campfire_rested":0,"item_purchase_floors":[21,21,21,21,29,29,29],"current_hp_per_floor":[75,75,75,75,75,75,75,75,75,75,75,75,75,70,70,33,80,72,72,72,72,51,51,32,26,26,26,26,26,33,33,33,0],"gold":0,"neow_bonus":"THREE_ENEMY_KILL","is_prod":false,"is_daily":false,"chose_seed":false,"campfire_upgraded":7,"win_rate":0,"timestamp":1548231966,"path_taken":["M","?","?","$","?","R","E","R","T","E","?","R","?","?","R","BOSS","M","M","?","$","M","R","E","M","T","R","?","?","?","?","R","BOSS"],"build_version":"2018-12-20","purchased_purges":1,"victory":false,"max_hp_per_floor":[75,75,75,75,75,75,75,75,75,75,75,75,75,75,75,75,80,80,80,80,80,80,80,80,80,80,80,80,80,87,87,87,87],"card_choices":[{"not_picked":["Aggregate","Gash"],"picked":"Chill","floor":1.0},{"not_picked":["Leap","Barrage"],"picked":"Streamline","floor":7.0},{"not_picked":["Ball Lightning","Amplify","Reprogram"],"picked":"Cold Snap","floor":10.0},{"not_picked":["Ball Lightning","Sweeping Beam","Redo"],"picked":"Genetic Algorithm","floor":11.0},{"not_picked":["Undo","Reboot","Steam Power"],"picked":"Double Energy","floor":14.0},{"not_picked":["Buffer","Electrodynamics","Machine Learning"],"picked":"Echo Form","floor":16.0},{"not_picked":["Ball Lightning","Fusion","Consume"],"picked":"BootSequence","floor":17.0},{"not_picked":["Gash","Streamline","Ball Lightning"],"picked":"Consume","floor":18.0},{"not_picked":["Ball Lightning","Conserve Battery","Beam Cell+1"],"picked":"Loop+1","floor":19.0},{"not_picked":["Streamline","Static Discharge","Recycle+1"],"picked":"Stack","floor":22.0},{"not_picked":["Scrape+1","Tempest","Chill"],"picked":"Core Surge","floor":24.0},{"not_picked":["Redo","Steam","Consume"],"picked":"Coolheaded","floor":25.0}],"player_experience":109959,"relics_obtained":[{"floor":7.0,"key":"Question Card"},{"floor":9.0,"key":"Cables"},{"floor":10.0,"key":"Anchor"},{"floor":14.0,"key":"Dodecahedron"},{"floor":24.0,"key":"Tiny Chest"},{"floor":26.0,"key":"MawBank"},{"floor":28.0,"key":"Bronze Scales"}],"event_choices":[{"damage_healed":0.0,"max_hp_gain":0.0,"max_hp_loss":0.0,"gold_gain":0.0,"event_name":"Living Wall","player_choice":"Grow","floor":2.0,"gold_loss":0.0,"damage_taken":0.0,"cards_upgraded":["Zap"]},{"damage_healed":0.0,"max_hp_gain":0.0,"max_hp_loss":0.0,"gold_gain":0.0,"event_name":"Golden Idol","player_choice":"Take Wound","floor":3.0,"gold_loss":0.0,"damage_taken":0.0,"relics_obtained":["Golden Idol"],"cards_obtained":["Injury"]},{"cards_removed":["Strike_B"],"damage_healed":0.0,"max_hp_gain":0.0,"max_hp_loss":0.0,"gold_gain":0.0,"event_name":"Purifier","player_choice":"Purged","floor":5.0,"gold_loss":0.0,"damage_taken":0.0},{"damage_healed":0.0,"max_hp_gain":0.0,"max_hp_loss":0.0,"gold_gain":0.0,"event_name":"Liars Game","player_choice":"Ignored","floor":13.0,"gold_loss":0.0,"damage_taken":0.0},{"damage_healed":0.0,"max_hp_gain":0.0,"max_hp_loss":0.0,"gold_gain":30.0,"event_name":"Dead Adventurer","player_choice":"Searched \u00272\u0027 times","floor":14.0,"gold_loss":0.0,"damage_taken":0.0},{"damage_healed":0.0,"max_hp_gain":0.0,"max_hp_loss":0.0,"gold_gain":0.0,"event_name":"Back to Basics","player_choice":"Simplicity","floor":20.0,"gold_loss":0.0,"damage_taken":0.0,"cards_upgraded":["Strike_B","Strike_B","Defend_B","Defend_B","Defend_B","Defend_B"]},{"damage_healed":0.0,"max_hp_gain":0.0,"max_hp_loss":0.0,"gold_gain":0.0,"event_name":"Addict","player_choice":"Stole Relic","floor":30.0,"gold_loss":0.0,"damage_taken":0.0,"relics_obtained":["Strawberry"],"cards_obtained":["Shame"]},{"damage_healed":0.0,"max_hp_gain":0.0,"max_hp_loss":0.0,"gold_gain":0.0,"event_name":"Masked Bandits","player_choice":"Paid Fearfully","floor":31.0,"gold_loss":13.0,"damage_taken":0.0}],"is_beta":false,"boss_relics":[{"not_picked":["Astrolabe","White Beast Statue"],"picked":"Tiny House"}],"items_purged_floors":[4],"is_endless":false,"potions_floor_spawned":[1,7,11,19,25],"killed_by":"Collector","ascension_level":4}