{"gold_per_floor":[118,137,153,228,228,228,247,247,247,260,280,315,25,53,53,130,130,141,43,43,55,67,67,96,96,146,146,164,79,113,133,133,209,209,219,233,250,250,261,261,294,294,348,348,348,32,51,62,62,62],"floor_reached":51,"playtime":3125,"items_purged":["Pain"],"score":1145,"play_id":"ed9c5ce4-87a2-4b04-8cf5-1a9362e963b4","local_time":"20190203143140","is_ascension_mode":true,"campfire_choices":[{"data":"Clothesline","floor":6.0,"key":"SMITH"},{"data":"Seeing Red","floor":8.0,"key":"SMITH"},{"data":"Armaments","floor":15.0,"key":"SMITH"},{"data":"Fiend Fire","floor":23.0,"key":"SMITH"},{"data":"Double Tap","floor":25.0,"key":"SMITH"},{"data":"Rampage","floor":27.0,"key":"SMITH"},{"data":"Rage","floor":32.0,"key":"SMITH"},{"data":"Bash","floor":40.0,"key":"SMITH"},{"data":"Warcry","floor":42.0,"key":"SMITH"},{"data":"Shrug It Off","floor":45.0,"key":"SMITH"},{"data":"Spot Weakness","floor":49.0,"key":"SMITH"}],"neow_cost":"NONE","seed_source_timestamp":181463091584475,"circlet_count":0,"master_deck":["AscendersBane","Strike_R","Defend_R","Defend_R","Defend_R","Defend_R","Bash+1","Clothesline+1","Cleave","Rampage+1","Seeing Red+1","Battle Trance","Bloodletting","Fiend Fire+1","Armaments+1","Double Tap+1","Flame Barrier+1","Bandage Up","Metallicize+1","Spot Weakness","Shrug It Off","Shame","Warcry+1","Metallicize+1","Rage+1","Corruption+1","Thunderclap+1","Body Slam+1","Shrug It Off+1","Spot Weakness+1","Feel No Pain+1","Clumsy","Burning Pact"],"special_seed":0,"relics":["Burning Blood","Red Skull","Frozen Egg 2","Thread and Needle","Magic Flower","Cursed Key","Mercury Hourglass","Bag of Preparation","Pantograph","Centennial Puzzle","Astrolabe","Kunai","Bronze Scales","WarpedTongs","Paper Frog"],"potions_floor_usage":[50,50],"damage_taken":[{"damage":8.0,"enemies":"Small Slimes","floor":1.0,"turns":3.0},{"damage":4.0,"enemies":"Jaw Worm","floor":2.0,"turns":3.0},{"damage":0.0,"enemies":"Cultist","floor":3.0,"turns":3.0},{"damage":29.0,"enemies":"Exordium Thugs","floor":7.0,"turns":5.0},{"damage":4.0,"enemies":"Large Slime","floor":10.0,"turns":5.0},{"damage":5.0,"enemies":"2 Fungi Beasts","floor":11.0,"turns":3.0},{"damage":30.0,"enemies":"3 Sentries","floor":12.0,"turns":5.0},{"damage":6.0,"enemies":"Lagavulin","floor":14.0,"turns":4.0},{"damage":18.0,"enemies":"The Guardian","floor":16.0,"turns":7.0},{"damage":0.0,"enemies":"Spheric Guardian","floor":18.0,"turns":3.0},{"damage":3.0,"enemies":"3 Byrds","floor":21.0,"turns":3.0},{"damage":9.0,"enemies":"Snecko","floor":22.0,"turns":5.0},{"damage":21.0,"enemies":"Book of Stabbing","floor":24.0,"turns":7.0},{"damage":4.0,"enemies":"3 Cultists","floor":28.0,"turns":5.0},{"damage":37.0,"enemies":"Slavers","floor":30.0,"turns":6.0},{"damage":2.0,"enemies":"Centurion and Healer","floor":31.0,"turns":5.0},{"damage":71.0,"enemies":"Automaton","floor":33.0,"turns":14.0},{"damage":6.0,"enemies":"3 Darklings","floor":35.0,"turns":5.0},{"damage":12.0,"enemies":"Orb Walker","floor":36.0,"turns":4.0},{"damage":25.0,"enemies":"3 Darklings","floor":37.0,"turns":5.0},{"damage":8.0,"enemies":"Writhing Mass","floor":39.0,"turns":3.0},{"damage":37.0,"enemies":"Reptomancer","floor":41.0,"turns":8.0},{"damage":0.0,"enemies":"Maw","floor":47.0,"turns":7.0},{"damage":0.0,"enemies":"Spire Growth","floor":48.0,"turns":5.0},{"damage":75,"enemies":"Time Eater","floor":50,"turns":12}],"seed_played":"3801908983532359434","potions_obtained":[{"floor":1.0,"key":"Weak Potion"},{"floor":11.0,"key":"Strength Potion"},{"floor":16.0,"key":"FearPotion"},{"floor":21.0,"key":"EssenceOfSteel"},{"floor":22.0,"key":"SpeedPotion"},{"floor":24.0,"key":"Block Potion"},{"floor":33.0,"key":"Ancient Potion"}],"is_trial":false,"path_per_floor":["M","M","M","?","?","R","M","R","T","M","M","E","$","E","R","B",null,"M","$","?","M","M","R","E","R","T","R","M","?","E","M","R","B",null,"M","M","M","?","M","R","E","R","T","?","R","$","M","M","R","B",null],"character_chosen":"IRONCLAD","items_purchased":["Thread and Needle","Bandage Up","Paper Frog"],"campfire_rested":0,"item_purchase_floors":[13,19,46],"current_hp_per_floor":[70,72,78,67,67,67,44,44,44,46,47,23,23,23,23,14,64,73,73,73,79,80,80,74,74,74,74,80,80,52,65,65,27,67,76,79,69,69,79,79,57,57,57,57,57,57,75,80,80,18],"gold":62,"neow_bonus":"THREE_CARDS","is_prod":false,"is_daily":false,"chose_seed":false,"campfire_upgraded":11,"win_rate":0,"timestamp":1549200700,"path_taken":["M","M","M","?","?","R","M","R","T","M","?","E","$","E","R","BOSS","M","$","?","M","M","R","E","R","T","R","M","?","E","M","R","BOSS","M","M","M","?","?","R","E","R","T","?","R","$","M","?","R","BOSS"],"build_version":"2019-01-23","purchased_purges":1,"victory":true,"max_hp_per_floor":[80,80,80,80,80,80,80,80,80,80,80,80,80,80,80,80,80,80,80,80,80,80,80,80,80,80,80,80,80,80,80,80,80,80,80,80,80,80,80,80,80,80,80,80,80,80,80,80,80,80],"card_choices":[{"not_picked":["Reckless Charge","Rampage"],"picked":"Clothesline","floor":0.0},{"not_picked":["Uppercut","Headbutt"],"picked":"Cleave","floor":1.0},{"not_picked":["Body Slam","Havoc"],"picked":"Rampage","floor":2.0},{"not_picked":["Cleave","Second Wind","Clothesline"],"picked":"SKIP","floor":3.0},{"not_picked":["Brutality","Pommel Strike"],"picked":"Seeing Red","floor":7.0},{"not_picked":["Sword Boomerang","Searing Blow"],"picked":"Battle Trance","floor":10.0},{"not_picked":["Havoc","Corruption"],"picked":"Bloodletting","floor":11.0},{"not_picked":["Twin Strike","Perfected Strike"],"picked":"Fiend Fire","floor":12.0},{"not_picked":["Body Slam","Sever Soul"],"picked":"Armaments","floor":14.0},{"not_picked":["Offering","Immolate"],"picked":"Double Tap","floor":16.0},{"not_picked":["Havoc","True Grit"],"picked":"Flame Barrier+1","floor":18.0},{"not_picked":["Perfected Strike","Flex"],"picked":"Spot Weakness","floor":21.0},{"not_picked":["Pommel Strike","Flex"],"picked":"Shrug It Off","floor":22.0},{"not_picked":["Thunderclap","Intimidate","Body Slam"],"picked":"SKIP","floor":24.0},{"not_picked":["Headbutt","Warcry","Intimidate"],"picked":"SKIP","floor":28.0},{"not_picked":["Headbutt","Intimidate"],"picked":"Warcry","floor":28.0},{"not_picked":["Dual Wield","Hemokinesis"],"picked":"Metallicize+1","floor":30.0},{"not_picked":["Bloodletting","Wild Strike"],"picked":"Rage","floor":31.0},{"not_picked":["Rupture+1","Pommel Strike+1"],"picked":"Shrug It Off","floor":35.0},{"not_picked":["Twin Strike","Evolve+1","Warcry"],"picked":"SKIP","floor":36.0},{"not_picked":["Sword Boomerang","Flex","Pummel"],"picked":"SKIP","floor":37.0},{"not_picked":["Anger+1","Warcry","Rupture+1"],"picked":"SKIP","floor":39.0},{"not_picked":["Metallicize+1","Seeing Red"],"picked":"Feel No Pain+1","floor":41.0},{"not_picked":["Flex","Clash"],"picked":"Burning Pact","floor":47.0},{"not_picked":["Searing Blow","Thunderclap","Hemokinesis"],"picked":"SKIP","floor":48.0}],"player_experience":273010,"relics_obtained":[{"floor":9.0,"key":"Red Skull"},{"floor":12.0,"key":"Frozen Egg 2"},{"floor":14.0,"key":"Magic Flower"},{"floor":24.0,"key":"Mercury Hourglass"},{"floor":26.0,"key":"Bag of Preparation"},{"floor":30.0,"key":"Centennial Puzzle"},{"floor":41.0,"key":"Kunai"},{"floor":43.0,"key":"Bronze Scales"}],"event_choices":[{"damage_healed":0.0,"max_hp_gain":0.0,"max_hp_loss":0.0,"gold_gain":75.0,"event_name":"World of Goop","player_choice":"Gather Gold","floor":4.0,"gold_loss":0.0,"damage_taken":11.0},{"cards_removed":["Strike_R"],"damage_healed":0.0,"max_hp_gain":0.0,"max_hp_loss":0.0,"gold_gain":0.0,"event_name":"Purifier","player_choice":"Purged","floor":5.0,"gold_loss":0.0,"damage_taken":0.0},{"damage_healed":0.0,"max_hp_gain":0.0,"max_hp_loss":0.0,"gold_gain":0.0,"event_name":"The Library","player_choice":"Read","floor":20.0,"gold_loss":0.0,"damage_taken":0.0,"cards_obtained":["Metallicize"]},{"damage_healed":0.0,"max_hp_gain":0.0,"max_hp_loss":0.0,"gold_gain":0.0,"event_name":"Addict","player_choice":"Obtained Relic","floor":29.0,"gold_loss":85.0,"damage_taken":0.0,"relics_obtained":["Pantograph"]},{"damage_healed":0.0,"max_hp_gain":0.0,"max_hp_loss":0.0,"gold_gain":0.0,"event_name":"Duplicator","player_choice":"Copied","floor":38.0,"gold_loss":0.0,"damage_taken":0.0,"cards_obtained":["Spot Weakness"]},{"damage_healed":0.0,"max_hp_gain":0.0,"max_hp_loss":0.0,"gold_gain":0.0,"event_name":"Accursed Blacksmith","player_choice":"Rummage","floor":44.0,"gold_loss":0.0,"damage_taken":0.0,"relics_obtained":["WarpedTongs"],"cards_obtained":["Pain"]}],"is_beta":false,"boss_relics":[{"not_picked":["Mark of Pain","Runic Dome"],"picked":"Cursed Key"},{"not_picked":["Runic Pyramid","Runic Cube"],"picked":"Astrolabe"}],"items_purged_floors":[46],"is_endless":false,"potions_floor_spawned":[1,11,16,21,22,24,30,33,39,47,48],"ascension_level":13}