{"path_per_floor":["M","M","M","M","?","R","E","$","T","E","R","M","M","M","R","B",null,"M","M","M","?","M"],"character_chosen":"IRONCLAD","items_purchased":["Metallicize"],"gold_per_floor":[110,122,132,150,150,150,185,28,51,80,80,99,119,132,132,227,227,244,254,270,270,281,281],"floor_reached":23,"campfire_rested":3,"playtime":1541,"current_hp_per_floor":[43,43,36,41,41,65,46,46,46,15,39,44,50,29,53,48,72,51,57,53,53,14,0],"items_purged":["Strike_R"],"gold":281,"score":259,"play_id":"df7a48e2-b7c1-4d94-ad90-8638c482a367","local_time":"20180419141148","is_prod":false,"is_daily":false,"chose_seed":false,"is_ascension_mode":true,"campfire_upgraded":0,"timestamp":1524172308,"path_taken":["M","M","M","M","?","R","E","$","T","E","R","M","M","M","R","BOSS","M","M","M","?","M","E"],"build_version":"2018-04-12","seed_source_timestamp":663973551300430,"purchased_purges":1,"victory":false,"master_deck":["Strike_R+1","Strike_R+1","Strike_R+1","Defend_R+1","Defend_R+1","Defend_R+1","Defend_R+1","Bash","Inflame","Whirlwind","Disarm","Reckless Charge","Metallicize","Reckless Charge","Metallicize","Metallicize","Clothesline","Barricade","Seeing Red+1"],"max_hp_per_floor":[80,80,80,80,80,80,80,80,80,80,80,80,80,80,80,80,80,80,80,80,80,80,80],"relics":["Burning Blood","Unceasing Top","Toxic Egg 2","Dream Catcher","Pantograph","Mark of Pain"],"card_choices":[{"not_picked":["Bloodletting","Power Through"],"picked":"Inflame","floor":1},{"not_picked":["Clothesline","Thunderclap"],"picked":"Whirlwind","floor":2},{"not_picked":["Seeing Red","Searing Blow"],"picked":"Disarm","floor":4},{"not_picked":["Second Wind","Feel No Pain"],"picked":"Reckless Charge","floor":7},{"not_picked":["Fiend Fire","Cleave"],"picked":"Reckless Charge","floor":10},{"not_picked":["Reckless Charge","Anger"],"picked":"Metallicize","floor":11},{"not_picked":["Dropkick","Anger"],"picked":"Metallicize","floor":12},{"not_picked":["Warcry","Havoc"],"picked":"Clothesline","floor":14},{"not_picked":["Immolate","Exhume"],"picked":"Barricade","floor":16},{"not_picked":["Flex","Feel No Pain"],"picked":"Seeing Red","floor":18}],"player_experience":312202,"potions_floor_usage":[7,16,16,22,23,23],"damage_taken":[{"damage":3,"enemies":"Small Slimes","floor":1,"turns":4},{"damage":6,"enemies":"Cultist","floor":2,"turns":4},{"damage":13,"enemies":"Jaw Worm","floor":3,"turns":4},{"damage":1,"enemies":"2 Fungi Beasts","floor":4,"turns":3},{"damage":25,"enemies":"Gremlin Nob","floor":7,"turns":5},{"damage":37,"enemies":"Lagavulin","floor":10,"turns":9},{"damage":1,"enemies":"Looter","floor":12,"turns":4},{"damage":0,"enemies":"Lots of Slimes","floor":13,"turns":1},{"damage":27,"enemies":"Exordium Thugs","floor":14,"turns":7},{"damage":36,"enemies":"Hexaghost","floor":16,"turns":9},{"damage":27,"enemies":"Shell Parasite","floor":18,"turns":8},{"damage":0,"enemies":"Chosen","floor":19,"turns":7},{"damage":10,"enemies":"Snake Plant","floor":20,"turns":6},{"damage":45,"enemies":"Slaver and Parasite","floor":22,"turns":10},{"damage":17,"enemies":"Slavers","floor":23,"turns":1}],"event_choices":[{"event_name":"Bonfire Elementals","player_choice":"BASIC","floor":5,"damage_taken":0},{"event_name":"Back to Basics","player_choice":"Simplicity","floor":21,"damage_taken":0}],"boss_relics":[{"not_picked":["Tiny House","Black Blood"],"picked":"Mark of Pain"}],"potions_floor_spawned":[1,2,12,14,18,20],"seed_played":"1288073156242244235","killed_by":"Slavers","ascension_level":5,"is_trial":false}