{"gold_per_floor":[130,67,59,83,109,148,160,182,246,258,270,282,325,327,339,351],"floor_reached":16,"playtime":990,"items_purged":[],"score":198,"play_id":"12c6be6b-f707-48a3-be2f-eba0d9b336b5","local_time":"20190207171338","is_ascension_mode":true,"campfire_choices":[{"data":"Bash","floor":7.0,"key":"SMITH"},{"floor":10.0,"key":"REST"},{"data":"Shrug It Off","floor":15.0,"key":"SMITH"}],"neow_cost":"NONE","seed_source_timestamp":65707990741520,"circlet_count":0,"master_deck":["AscendersBane","Strike_R+1","Strike_R+1","Strike_R","Strike_R","Defend_R","Defend_R","Defend_R","Defend_R","Bash+1","Shrug It Off+1","Battle Trance","Disarm","Pommel Strike"],"special_seed":0,"relics":["Burning Blood","MawBank","Mummified Hand","Whetstone","PreservedInsect","Oddly Smooth Stone"],"potions_floor_usage":[16],"damage_taken":[{"damage":8.0,"enemies":"2 Louse","floor":1.0,"turns":3.0},{"damage":0.0,"enemies":"Small Slimes","floor":4.0,"turns":5.0},{"damage":1.0,"enemies":"Cultist","floor":5.0,"turns":3.0},{"damage":56.0,"enemies":"3 Sentries","floor":6.0,"turns":19.0},{"damage":2.0,"enemies":"3 Louse","floor":8.0,"turns":8.0},{"damage":14.0,"enemies":"Gremlin Nob","floor":13.0,"turns":3.0},{"damage":17.0,"enemies":"Exordium Thugs","floor":14.0,"turns":4.0},{"damage":41,"enemies":"Slime Boss","floor":16,"turns":9}],"seed_played":"1458533716028327234","potions_obtained":[{"floor":3.0,"key":"Weak Potion"},{"floor":5.0,"key":"GamblersBrew"},{"floor":6.0,"key":"Fruit Juice"},{"floor":8.0,"key":"Fire Potion"}],"is_trial":false,"path_per_floor":["M","?","?","M","M","E","R","M","T","R","?","$","E","M","R","B"],"character_chosen":"IRONCLAD","items_purchased":[],"campfire_rested":1,"item_purchase_floors":[],"current_hp_per_floor":[66,66,66,72,75,30,30,34,34,58,58,58,50,39,39,0],"gold":351,"neow_bonus":"RANDOM_COMMON_RELIC","is_prod":false,"is_daily":false,"chose_seed":false,"campfire_upgraded":2,"win_rate":0,"timestamp":1549556018,"path_taken":["M","?","?","?","M","E","R","M","T","R","?","?","E","M","R","BOSS"],"build_version":"2019-01-23","purchased_purges":0,"victory":false,"max_hp_per_floor":[75,75,75,75,75,80,80,80,80,80,80,80,80,80,80,80],"card_choices":[{"not_picked":["Cleave","Sword Boomerang"],"picked":"Shrug It Off","floor":1.0},{"not_picked":["Perfected Strike","Body Slam"],"picked":"Battle Trance","floor":4.0},{"not_picked":["Pommel Strike","Second Wind"],"picked":"Disarm","floor":6.0},{"not_picked":["Dark Embrace","Rupture","Armaments"],"picked":"SKIP","floor":8.0},{"not_picked":["Burning Pact","Havoc"],"picked":"Pommel Strike","floor":13.0},{"not_picked":["Twin Strike","Sever Soul","Second Wind"],"picked":"SKIP","floor":14.0}],"player_experience":329826,"relics_obtained":[{"floor":6.0,"key":"Mummified Hand"},{"floor":9.0,"key":"Whetstone"},{"floor":13.0,"key":"Oddly Smooth Stone"}],"event_choices":[{"cards_removed":["Strike_R"],"damage_healed":0.0,"max_hp_gain":0.0,"max_hp_loss":0.0,"gold_gain":0.0,"event_name":"The Cleric","player_choice":"Card Removal","floor":2.0,"gold_loss":75.0,"damage_taken":0.0},{"damage_healed":0.0,"max_hp_gain":0.0,"max_hp_loss":0.0,"gold_gain":0.0,"event_name":"The Woman in Blue","player_choice":"Bought 1 Potion","floor":3.0,"gold_loss":0.0,"damage_taken":0.0},{"damage_healed":0.0,"max_hp_gain":0.0,"max_hp_loss":0.0,"gold_gain":0.0,"event_name":"Dead Adventurer","player_choice":"Searched \u00271\u0027 times","floor":11.0,"gold_loss":0.0,"damage_taken":0.0,"relics_obtained":["PreservedInsect"]}],"is_beta":false,"boss_relics":[],"items_purged_floors":[],"is_endless":false,"potions_floor_spawned":[5,6,8],"killed_by":"Slime Boss","ascension_level":16}