{"gold_per_floor":[110,110,125,48,48,48,91,111,135,135,148,167,181,106,106,226,226,251,274,292,25,41,41,41,84,84,110,122,134,146,158,170,182],"floor_reached":33,"playtime":7223,"items_purged":["Strike_R"],"score":396,"play_id":"3ba72813-b30c-4102-8216-01b59353cd4b","local_time":"20190121194350","is_ascension_mode":true,"campfire_choices":[{"data":"Rampage","floor":6.0,"key":"SMITH"},{"data":"Shrug It Off","floor":10.0,"key":"SMITH"},{"data":"Fiend Fire","floor":15.0,"key":"SMITH"},{"data":"Limit Break","floor":23.0,"key":"SMITH"},{"data":"True Grit","floor":28.0,"key":"SMITH"},{"floor":30.0,"key":"REST"},{"floor":32.0,"key":"REST"}],"neow_cost":"NONE","seed_source_timestamp":0,"circlet_count":0,"master_deck":["Strike_R","Strike_R","Strike_R","Strike_R","Defend_R","Defend_R","Defend_R","Defend_R","Bash+1","Rampage+1","Wild Strike","Metallicize","Spot Weakness","Shrug It Off+1","True Grit","Thunderclap","Fiend Fire+1","Sentinel","Limit Break+1","Shrug It Off","Wild Strike","Carnage","True Grit+1","Headbutt","Fiend Fire+1"],"special_seed":0,"relics":["Burning Blood","Golden Idol","Blood Vial","Bag of Marbles","Velvet Choker","Vajra","Pen Nib","MawBank","Enchiridion"],"potions_floor_usage":[33],"damage_taken":[{"damage":5.0,"enemies":"Small Slimes","floor":1.0,"turns":3.0},{"damage":13.0,"enemies":"Jaw Worm","floor":3.0,"turns":4.0},{"damage":31.0,"enemies":"3 Sentries","floor":7.0,"turns":8.0},{"damage":1.0,"enemies":"Cultist","floor":8.0,"turns":3.0},{"damage":0.0,"enemies":"Exordium Wildlife","floor":11.0,"turns":4.0},{"damage":0.0,"enemies":"Large Slime","floor":12.0,"turns":6.0},{"damage":7.0,"enemies":"Exordium Thugs","floor":13.0,"turns":4.0},{"damage":0.0,"enemies":"Slime Boss","floor":16.0,"turns":7.0},{"damage":19.0,"enemies":"3 Byrds","floor":18.0,"turns":4.0},{"damage":16.0,"enemies":"2 Thieves","floor":19.0,"turns":4.0},{"damage":11.0,"enemies":"Snecko","floor":20.0,"turns":4.0},{"damage":16.0,"enemies":"Shelled Parasite and Fungi","floor":22.0,"turns":5.0},{"damage":36.0,"enemies":"Book of Stabbing","floor":25.0,"turns":6.0},{"damage":3.0,"enemies":"Cultist and Chosen","floor":27.0,"turns":6.0},{"damage":63,"enemies":"Champ","floor":33,"turns":7}],"seed_played":"-7503020570792983815","potions_obtained":[{"floor":1.0,"key":"Explosive Potion"},{"floor":11.0,"key":"Strength Potion"},{"floor":12.0,"key":"EssenceOfSteel"},{"floor":16.0,"key":"Explosive Potion"},{"floor":19.0,"key":"Poison Potion"},{"floor":20.0,"key":"Poison Potion"}],"is_trial":false,"path_per_floor":["M","?","M","$","?","R","E","M","T","R","M","M","M","$","R","B",null,"M","M","M","$","M","R","$","E","T","M","R","?","R","?","R","B"],"character_chosen":"IRONCLAD","items_purchased":["Metallicize","Sentinel","Vajra","Wild Strike"],"campfire_rested":2,"item_purchase_floors":[4,14,21,21],"current_hp_per_floor":[80,80,73,73,73,73,48,55,55,55,63,71,72,72,72,80,80,67,59,56,56,48,48,48,20,20,25,25,9,33,33,57,0],"gold":182,"neow_bonus":"UPGRADE_CARD","is_prod":false,"is_daily":false,"chose_seed":false,"campfire_upgraded":5,"win_rate":0,"timestamp":1548096230,"path_taken":["M","?","M","$","?","R","E","M","T","R","?","M","M","$","R","BOSS","M","M","M","$","M","R","$","E","T","M","R","?","R","?","R","BOSS"],"build_version":"2018-12-20","purchased_purges":1,"victory":false,"max_hp_per_floor":[80,80,80,80,80,80,80,80,80,80,80,80,80,80,80,80,80,80,80,80,80,80,80,80,80,80,80,80,80,80,80,80,80],"card_choices":[{"not_picked":["Spot Weakness","Armaments"],"picked":"Rampage","floor":1.0},{"not_picked":["Clash","Warcry"],"picked":"Wild Strike","floor":3.0},{"not_picked":["True Grit","Pommel Strike"],"picked":"Spot Weakness","floor":7.0},{"not_picked":["Iron Wave","Flame Barrier"],"picked":"Shrug It Off","floor":8.0},{"not_picked":["Heavy Blade","Rage"],"picked":"True Grit","floor":11.0},{"not_picked":["Metallicize","Rampage"],"picked":"Thunderclap","floor":12.0},{"not_picked":["Sword Boomerang","Corruption"],"picked":"Fiend Fire","floor":13.0},{"not_picked":["Barricade","Reaper"],"picked":"Limit Break","floor":16.0},{"not_picked":["Sword Boomerang","Iron Wave","Dual Wield"],"picked":"SKIP","floor":18.0},{"not_picked":["Wild Strike","Perfected Strike+1","Uppercut"],"picked":"SKIP","floor":19.0},{"not_picked":["Clash","Warcry"],"picked":"Shrug It Off","floor":20.0},{"not_picked":["Wild Strike","Combust"],"picked":"Carnage","floor":22.0},{"not_picked":["Infernal Blade","Burning Pact"],"picked":"True Grit","floor":25.0},{"not_picked":["Twin Strike","Thunderclap"],"picked":"Headbutt","floor":27.0}],"player_experience":73106,"relics_obtained":[{"floor":7.0,"key":"Blood Vial"},{"floor":9.0,"key":"Bag of Marbles"},{"floor":25.0,"key":"Pen Nib"},{"floor":26.0,"key":"MawBank"},{"floor":29.0,"key":"Enchiridion"}],"event_choices":[{"damage_healed":0.0,"max_hp_gain":0.0,"max_hp_loss":0.0,"gold_gain":0.0,"event_name":"Golden Idol","player_choice":"Take Wound","floor":2.0,"gold_loss":0.0,"damage_taken":0.0,"relics_obtained":["Golden Idol"],"cards_obtained":["Injury"]},{"cards_removed":["Injury"],"damage_healed":0.0,"max_hp_gain":0.0,"max_hp_loss":0.0,"gold_gain":0.0,"event_name":"Fountain of Cleansing","player_choice":"Removed Curses","floor":5.0,"gold_loss":0.0,"damage_taken":0.0},{"damage_healed":0.0,"max_hp_gain":0.0,"max_hp_loss":0.0,"gold_gain":0.0,"event_name":"Cursed Tome","player_choice":"Obtained Book","floor":29.0,"gold_loss":0.0,"damage_taken":16.0},{"damage_healed":0.0,"max_hp_gain":0.0,"max_hp_loss":0.0,"gold_gain":0.0,"event_name":"Duplicator","player_choice":"Copied","floor":31.0,"gold_loss":0.0,"damage_taken":0.0,"cards_obtained":["Fiend Fire"]}],"is_beta":false,"boss_relics":[{"not_picked":["Mark of Pain","Ectoplasm"],"picked":"Velvet Choker"}],"items_purged_floors":[21],"is_endless":false,"potions_floor_spawned":[1,11,12,13,16,19,20],"killed_by":"Champ","ascension_level":5}