{"gold_per_floor":[10,22,40,52,72,72,84,84,111,111,141,169,169,181,181,252,252,222,239,259,259,259,259,184,184,184,184,184,22,22,22,22,99,99,113,129,129,29,29,0,0,28,28,28,40,40,40,59,59,59],"floor_reached":51,"playtime":2627,"items_purged":["Decay","Strike_G"],"score":1411,"play_id":"125372ab-c6ba-480d-b458-7e19f7e4708b","local_time":"20190227110449","is_ascension_mode":true,"campfire_choices":[{"data":"Neutralize","floor":6.0,"key":"SMITH"},{"data":"Noxious Fumes","floor":8.0,"key":"SMITH"},{"data":"After Image","floor":10.0,"key":"SMITH"},{"floor":15,"key":"REST"},{"floor":23,"key":"REST"},{"data":"Tools of the Trade","floor":25,"key":"SMITH"},{"floor":27,"key":"REST"},{"data":"Noxious Fumes","floor":30,"key":"SMITH"},{"data":"Catalyst","floor":32,"key":"SMITH"},{"data":"Venomology","floor":41,"key":"SMITH"},{"floor":44,"key":"REST"},{"floor":46,"key":"REST"},{"data":"Burst","floor":49,"key":"SMITH"}],"neow_cost":"NO_GOLD","seed_source_timestamp":9919490306997,"circlet_count":0,"master_deck":["AscendersBane","Defend_G","Defend_G","Defend_G","Defend_G","Defend_G","Strike_G","Strike_G","Survivor","Neutralize+1","After Image+1","Bouncing Flask","Noxious Fumes+1","Backflip","Backstab","Blur","PiercingWail","Malaise+1","Deadly Poison","Burst+1","Noxious Fumes+1","Poisoned Stab","Tools of the Trade+1","Catalyst+1","Venomology+1","Dodge and Roll+1","Leg Sweep","Pain","Poisoned Stab+1","Dash","Crippling Poison","Writhe","Prepared","Footwork+1"],"special_seed":0,"relics":["Ring of the Snake","Omamori","Orichalcum","Odd Mushroom","Calling Bell","Juzu Bracelet","Pantograph","WingedGreaves","Enchiridion","Matryoshka","Oddly Smooth Stone","Philosopher\u0027s Stone","WarpedTongs","Red Mask","Dream Catcher","Darkstone Periapt","Prayer Wheel"],"potions_floor_usage":[35,36,36,42,45,45,45,50,50,50],"damage_taken":[{"damage":1.0,"enemies":"Small Slimes","floor":1.0,"turns":5.0},{"damage":4.0,"enemies":"Jaw Worm","floor":2.0,"turns":6.0},{"damage":0.0,"enemies":"Cultist","floor":3.0,"turns":4.0},{"damage":9.0,"enemies":"2 Fungi Beasts","floor":4.0,"turns":5.0},{"damage":9.0,"enemies":"Exordium Thugs","floor":5.0,"turns":5.0},{"damage":0.0,"enemies":"3 Louse","floor":7.0,"turns":5.0},{"damage":22.0,"enemies":"3 Sentries","floor":11.0,"turns":7.0},{"damage":9.0,"enemies":"The Mushroom Lair","floor":12.0,"turns":5.0},{"damage":6,"enemies":"Gremlin Gang","floor":14,"turns":7},{"damage":9,"enemies":"The Guardian","floor":16,"turns":12},{"damage":8,"enemies":"2 Thieves","floor":18,"turns":4},{"damage":4,"enemies":"Spheric Guardian","floor":19,"turns":6},{"damage":21,"enemies":"Snake Plant","floor":20,"turns":8},{"damage":0,"enemies":"Champ","floor":33,"turns":8},{"damage":5,"enemies":"Orb Walker","floor":35,"turns":6},{"damage":34,"enemies":"3 Darklings","floor":36,"turns":7},{"damage":14,"enemies":"Nemesis","floor":42,"turns":7},{"damage":26,"enemies":"Transient","floor":45,"turns":6},{"damage":8,"enemies":"Maw","floor":48,"turns":7},{"damage":40,"enemies":"Donu and Deca","floor":50,"turns":9}],"seed_played":"-2385990471913903204","potions_obtained":[{"floor":1.0,"key":"Ancient Potion"},{"floor":2.0,"key":"Fire Potion"},{"floor":5.0,"key":"Regen Potion"},{"floor":11.0,"key":"Ancient Potion"},{"floor":16,"key":"SteroidPotion"},{"floor":18,"key":"AttackPotion"},{"floor":37,"key":"Explosive Potion"},{"floor":37,"key":"LiquidBronze"},{"floor":45,"key":"SkillPotion"}],"is_trial":false,"path_per_floor":["M","M","M","M","M","R","M","R","T","R","E","?","?","M","R","B",null,"M","M","M","?","?","R","$","R","T","R","?","$","R","?","R","B",null,"M","M","?","$","?","?","R","E","T","R","M","R","?","M","R","B",null],"character_chosen":"THE_SILENT","items_purchased":["Oddly Smooth Stone"],"campfire_rested":5,"item_purchase_floors":[29],"current_hp_per_floor":[58,54,54,45,36,36,36,36,36,36,29,20,25,19,40,31,61,53,49,28,7,7,28,28,28,28,49,49,49,49,49,49,71,71,66,32,32,32,32,32,32,18,18,39,13,34,54,46,46,46],"gold":59,"neow_bonus":"THREE_RARE_CARDS","is_prod":false,"is_daily":false,"chose_seed":false,"campfire_upgraded":8,"win_rate":0,"timestamp":1551294289,"path_taken":["M","M","M","M","M","R","M","R","T","R","E","?","?","M","R","BOSS","M","M","M","?","?","R","?","R","T","R","?","?","R","?","R","BOSS","M","M","?","?","?","?","R","E","T","R","M","R","?","M","R","BOSS"],"build_version":"2019-01-23","purchased_purges":2,"victory":true,"max_hp_per_floor":[66,66,66,66,66,66,66,66,66,66,66,66,71,71,71,71,71,71,71,71,71,71,71,71,71,71,71,71,71,71,71,71,71,71,71,71,71,71,71,71,71,71,71,71,71,71,77,77,77,77],"card_choices":[{"not_picked":["A Thousand Cuts","Corpse Explosion"],"picked":"After Image","floor":0.0},{"not_picked":["Dagger Throw","Escape Plan"],"picked":"Bouncing Flask","floor":1.0},{"not_picked":["Catalyst","Finisher"],"picked":"Noxious Fumes","floor":2.0},{"not_picked":["Setup","Underhanded Strike"],"picked":"Backflip","floor":3.0},{"not_picked":["Riddle With Holes","Terror"],"picked":"Backstab","floor":4.0},{"not_picked":["Deflect","Heel Hook"],"picked":"Blur","floor":5.0},{"not_picked":["Riddle With Holes","Bane"],"picked":"PiercingWail","floor":7.0},{"not_picked":["Acrobatics","Heel Hook"],"picked":"Malaise","floor":11.0},{"not_picked":["Concentrate","Predator"],"picked":"Deadly Poison","floor":14},{"not_picked":["Wraith Form v2","A Thousand Cuts"],"picked":"Burst","floor":16},{"not_picked":["Prepared","Poisoned Stab"],"picked":"Noxious Fumes","floor":18},{"not_picked":["Dodge and Roll","Dagger Throw","Quick Slash"],"picked":"SKIP","floor":19},{"not_picked":["Masterful Stab+1","PiercingWail"],"picked":"Poisoned Stab","floor":20},{"not_picked":["Doppelganger","Night Terror"],"picked":"Venomology","floor":33},{"not_picked":["Underhanded Strike","Outmaneuver"],"picked":"Dodge and Roll+1","floor":35},{"not_picked":["Catalyst","Infinite Blades"],"picked":"Leg Sweep","floor":36},{"not_picked":["Bullet Time","Skewer"],"picked":"Poisoned Stab+1","floor":42},{"not_picked":["Dodge and Roll","Flechettes"],"picked":"Dash","floor":44},{"not_picked":["Sucker Punch","Noxious Fumes"],"picked":"Crippling Poison","floor":45},{"not_picked":["Flying Knee","Storm of Steel","Sucker Punch"],"picked":"SKIP","floor":45},{"not_picked":["Masterful Stab+1","Expertise"],"picked":"Prepared","floor":48},{"not_picked":["Prepared+1","Tactician+1"],"picked":"Footwork+1","floor":48}],"player_experience":1233988,"relics_obtained":[{"floor":9.0,"key":"Omamori"},{"floor":11.0,"key":"Orichalcum"},{"floor":12.0,"key":"Odd Mushroom"},{"floor":17,"key":"Juzu Bracelet"},{"floor":17,"key":"Pantograph"},{"floor":17,"key":"WingedGreaves"},{"floor":21,"key":"Enchiridion"},{"floor":26,"key":"Matryoshka"},{"floor":42,"key":"Dream Catcher"},{"floor":43,"key":"Darkstone Periapt"},{"floor":43,"key":"Prayer Wheel"}],"event_choices":[{"damage_healed":0.0,"max_hp_gain":0.0,"max_hp_loss":0.0,"gold_gain":0.0,"event_name":"Mushrooms","player_choice":"Fought Mushrooms","floor":12.0,"gold_loss":0.0,"damage_taken":0.0},{"damage_healed":0,"gold_gain":0,"player_choice":"Donut","damage_taken":0,"max_hp_gain":5,"max_hp_loss":0,"event_name":"Big Fish","floor":13,"gold_loss":0},{"damage_healed":0,"gold_gain":0,"player_choice":"Obtained Book","damage_taken":21,"max_hp_gain":0,"max_hp_loss":0,"event_name":"Cursed Tome","floor":21,"gold_loss":0},{"damage_healed":0,"gold_gain":0,"cards_transformed":["Strike_G","Strike_G"],"player_choice":"Became Test Subject","damage_taken":0,"max_hp_gain":0,"max_hp_loss":0,"event_name":"Drug Dealer","floor":22,"gold_loss":0,"cards_obtained":["Tools of the Trade","Catalyst"]},{"damage_healed":0,"gold_gain":0,"player_choice":"Upgraded","damage_taken":0,"max_hp_gain":0,"max_hp_loss":0,"event_name":"Upgrade Shrine","floor":28,"gold_loss":0,"cards_upgraded":["Malaise"]},{"damage_healed":0,"gold_gain":0,"player_choice":"Ignored","damage_taken":0,"max_hp_gain":0,"max_hp_loss":0,"event_name":"Ghosts","floor":31,"gold_loss":0},{"damage_healed":0,"gold_gain":0,"player_choice":"Got Potions","damage_taken":0,"max_hp_gain":0,"max_hp_loss":0,"event_name":"Lab","floor":37,"gold_loss":0},{"damage_healed":0,"gold_gain":0,"player_choice":"Rummage","damage_taken":0,"relics_obtained":["WarpedTongs"],"max_hp_gain":0,"max_hp_loss":0,"event_name":"Accursed Blacksmith","floor":39,"gold_loss":0,"cards_obtained":["Pain"]},{"damage_healed":0,"gold_gain":0,"player_choice":"Paid","damage_taken":0,"relics_obtained":["Red Mask"],"max_hp_gain":0,"max_hp_loss":0,"event_name":"Tomb of Lord Red Mask","floor":40,"gold_loss":29},{"damage_healed":14,"gold_gain":0,"player_choice":"Writhe","damage_taken":0,"max_hp_gain":0,"max_hp_loss":0,"event_name":"Winding Halls","floor":47,"gold_loss":0,"cards_obtained":["Writhe"]}],"is_beta":false,"boss_relics":[{"not_picked":["Lizard Tail","Pandora\u0027s Box"],"picked":"Calling Bell"},{"not_picked":["White Beast Statue","Orrery"],"picked":"Philosopher\u0027s Stone"}],"items_purged_floors":[24,38],"is_endless":false,"potions_floor_spawned":[1,2,4,5,11,16,18,35,42,45],"ascension_level":19}