{"path_per_floor":["M","M","M","M","M","E","R","E","T","M","?","?","E","M","R","B",null,"M","$","M","$","M","E","$","M","T","E","R","M","R","M","R","B",null,"M","?","M","M","M","R","M","R","T","M","R","$","E","?","R"],"character_chosen":"IRONCLAD","items_purchased":["Ice Cream","Power Through","Dexterity Potion"],"gold_per_floor":[110,125,138,149,161,191,191,225,307,326,276,276,310,330,330,435,435,450,375,386,74,92,118,18,36,59,87,87,101,101,117,117,221,221,240,240,257,268,280,280,290,290,290,305,305,57,83,133,133,133],"floor_reached":50,"campfire_rested":5,"playtime":3179,"current_hp_per_floor":[77,75,75,74,69,57,57,48,48,46,46,46,47,48,48,32,68,75,75,67,67,66,60,60,53,53,23,62,52,52,48,80,17,64,59,79,67,57,33,72,46,80,80,70,70,70,58,13,52,0],"items_purged":["Strike_R","Strike_R","Writhe"],"gold":133,"score":751,"play_id":"d50f1d4d-b5d1-4ba3-9ea5-ffe3393c5de7","local_time":"20180420124554","is_prod":false,"is_daily":false,"chose_seed":false,"is_ascension_mode":true,"campfire_upgraded":4,"timestamp":1524253554,"path_taken":["M","M","?","M","M","E","R","E","T","M","?","?","E","M","R","BOSS","M","$","M","$","M","E","$","M","T","E","R","M","R","M","R","BOSS","M","?","M","M","M","R","M","R","T","M","R","$","E","?","R","BOSS"],"build_version":"2018-04-19","seed_source_timestamp":5033160210914,"purchased_purges":5,"victory":false,"master_deck":["Strike_R+1","Strike_R","Defend_R","Defend_R","Defend_R","Defend_R","Bash+1","Pommel Strike+1","Clash","Cleave","Cleave","Metallicize+1","Bloodletting","Reckless Charge","Bash","Iron Wave","Iron Wave","Juggernaut","Uppercut+1","Iron Wave+1","Demon Form+1","Fire Breathing+1","Twin Strike+1","Iron Wave","Offering","Blood for Blood","Whirlwind","Heavy Blade","Injury","Power Through","Corruption+1"],"max_hp_per_floor":[80,80,80,80,80,80,80,80,80,80,80,80,80,80,80,80,80,80,80,80,80,80,80,80,80,80,80,80,80,80,80,80,80,80,80,80,80,80,80,80,80,80,80,80,80,80,80,80,80,80],"relics":["Burning Blood","Bronze Scales","Whetstone","Mercury Hourglass","Magic Flower","Velvet Choker","Ice Cream","Regal Pillow","Ancient Tea Set","Bottled Lightning","Cursed Key","Molten Egg 2","Ginger","Unceasing Top"],"card_choices":[{"not_picked":["Burning Pact","Heavy Blade"],"picked":"Pommel Strike","floor":1},{"not_picked":["Body Slam","Wild Strike"],"picked":"Clash","floor":2},{"not_picked":["Havoc","Thunderclap"],"picked":"Cleave","floor":3},{"not_picked":["True Grit","Sentinel"],"picked":"Cleave","floor":4},{"not_picked":["Shrug It Off","Dropkick"],"picked":"Metallicize","floor":5},{"not_picked":["Pummel","Heavy Blade"],"picked":"Bloodletting","floor":6},{"not_picked":["Sentinel","Body Slam"],"picked":"Reckless Charge","floor":10},{"not_picked":["Battle Trance","Sword Boomerang"],"picked":"Iron Wave","floor":13},{"not_picked":["Flex","Sword Boomerang"],"picked":"Iron Wave","floor":14},{"not_picked":["Limit Break","Berserk"],"picked":"Juggernaut","floor":16},{"not_picked":["Flex","Dual Wield"],"picked":"Uppercut","floor":18},{"not_picked":["Armaments","Heavy Blade"],"picked":"Iron Wave","floor":20},{"not_picked":["Havoc","Cleave"],"picked":"Demon Form","floor":22},{"not_picked":["Dark Embrace","Warcry"],"picked":"Fire Breathing","floor":23},{"not_picked":["True Grit","Flame Barrier"],"picked":"Twin Strike","floor":25},{"not_picked":["Body Slam","Anger"],"picked":"Iron Wave","floor":29},{"not_picked":["Dark Embrace","Exhume"],"picked":"Offering","floor":33},{"not_picked":["Evolve","Battle Trance"],"picked":"Blood for Blood","floor":37},{"not_picked":["Rupture","Burning Pact"],"picked":"Whirlwind","floor":38},{"not_picked":["Flex","Rupture"],"picked":"Heavy Blade","floor":41},{"not_picked":["Perfected Strike","Uppercut"],"picked":"Corruption","floor":48}],"player_experience":328128,"potions_floor_usage":[8,16,23,23,23,33,38,44,47,47,50,50],"damage_taken":[{"damage":1,"enemies":"Cultist","floor":1,"turns":4},{"damage":8,"enemies":"Jaw Worm","floor":2,"turns":4},{"damage":6,"enemies":"2 Louse","floor":3,"turns":2},{"damage":7,"enemies":"Large Slime","floor":4,"turns":4},{"damage":11,"enemies":"Blue Slaver","floor":5,"turns":3},{"damage":18,"enemies":"3 Sentries","floor":6,"turns":6},{"damage":15,"enemies":"Lagavulin","floor":8,"turns":6},{"damage":8,"enemies":"Red Slaver","floor":10,"turns":3},{"damage":5,"enemies":"Gremlin Nob","floor":13,"turns":3},{"damage":8,"enemies":"Lots of Slimes","floor":14,"turns":2},{"damage":25,"enemies":"Hexaghost","floor":16,"turns":8},{"damage":2,"enemies":"Spheric Guardian","floor":18,"turns":3},{"damage":17,"enemies":"Shell Parasite","floor":20,"turns":4},{"damage":10,"enemies":"3 Cultists","floor":22,"turns":4},{"damage":15,"enemies":"Gremlin Leader","floor":23,"turns":5},{"damage":16,"enemies":"Snecko","floor":25,"turns":4},{"damage":39,"enemies":"Slavers","floor":27,"turns":3},{"damage":19,"enemies":"Snake Plant","floor":29,"turns":2},{"damage":13,"enemies":"Chosen and Byrds","floor":31,"turns":4},{"damage":72,"enemies":"Automaton","floor":33,"turns":8},{"damage":14,"enemies":"Orb Walker","floor":35,"turns":3},{"damage":21,"enemies":"3 Shapes","floor":37,"turns":4},{"damage":19,"enemies":"Maw","floor":38,"turns":7},{"damage":33,"enemies":"3 Darklings","floor":39,"turns":3},{"damage":35,"enemies":"4 Shapes","floor":41,"turns":6},{"damage":19,"enemies":"Maw","floor":44,"turns":6},{"damage":36,"enemies":"Giant Head","floor":47,"turns":6},{"damage":54,"enemies":"Mysterious Sphere","floor":48,"turns":5},{"damage":55,"enemies":"Time Eater","floor":50,"turns":5}],"event_choices":[{"event_name":"The Cleric","player_choice":"Card Removal","floor":11,"damage_taken":0},{"event_name":"Match and Keep!","player_choice":"1 cards matched","floor":12,"damage_taken":0},{"event_name":"Winding Halls","player_choice":"Writhe","floor":36,"damage_taken":0},{"event_name":"Mysterious Sphere","player_choice":"Fight","floor":48,"damage_taken":0}],"boss_relics":[{"not_picked":["Pandora\u0027s Box","White Beast Statue"],"picked":"Velvet Choker"},{"not_picked":["Lizard Tail","Snecko Eye"],"picked":"Cursed Key"}],"potions_floor_spawned":[3,5,8,16,20,27,31,38,39,41,44,48],"seed_played":"7112069384462456051","killed_by":"Time Eater","ascension_level":7,"is_trial":false}