{"gold_per_floor":[119,119,44,44,44,76,76,105,105,105,16,35,35,52,52,126,126,140,140,140,171,96,96,112,145,175,450,464,464],"floor_reached":29,"playtime":1240,"items_purged":["Writhe"],"score":659,"play_id":"32919bcb-1314-4d73-a69b-a058d8eb317a","local_time":"20190128021100","is_ascension_mode":true,"campfire_choices":[{"data":"Venomology","floor":7,"key":"SMITH"},{"data":"Neutralize","floor":10,"key":"SMITH"},{"data":"Footwork","floor":13,"key":"SMITH"},{"data":"Poisoned Stab","floor":15,"key":"SMITH"},{"data":"Venomology","floor":23,"key":"SMITH"}],"neow_cost":"NONE","seed_source_timestamp":35450116898594,"circlet_count":0,"master_deck":["AscendersBane","Defend_G+1","Defend_G","Defend_G+1","Defend_G","Defend_G+1","Strike_G","Strike_G","Strike_G+1","Strike_G","Strike_G+1","Survivor","Neutralize+1","Backflip","Venomology+1","Poisoned Stab+1","Footwork+1","Backstab+1","Backstab","Tools of the Trade","Deadly Poison","Venomology+1","Poisoned Stab","Caltrops","Bouncing Flask","Bouncing Flask+1","Deflect","Regret"],"relics":["Ring of the Snake","NeowsBlessing","PreservedInsect","War Paint","Centennial Puzzle","Bronze Scales","Orrery","FossilizedHelix","Red Mask","Whetstone","Tiny Chest"],"potions_floor_usage":[14,14,16,16,18,18,21,21,21,21,24,25,25,25,25,28,29],"damage_taken":[{"damage":0,"enemies":"2 Louse","floor":1,"turns":1},{"damage":0,"enemies":"Lagavulin","floor":6,"turns":1},{"damage":0,"enemies":"3 Sentries","floor":8,"turns":1},{"damage":0,"enemies":"Small Slimes","floor":12,"turns":4},{"damage":0,"enemies":"Jaw Worm","floor":14,"turns":3},{"damage":0,"enemies":"Hexaghost","floor":16,"turns":9},{"damage":12,"enemies":"Spheric Guardian","floor":18,"turns":6},{"damage":19,"enemies":"Masked Bandits","floor":21,"turns":6},{"damage":19,"enemies":"Shell Parasite","floor":24,"turns":4},{"damage":6,"enemies":"Slavers","floor":25,"turns":6},{"damage":2,"enemies":"Centurion and Healer","floor":28,"turns":11},{"damage":10,"enemies":"Snake Plant","floor":29,"turns":2}],"seed_played":"-3080219572133850721","potions_obtained":[{"floor":6,"key":"EssenceOfSteel"},{"floor":16,"key":"AttackPotion"},{"floor":18,"key":"Block Potion"},{"floor":21,"key":"PowerPotion"},{"floor":24,"key":"GhostInAJar"}],"is_trial":false,"path_per_floor":["M","?","?","$","?","E","R","E","T","R","$","M","R","M","R","B",null,"M","?","?","?","$","R","M","E","T","?","M","M"],"character_chosen":"THE_SILENT","items_purchased":["Footwork"],"campfire_rested":0,"item_purchase_floors":[11],"current_hp_per_floor":[59,59,59,59,39,39,39,39,39,39,39,39,39,48,48,48,62,50,50,50,31,31,31,12,6,6,6,4,0],"gold":464,"neow_bonus":"THREE_ENEMY_KILL","is_prod":false,"is_daily":false,"chose_seed":false,"campfire_upgraded":5,"win_rate":0,"timestamp":1548670260,"path_taken":["M","?","?","$","?","E","R","E","T","R","?","M","R","?","R","BOSS","M","?","?","?","?","R","M","E","T","?","M","M"],"build_version":"2019-01-23","purchased_purges":1,"victory":false,"max_hp_per_floor":[66,66,66,66,66,66,66,66,66,66,66,66,66,66,66,66,66,66,66,66,66,66,66,66,66,66,66,66,66],"card_choices":[{"not_picked":["Cloak And Dagger","Deadly Poison"],"picked":"Backflip","floor":1},{"not_picked":["Acrobatics","Expertise"],"picked":"Venomology","floor":6},{"not_picked":["Finisher","Dagger Spray"],"picked":"Poisoned Stab","floor":8},{"not_picked":["Sucker Punch","Prepared"],"picked":"Backstab","floor":12},{"not_picked":["Bane","Flechettes"],"picked":"Backstab","floor":14},{"not_picked":["Night Terror","Bullet Time"],"picked":"Tools of the Trade","floor":16},{"not_picked":["Blade Dance","Cloak And Dagger"],"picked":"Deadly Poison","floor":17},{"not_picked":["Outmaneuver","Prepared"],"picked":"Venomology","floor":17},{"not_picked":["Flechettes","Blade Dance"],"picked":"Poisoned Stab","floor":17},{"not_picked":["Choke","Poisoned Stab"],"picked":"Caltrops","floor":17},{"not_picked":["Dagger Throw","Bane","Tools of the Trade"],"picked":"SKIP","floor":18},{"not_picked":["PiercingWail+1","Sucker Punch+1"],"picked":"Bouncing Flask+1","floor":21},{"not_picked":["Bouncing Flask","Flying Knee"],"picked":"Deflect","floor":24},{"not_picked":["PiercingWail","Slice","Prepared"],"picked":"SKIP","floor":25},{"not_picked":["Dagger Throw","Accuracy","Outmaneuver"],"picked":"SKIP","floor":28}],"player_experience":1172700,"relics_obtained":[{"floor":6,"key":"War Paint"},{"floor":8,"key":"Centennial Puzzle"},{"floor":9,"key":"Bronze Scales"},{"floor":21,"key":"Red Mask"},{"floor":25,"key":"Whetstone"},{"floor":26,"key":"Tiny Chest"}],"event_choices":[{"damage_healed":0,"gold_gain":0,"player_choice":"Box","damage_taken":0,"relics_obtained":["PreservedInsect"],"max_hp_gain":0,"max_hp_loss":0,"event_name":"Big Fish","floor":2,"gold_loss":0,"cards_obtained":["Regret"]},{"cards_removed":["Regret"],"damage_healed":0,"gold_gain":0,"player_choice":"Card Removal","damage_taken":0,"max_hp_gain":0,"max_hp_loss":0,"event_name":"The Cleric","floor":3,"gold_loss":75},{"damage_healed":0,"gold_gain":0,"player_choice":"Entered Light","damage_taken":20,"max_hp_gain":0,"max_hp_loss":0,"event_name":"Shining Light","floor":5,"gold_loss":0,"cards_upgraded":["Strike_G","Defend_G"]},{"damage_healed":0,"gold_gain":0,"player_choice":"Opened","damage_taken":0,"relics_obtained":["FossilizedHelix"],"max_hp_gain":0,"max_hp_loss":0,"event_name":"The Mausoleum","floor":19,"gold_loss":0,"cards_obtained":["Writhe"]},{"damage_healed":0,"gold_gain":0,"player_choice":"Read","damage_taken":0,"max_hp_gain":0,"max_hp_loss":0,"event_name":"The Library","floor":20,"gold_loss":0,"cards_obtained":["Bouncing Flask"]},{"damage_healed":0,"gold_gain":0,"player_choice":"Fought Bandits","damage_taken":0,"max_hp_gain":0,"max_hp_loss":0,"event_name":"Masked Bandits","floor":21,"gold_loss":0},{"damage_healed":0,"gold_gain":275,"player_choice":"Desecrate","damage_taken":0,"max_hp_gain":0,"max_hp_loss":0,"event_name":"Golden Shrine","floor":27,"gold_loss":0,"cards_obtained":["Regret"]}],"is_beta":false,"boss_relics":[{"not_picked":["Empty Cage","Astrolabe"],"picked":"Orrery"}],"items_purged_floors":[22],"is_endless":false,"potions_floor_spawned":[6,16,18,21,24],"killed_by":"Snake Plant","ascension_level":18}