{"path_per_floor":["M","M","M","M","?","R","E","R","T","R","?","$","?","M","R","B",null,"M","M","M","?","M","R"],"character_chosen":"IRONCLAD","items_purchased":["Strawberry"],"gold_per_floor":[111,121,135,135,135,135,164,164,217,217,217,74,104,120,120,245,245,266,281,300,215,236,236,236],"floor_reached":24,"campfire_rested":0,"playtime":1307,"current_hp_per_floor":[80,72,71,62,62,62,37,37,37,37,37,44,44,45,45,18,70,61,55,41,41,31,31,0],"items_purged":[],"gold":236,"score":248,"play_id":"d0c9ddd8-a35e-418f-a595-56cb3904ff5b","local_time":"20180413201718","is_prod":false,"is_daily":false,"chose_seed":false,"is_ascension_mode":true,"campfire_upgraded":5,"timestamp":1523675838,"path_taken":["M","M","M","M","?","R","E","R","T","R","?","$","?","M","R","BOSS","M","M","M","?","M","R","E"],"build_version":"2018-04-12","seed_source_timestamp":167731081638857,"purchased_purges":1,"victory":false,"master_deck":["Strike_R","Strike_R","Strike_R","Strike_R","Strike_R","Defend_R","Defend_R","Defend_R","Defend_R","Bash","Searing Blow+6","Metallicize","Clothesline","Injury","Regret","Battle Trance","Double Tap"],"max_hp_per_floor":[80,80,80,80,80,80,80,80,80,80,80,87,87,87,87,87,87,87,87,87,87,87,87,87],"relics":["Burning Blood","Juzu Bracelet","Dead Branch","Anchor","Golden Idol","Strawberry","Tiny Chest","Sozu","Blood Vial"],"card_choices":[{"not_picked":["True Grit","Clash"],"picked":"Searing Blow","floor":1},{"not_picked":["Clash","True Grit"],"picked":"Metallicize","floor":2},{"not_picked":["Warcry","True Grit"],"picked":"Clothesline","floor":3},{"not_picked":["Pummel","Power Through"],"picked":"Battle Trance","floor":14},{"not_picked":["Offering","Exhume"],"picked":"Double Tap","floor":16}],"player_experience":283387,"potions_floor_usage":[7,7,16],"damage_taken":[{"damage":3,"enemies":"Small Slimes","floor":1,"turns":4},{"damage":14,"enemies":"Jaw Worm","floor":2,"turns":4},{"damage":7,"enemies":"2 Louse","floor":3,"turns":4},{"damage":15,"enemies":"2 Fungi Beasts","floor":4,"turns":4},{"damage":31,"enemies":"Lagavulin","floor":7,"turns":6},{"damage":5,"enemies":"Exordium Wildlife","floor":14,"turns":4},{"damage":33,"enemies":"Hexaghost","floor":16,"turns":8},{"damage":15,"enemies":"2 Thieves","floor":18,"turns":4},{"damage":12,"enemies":"Shell Parasite","floor":19,"turns":4},{"damage":20,"enemies":"Snecko","floor":20,"turns":4},{"damage":18,"enemies":"Centurion and Healer","floor":22,"turns":5},{"damage":35,"enemies":"Slavers","floor":24,"turns":2}],"event_choices":[{"event_name":"Living Wall","player_choice":"Grow","floor":5,"damage_taken":0},{"event_name":"Golden Idol","player_choice":"Take Wound","floor":11,"damage_taken":0},{"event_name":"Big Fish","player_choice":"Box","floor":13,"damage_taken":0},{"event_name":"Addict","player_choice":"Obtained Relic","floor":21,"damage_taken":0}],"boss_relics":[{"not_picked":["White Beast Statue","Tiny House"],"picked":"Sozu"}],"potions_floor_spawned":[2,3,7,18,22],"seed_played":"-3246245773816154372","killed_by":"Slavers","ascension_level":5,"is_trial":false}