{"gold_per_floor":[16,30,44,44,60,92,153,153,205,205,223,223,237,237,237,332,332,332,257,257,172,172,172,172,172,172,172,172],"floor_reached":28,"playtime":2407,"items_purged":[],"score":431,"play_id":"5f80c101-c0d5-4e12-a31e-b8bfde5be2fa","local_time":"20180807145345","is_ascension_mode":true,"campfire_choices":[{"data":"Zap","floor":8,"key":"SMITH"},{"data":"Dualcast","floor":10,"key":"SMITH"},{"data":"Rainbow","floor":12,"key":"SMITH"},{"data":"Defragment","floor":15,"key":"SMITH"},{"data":"Glacier","floor":23,"key":"SMITH"},{"floor":25,"key":"REST"}],"neow_cost":"NO_GOLD","seed_source_timestamp":2864728997635,"circlet_count":0,"master_deck":["Strike_B+1","Strike_B","Strike_B","Defend_B+1","Defend_B","Defend_B","Defend_B","Zap+1","Dualcast+1","AscendersBane","Defragment+1","Glacier+1","Rainbow+1","Coolheaded","Compile Driver+1","Echo Form","Undo","Cold Snap+1","BootSequence","Static Discharge"],"relics":["Cracked Core","Pear","Anchor","Happy Flower","Ectoplasm","Shuriken","Whetstone","Strawberry"],"potions_floor_usage":[6,7,16,27,27],"damage_taken":[{"damage":1,"enemies":"2 Louse","floor":1,"turns":3},{"damage":0,"enemies":"Small Slimes","floor":2,"turns":2},{"damage":0,"enemies":"Cultist","floor":3,"turns":4},{"damage":0,"enemies":"Large Slime","floor":5,"turns":4},{"damage":32,"enemies":"Gremlin Nob","floor":6,"turns":5},{"damage":10,"enemies":"3 Sentries","floor":7,"turns":9},{"damage":0,"enemies":"Blue Slaver","floor":11,"turns":3},{"damage":0,"enemies":"Exordium Wildlife","floor":13,"turns":4},{"damage":3,"enemies":"The Guardian","floor":16,"turns":9},{"damage":4,"enemies":"3 Byrds","floor":18,"turns":4},{"damage":19,"enemies":"2 Thieves","floor":19,"turns":4},{"damage":22,"enemies":"Slaver and Parasite","floor":24,"turns":5},{"damage":58,"enemies":"Gremlin Leader","floor":27,"turns":7},{"damage":17,"enemies":"Cultist and Chosen","floor":28,"turns":4}],"seed_played":"2240293037782802922","potions_obtained":[{"floor":1,"key":"Swift Potion"},{"floor":2,"key":"LiquidBronze"},{"floor":3,"key":"SpeedPotion"},{"floor":6,"key":"SpeedPotion"},{"floor":13,"key":"EssenceOfSteel"},{"floor":24,"key":"Block Potion"}],"is_trial":false,"path_per_floor":["M","M","M","?","M","E","?","R","T","R","M","R","M","?","R","B",null,"M","M","?","?","?","R","M","R","T","E"],"character_chosen":"DEFECT","items_purchased":[],"campfire_rested":1,"item_purchase_floors":[],"current_hp_per_floor":[81,81,81,63,63,41,31,31,31,31,31,31,31,24,24,21,80,76,57,57,57,57,57,35,64,64,13,0],"gold":172,"neow_bonus":"TWENTY_PERCENT_HP_BONUS","is_prod":false,"is_daily":false,"chose_seed":false,"campfire_upgraded":5,"win_rate":0,"timestamp":1533678825,"path_taken":["M","M","M","?","?","E","?","R","T","R","M","R","M","?","R","BOSS","M","M","?","?","?","R","M","R","T","E","?"],"build_version":"2018-08-02","purchased_purges":0,"victory":false,"max_hp_per_floor":[89,89,89,89,89,99,99,99,99,99,99,99,99,99,99,99,99,99,99,99,99,99,99,99,99,99,106,106],"card_choices":[{"not_picked":["Steam Power","Hologram","Beam Cell"],"picked":"SKIP","floor":1},{"not_picked":["Rebound","Coolheaded"],"picked":"Defragment","floor":2},{"not_picked":["Aggregate","Redo","Lockon"],"picked":"SKIP","floor":3},{"not_picked":["Compile Driver","Redo","Fusion"],"picked":"SKIP","floor":5},{"not_picked":["Beam Cell","Streamline"],"picked":"Glacier","floor":6},{"not_picked":["Ball Lightning","Stack"],"picked":"Rainbow","floor":7},{"not_picked":["Beam Cell","Gash"],"picked":"Coolheaded","floor":11},{"not_picked":["Streamline","Rebound"],"picked":"Compile Driver","floor":13},{"not_picked":["Multi-Cast","Core Surge"],"picked":"Echo Form","floor":16},{"not_picked":["Defragment","Stack","Turbo"],"picked":"SKIP","floor":18},{"not_picked":["Skim","Gash"],"picked":"Undo","floor":19},{"not_picked":["Heatsinks","Scrape"],"picked":"BootSequence","floor":24},{"not_picked":["Rip and Tear","Melter"],"picked":"Static Discharge","floor":27}],"player_experience":721936,"relics_obtained":[{"floor":6,"key":"Pear"},{"floor":7,"key":"Anchor"},{"floor":9,"key":"Happy Flower"},{"floor":26,"key":"Whetstone"},{"floor":27,"key":"Strawberry"}],"event_choices":[{"event_name":"Shining Light","player_choice":"Entered Light","floor":4,"damage_taken":0},{"event_name":"Dead Adventurer","player_choice":"Searched \u00272\u0027 times","floor":7,"damage_taken":0},{"event_name":"Golden Wing","player_choice":"Card Removal","floor":14,"damage_taken":0},{"event_name":"Ghosts","player_choice":"Ignored","floor":20,"damage_taken":0},{"event_name":"Addict","player_choice":"Obtained Relic","floor":21,"damage_taken":0},{"event_name":"Match and Keep!","player_choice":"1 cards matched","floor":22,"damage_taken":0}],"is_beta":false,"boss_relics":[{"not_picked":["Astrolabe","FrozenCore"],"picked":"Ectoplasm"}],"items_purged_floors":[],"is_endless":false,"potions_floor_spawned":[1,2,3,6,13,24],"killed_by":"Cultist and Chosen","ascension_level":12}