{"path_per_floor":["M","M","?","M","M","R","E","R","T","M","M","$","R","M","R","B",null,"M","M","M","M","$","R"],"character_chosen":"THE_SILENT","items_purchased":["Cloak And Dagger","Blade Dance"],"gold_per_floor":[110,127,127,139,149,149,180,180,207,226,245,63,63,73,73,178,178,196,210,224,241,141,141,141],"floor_reached":24,"campfire_rested":3,"playtime":2879,"current_hp_per_floor":[66,66,66,64,53,53,26,47,47,45,37,37,58,56,56,41,63,63,63,55,27,27,48,0],"items_purged":["Strike_G","Strike_G"],"gold":141,"score":253,"play_id":"852eeebe-bd38-4990-adb1-2376f8df7a5c","local_time":"20180418210752","is_prod":false,"is_daily":false,"chose_seed":false,"is_ascension_mode":true,"campfire_upgraded":2,"timestamp":1524110872,"path_taken":["M","M","?","M","M","R","E","R","T","M","M","$","R","M","R","BOSS","M","M","M","M","$","R","E"],"build_version":"2018-04-12","seed_source_timestamp":601195814659237,"purchased_purges":2,"victory":false,"master_deck":["Defend_G","Defend_G","Defend_G","Defend_G","Defend_G","Strike_G","Strike_G","Survivor","Neutralize+1","PiercingWail","Dagger Spray+1","Quick Slash","Cloak And Dagger","Backstab","Dagger Spray","Backflip","Cloak And Dagger","Blade Dance","Deflect","After Image","Backstab","Flying Knee+1"],"max_hp_per_floor":[70,70,70,70,70,70,70,70,70,70,70,70,70,70,70,70,70,70,70,70,70,70,70,70],"relics":["Ring of the Snake","Dream Catcher","Kunai","Ancient Tea Set","Velvet Choker"],"card_choices":[{"not_picked":["Heel Hook","Choke"],"picked":"PiercingWail","floor":1},{"not_picked":["Underhanded Strike","Sucker Punch"],"picked":"Dagger Spray","floor":2},{"not_picked":["PiercingWail","Poisoned Stab"],"picked":"Quick Slash","floor":4},{"not_picked":["Caltrops","All Out Attack"],"picked":"Cloak And Dagger","floor":5},{"not_picked":["Crippling Poison","Well Laid Plans"],"picked":"Backstab","floor":7},{"not_picked":["Riddle With Holes","PiercingWail"],"picked":"Dagger Spray","floor":8},{"not_picked":["Quick Slash","Underhanded Strike"],"picked":"Backflip","floor":11},{"not_picked":["Poisoned Stab","Venomology"],"picked":"Deflect","floor":13},{"not_picked":["Bullet Time","Night Terror"],"picked":"After Image","floor":16},{"not_picked":["Crippling Poison","Deflect"],"picked":"Backstab","floor":21},{"not_picked":["Backstab","Escape Plan"],"picked":"Flying Knee","floor":23}],"player_experience":298645,"potions_floor_usage":[7,7,24],"damage_taken":[{"damage":4,"enemies":"Small Slimes","floor":1,"turns":5},{"damage":0,"enemies":"Cultist","floor":2,"turns":5},{"damage":2,"enemies":"Jaw Worm","floor":4,"turns":5},{"damage":11,"enemies":"Large Slime","floor":5,"turns":8},{"damage":27,"enemies":"Lagavulin","floor":7,"turns":9},{"damage":2,"enemies":"2 Fungi Beasts","floor":10,"turns":3},{"damage":8,"enemies":"Red Slaver","floor":11,"turns":4},{"damage":2,"enemies":"Exordium Thugs","floor":14,"turns":2},{"damage":15,"enemies":"The Guardian","floor":16,"turns":20},{"damage":0,"enemies":"3 Byrds","floor":18,"turns":4},{"damage":0,"enemies":"Chosen","floor":19,"turns":7},{"damage":8,"enemies":"Snake Plant","floor":20,"turns":9},{"damage":28,"enemies":"Chosen and Byrds","floor":21,"turns":11},{"damage":64,"enemies":"Gremlin Leader","floor":24,"turns":10}],"event_choices":[{"event_name":"Bonfire Elementals","player_choice":"BASIC","floor":3,"damage_taken":0}],"boss_relics":[{"not_picked":["Runic Pyramid","Black Star"],"picked":"Velvet Choker"}],"potions_floor_spawned":[1,2,11,18],"seed_played":"-8168290973624127050","killed_by":"Gremlin Leader","ascension_level":5,"is_trial":false}