{"gold_per_floor":[111,126,137,10,10,35,47,47,124,124,124,147,168,203,203,299,299,324,337,33,33,33,33,33,64,88,88,103,103,123,149,149,149],"floor_reached":33,"playtime":2088,"items_purged":["Strike_G"],"score":553,"play_id":"7c0c897c-3ab6-44c8-825b-b7b780a1f102","local_time":"20180811213254","is_ascension_mode":true,"campfire_choices":[{"data":"Neutralize","floor":8.0,"key":"SMITH"},{"floor":11.0,"key":"REST"},{"floor":15.0,"key":"REST"},{"data":"Malaise","floor":23,"key":"SMITH"},{"floor":27,"key":"REST"},{"floor":29,"key":"REST"},{"floor":32,"key":"REST"}],"neow_cost":"NONE","seed_source_timestamp":0,"circlet_count":0,"master_deck":["Defend_G","Defend_G","Defend_G","Defend_G","Strike_G","Strike_G","Strike_G","Strike_G","Survivor+1","Neutralize+1","AscendersBane","Cloak And Dagger+1","All Out Attack","Underhanded Strike","Escape Plan","Regret","All Out Attack","Flying Knee","Predator","Dagger Throw","Infinite Blades","A Thousand Cuts","Sucker Punch","Caltrops","Malaise+1","Footwork","Flying Knee+1"],"special_seed":0,"relics":["Ring of the Snake","Tingsha","Strawberry","Matryoshka","Golden Idol","Omamori","Velvet Choker","Ice Cream","War Paint","Dodecahedron","Oddly Smooth Stone","Snake Skull","Lantern"],"potions_floor_usage":[25,25],"damage_taken":[{"damage":1.0,"enemies":"2 Louse","floor":1.0,"turns":5.0},{"damage":1.0,"enemies":"Jaw Worm","floor":2.0,"turns":5.0},{"damage":2.0,"enemies":"Small Slimes","floor":3.0,"turns":3.0},{"damage":29.0,"enemies":"3 Sentries","floor":6.0,"turns":10.0},{"damage":0.0,"enemies":"3 Louse","floor":7.0,"turns":2.0},{"damage":2.0,"enemies":"Exordium Thugs","floor":12.0,"turns":3.0},{"damage":0.0,"enemies":"Lots of Slimes","floor":13.0,"turns":2.0},{"damage":18.0,"enemies":"Lagavulin","floor":14.0,"turns":5.0},{"damage":3.0,"enemies":"Slime Boss","floor":16.0,"turns":6.0},{"damage":4,"enemies":"Chosen","floor":18,"turns":4},{"damage":0,"enemies":"3 Byrds","floor":19,"turns":3},{"damage":31,"enemies":"Slavers","floor":25,"turns":4},{"damage":37,"enemies":"Centurion and Healer","floor":28,"turns":7},{"damage":18,"enemies":"Snecko","floor":30,"turns":5},{"damage":53,"enemies":"Collector","floor":33,"turns":5}],"seed_played":"385016076817455279","potions_obtained":[{"floor":2.0,"key":"Ancient Potion"},{"floor":12.0,"key":"PowerPotion"},{"floor":16.0,"key":"FearPotion"},{"floor":18,"key":"FearPotion"},{"floor":30,"key":"FearPotion"}],"is_trial":false,"path_per_floor":["M","M","M","$","?","E","M","R","T","?","R","M","M","E","R","B",null,"M","M","$","?","?","R","?","E","T","R","M","R","M","T","R"],"character_chosen":"THE_SILENT","items_purchased":["Fire Potion","Ice Cream"],"campfire_rested":5,"item_purchase_floors":[4,20],"current_hp_per_floor":[58,57,55,55,55,33,33,33,33,15,36,34,34,16,37,34,63,59,59,59,59,59,59,59,28,28,49,12,33,15,15,36,0],"gold":149,"neow_bonus":"TRANSFORM_CARD","is_prod":false,"is_daily":false,"chose_seed":false,"campfire_upgraded":2,"win_rate":0,"timestamp":1534048374,"path_taken":["M","M","M","$","?","E","M","R","T","?","R","M","?","E","R","BOSS","M","M","$","?","?","R","?","E","T","R","M","R","?","?","R","BOSS"],"build_version":"2018-08-09","purchased_purges":1,"victory":false,"max_hp_per_floor":[66,66,66,66,66,73,73,73,73,73,73,73,73,73,73,73,73,73,73,73,73,73,73,73,73,73,73,73,73,73,73,73,73],"card_choices":[{"not_picked":["Sucker Punch","Deflect"],"picked":"All Out Attack","floor":1.0},{"not_picked":["Blade Dance","Deflect"],"picked":"Underhanded Strike","floor":2.0},{"not_picked":["Underhanded Strike","Dodge and Roll"],"picked":"Escape Plan","floor":3.0},{"not_picked":["Deadly Poison","Dagger Spray"],"picked":"All Out Attack","floor":6.0},{"not_picked":["Concentrate","Cloak And Dagger"],"picked":"Flying Knee","floor":7.0},{"not_picked":["Underhanded Strike","Bane"],"picked":"Predator","floor":12.0},{"not_picked":["Wraith Form v2","Quick Slash"],"picked":"Dagger Throw","floor":13.0},{"not_picked":["Poisoned Stab","Escape Plan"],"picked":"Infinite Blades","floor":14.0},{"not_picked":["Die Die Die","Burst"],"picked":"A Thousand Cuts","floor":16.0},{"not_picked":["Deadly Poison","Dagger Spray"],"picked":"Sucker Punch","floor":18},{"not_picked":["Slice","Dagger Throw"],"picked":"Caltrops","floor":19},{"not_picked":["Phantasmal Killer","Dagger Throw"],"picked":"Footwork","floor":25},{"not_picked":["Concentrate","Bane","Acrobatics+1"],"picked":"SKIP","floor":28},{"not_picked":["Bane","Infinite Blades"],"picked":"Flying Knee+1","floor":30}],"player_experience":742681,"relics_obtained":[{"floor":6.0,"key":"Strawberry"},{"floor":9.0,"key":"Matryoshka"},{"floor":14.0,"key":"Omamori"},{"floor":25,"key":"War Paint"},{"floor":26,"key":"Dodecahedron"},{"floor":26,"key":"Oddly Smooth Stone"},{"floor":31,"key":"Snake Skull"},{"floor":31,"key":"Lantern"}],"event_choices":[{"event_name":"Big Fish","player_choice":"Box","floor":5.0,"damage_taken":0.0},{"event_name":"Golden Idol","player_choice":"Take Damage","floor":10.0,"damage_taken":0.0},{"event_name":"The Library","player_choice":"Read","floor":21,"damage_taken":0},{"event_name":"Addict","player_choice":"Ignored","floor":22,"damage_taken":0},{"event_name":"Drug Dealer","player_choice":"Ignored","floor":24,"damage_taken":0}],"is_beta":false,"boss_relics":[{"not_picked":["WristBlade","Calling Bell"],"picked":"Velvet Choker"}],"items_purged_floors":[4],"is_endless":false,"potions_floor_spawned":[2,12,14,16,18,30],"killed_by":"Collector","ascension_level":14}