{"gold_per_floor":[113,63,63,78,5,38,38,73,73,92,92,104,104,121,121,218,218,238,255,46,59,59,91,104,104,104,130,140,175,175,0,0,103,103,120,135,357,406,32,32,61,61,88,88,106,106,118,132,132,132],"floor_reached":51,"playtime":3427,"items_purged":["Strike_G"],"score":884,"play_id":"7284ecb3-7de7-49b3-b983-617145918af1","local_time":"20190123171736","is_ascension_mode":true,"campfire_choices":[{"data":"Neutralize","floor":7.0,"key":"SMITH"},{"data":"Cloak And Dagger","floor":13.0,"key":"SMITH"},{"data":"Footwork","floor":15.0,"key":"SMITH"},{"data":"A Thousand Cuts","floor":25.0,"key":"SMITH"},{"data":"Survivor","floor":30.0,"key":"SMITH"},{"floor":32.0,"key":"REST"},{"data":"Cloak And Dagger","floor":40.0,"key":"SMITH"},{"data":"Cloak And Dagger","floor":42.0,"key":"SMITH"},{"data":"Blade Dance","floor":44.0,"key":"SMITH"},{"floor":49,"key":"REST"}],"neow_cost":"NONE","seed_source_timestamp":236940625813918,"circlet_count":0,"master_deck":["Defend_G","Defend_G","Defend_G","Defend_G","Strike_G","Strike_G","Strike_G","Survivor+1","Neutralize+1","Quick Slash","Terror+1","Backstab","Glass Knife","Cloak And Dagger+1","Sucker Punch+1","Footwork+1","All Out Attack+1","Bullet Time","Well Laid Plans","Backflip+1","A Thousand Cuts+1","Burst","Endless Agony+1","RitualDagger+1","Dash+1","PiercingWail+1","Deflect","Backflip","Cloak And Dagger+1","A Thousand Cuts+1","Backflip","Adrenaline","Prepared+1","Blade Dance+1","Prepared+1","Cloak And Dagger+1","Wraith Form v2+1"],"special_seed":0,"relics":["Ring of the Serpent","NeowsBlessing","Ice Cream","Molten Egg 2","Pear","WristBlade","War Paint","Anchor","Red Mask","Frozen Egg 2","Tingsha","Bag of Marbles","Ancient Tea Set","Omamori"],"potions_floor_usage":[],"damage_taken":[{"damage":0.0,"enemies":"Jaw Worm","floor":1.0,"turns":1.0},{"damage":0.0,"enemies":"2 Louse","floor":4.0,"turns":1.0},{"damage":0.0,"enemies":"Gremlin Nob","floor":6.0,"turns":1.0},{"damage":20.0,"enemies":"3 Sentries","floor":8.0,"turns":8.0},{"damage":0.0,"enemies":"Small Slimes","floor":10.0,"turns":1.0},{"damage":0.0,"enemies":"Gremlin Gang","floor":12.0,"turns":2.0},{"damage":0.0,"enemies":"Looter","floor":14.0,"turns":2.0},{"damage":7.0,"enemies":"Hexaghost","floor":16.0,"turns":9.0},{"damage":6.0,"enemies":"3 Byrds","floor":18.0,"turns":4.0},{"damage":10.0,"enemies":"Shell Parasite","floor":19.0,"turns":4.0},{"damage":1.0,"enemies":"Centurion and Healer","floor":21.0,"turns":5.0},{"damage":29.0,"enemies":"Slavers","floor":23.0,"turns":5.0},{"damage":2.0,"enemies":"3 Cultists","floor":24.0,"turns":4.0},{"damage":4.0,"enemies":"Masked Bandits","floor":27.0,"turns":3.0},{"damage":0.0,"enemies":"Snake Plant","floor":28.0,"turns":2.0},{"damage":3.0,"enemies":"Gremlin Leader","floor":29.0,"turns":5.0},{"damage":29.0,"enemies":"Automaton","floor":33.0,"turns":8.0},{"damage":0.0,"enemies":"Orb Walker","floor":35.0,"turns":2.0},{"damage":8.0,"enemies":"3 Darklings","floor":36.0,"turns":5.0},{"damage":31.0,"enemies":"2 Orb Walkers","floor":38.0,"turns":4.0},{"damage":9.0,"enemies":"Giant Head","floor":41.0,"turns":6.0},{"damage":0.0,"enemies":"Sphere and 2 Shapes","floor":45.0,"turns":2.0},{"damage":0.0,"enemies":"Maw","floor":47.0,"turns":4.0},{"damage":27,"enemies":"Transient","floor":48,"turns":5},{"damage":10,"enemies":"Donu and Deca","floor":50,"turns":7}],"seed_played":"-4946887768206821260","potions_obtained":[{"floor":6.0,"key":"Fire Potion"},{"floor":10.0,"key":"Poison Potion"},{"floor":11.0,"key":"Explosive Potion"},{"floor":11.0,"key":"Weak Potion"},{"floor":12.0,"key":"SmokeBomb"},{"floor":16.0,"key":"Explosive Potion"},{"floor":27.0,"key":"Explosive Potion"},{"floor":28.0,"key":"Poison Potion"},{"floor":29.0,"key":"Weak Potion"},{"floor":35.0,"key":"LiquidBronze"}],"is_trial":false,"path_per_floor":["M","?","?","M","$","E","R","E","T","M","?","M","R","M","R","B",null,"M","M","$","M","?","E","M","R","T","?","M","E","R","$","R","B",null,"M","M","?","?","$","R","E","R","T","R","M","?","M","M","R","B",null],"character_chosen":"THE_SILENT","items_purchased":["Backstab","A Thousand Cuts","Burst","A Thousand Cuts+1","Backflip","Cloak And Dagger","Bag of Marbles","FairyPotion"],"campfire_rested":2,"item_purchase_floors":[5,20,20,31,31,39,39,39],"current_hp_per_floor":[70,70,63,63,63,63,63,43,53,53,53,53,53,53,53,46,80,74,64,64,63,57,28,26,26,26,22,22,19,19,19,43,14,80,80,72,72,41,41,41,32,32,32,32,32,32,32,5,27,17],"gold":132,"neow_bonus":"THREE_ENEMY_KILL","is_prod":false,"is_daily":false,"chose_seed":false,"campfire_upgraded":8,"win_rate":0,"timestamp":1548260256,"path_taken":["M","?","?","M","$","E","R","E","T","M","?","?","R","M","R","BOSS","M","?","$","M","?","E","M","R","T","?","M","E","R","$","R","BOSS","M","M","?","?","$","R","E","R","T","R","M","?","M","M","R","BOSS"],"build_version":"2018-12-20","purchased_purges":1,"victory":true,"max_hp_per_floor":[70,70,70,70,70,70,70,70,80,80,80,80,80,80,80,80,80,80,80,80,80,80,80,80,80,80,80,80,80,80,80,80,80,80,80,80,80,80,80,80,80,80,80,80,80,76,76,76,76,76],"card_choices":[{"not_picked":["Blade Dance","Tactician"],"picked":"Quick Slash","floor":1.0},{"not_picked":["Heel Hook","Deadly Poison"],"picked":"Terror","floor":4.0},{"not_picked":["Poisoned Stab","Bane"],"picked":"Glass Knife","floor":6.0},{"not_picked":["Prepared","Unload"],"picked":"Cloak And Dagger","floor":8.0},{"not_picked":["Dodge and Roll","Bouncing Flask"],"picked":"Sucker Punch+1","floor":10.0},{"not_picked":["Dodge and Roll","Choke+1"],"picked":"Footwork","floor":12.0},{"not_picked":["Backflip","Slice+1"],"picked":"All Out Attack+1","floor":14.0},{"not_picked":["Doppelganger","Storm of Steel"],"picked":"Bullet Time","floor":16.0},{"not_picked":["Acrobatics","Underhanded Strike+1"],"picked":"Well Laid Plans","floor":18.0},{"not_picked":["Flying Knee+1","Bouncing Flask"],"picked":"Backflip","floor":19.0},{"not_picked":["Bane+1","Blur"],"picked":"Endless Agony+1","floor":21.0},{"not_picked":["Outmaneuver","Distraction"],"picked":"Dash+1","floor":23.0},{"not_picked":["Blade Dance","Prepared+1"],"picked":"PiercingWail+1","floor":24.0},{"not_picked":["Acrobatics","Dodge and Roll"],"picked":"Deflect","floor":27.0},{"not_picked":["Bouncing Flask","Outmaneuver+1"],"picked":"Backflip","floor":28.0},{"not_picked":["Poisoned Stab+1","Caltrops"],"picked":"Cloak And Dagger","floor":29.0},{"not_picked":["Bullet Time","Tools of the Trade+1"],"picked":"Adrenaline","floor":33.0},{"not_picked":["Outmaneuver+1","Deadly Poison"],"picked":"Prepared+1","floor":35.0},{"not_picked":["Acrobatics","Flechettes+1"],"picked":"Blade Dance","floor":36.0},{"not_picked":["Outmaneuver+1","Dagger Throw+1"],"picked":"Prepared+1","floor":38.0},{"not_picked":["Quick Slash+1","Prepared+1"],"picked":"Wraith Form v2+1","floor":41.0},{"not_picked":["Flying Knee+1","Prepared+1","Bane+1"],"picked":"SKIP","floor":45.0},{"not_picked":["Catalyst+1","Dash+1","Riddle With Holes+1"],"picked":"SKIP","floor":47.0},{"not_picked":["Dagger Throw+1","Slice+1","Flechettes+1"],"picked":"SKIP","floor":48}],"player_experience":124137,"relics_obtained":[{"floor":6.0,"key":"Ice Cream"},{"floor":8.0,"key":"Molten Egg 2"},{"floor":9.0,"key":"Pear"},{"floor":23.0,"key":"War Paint"},{"floor":26.0,"key":"Anchor"},{"floor":27.0,"key":"Red Mask"},{"floor":29.0,"key":"Frozen Egg 2"},{"floor":38.0,"key":"Tingsha"},{"floor":41.0,"key":"Ancient Tea Set"},{"floor":43.0,"key":"Omamori"}],"event_choices":[{"cards_removed":["Strike_G"],"damage_healed":0.0,"max_hp_gain":0.0,"max_hp_loss":0.0,"gold_gain":0.0,"event_name":"The Cleric","player_choice":"Card Removal","floor":2.0,"gold_loss":50.0,"damage_taken":0.0},{"cards_removed":["Defend_G"],"damage_healed":0.0,"max_hp_gain":0.0,"max_hp_loss":0.0,"gold_gain":0.0,"event_name":"Golden Wing","player_choice":"Card Removal","floor":3.0,"gold_loss":0.0,"damage_taken":7.0},{"damage_healed":0.0,"max_hp_gain":0.0,"max_hp_loss":0.0,"gold_gain":0.0,"event_name":"Lab","player_choice":"Got Potions","floor":11.0,"gold_loss":0.0,"damage_taken":0.0},{"damage_healed":0.0,"max_hp_gain":0.0,"max_hp_loss":0.0,"gold_gain":0.0,"event_name":"Nest","player_choice":"Joined the Cult","floor":22.0,"gold_loss":0.0,"damage_taken":6.0,"cards_obtained":["RitualDagger"]},{"damage_healed":0.0,"max_hp_gain":0.0,"max_hp_loss":0.0,"gold_gain":0.0,"event_name":"Masked Bandits","player_choice":"Fought Bandits","floor":27.0,"gold_loss":0.0,"damage_taken":0.0},{"damage_healed":0.0,"max_hp_gain":0.0,"max_hp_loss":0.0,"gold_gain":222.0,"event_name":"Tomb of Lord Red Mask","player_choice":"Wore Mask","floor":37.0,"gold_loss":0.0,"damage_taken":0.0},{"damage_healed":0.0,"max_hp_gain":0.0,"max_hp_loss":0.0,"gold_gain":0.0,"event_name":"Mysterious Sphere","player_choice":"Fight","floor":38.0,"gold_loss":0.0,"damage_taken":0.0},{"damage_healed":0.0,"max_hp_gain":0.0,"max_hp_loss":4.0,"gold_gain":0.0,"event_name":"Winding Halls","player_choice":"Max HP","floor":46.0,"gold_loss":0.0,"damage_taken":0.0}],"is_beta":false,"boss_relics":[{"not_picked":["Cursed Key","Lizard Tail"],"picked":"WristBlade"},{"not_picked":["Velvet Choker","Snecko Eye"],"picked":"Ring of the Serpent"}],"items_purged_floors":[39],"is_endless":false,"potions_floor_spawned":[6,10,12,16,21,27,28,29,35,38,41],"ascension_level":3}