{"gold_per_floor":[217,228,153,168,168,193,93,123,123,137,37,37,56,131,131,226,226,240,11,27,43,61,61,91,91,118,118,137,147,27,27,27,27],"floor_reached":33,"playtime":1494,"items_purged":["Strike_R","Defend_R","Strike_R","Burning Pact"],"score":291,"play_id":"427c9b59-60b3-4a73-8148-a80e8113d106","local_time":"20190421173425","is_ascension_mode":true,"campfire_choices":[{"floor":12,"key":"REST"},{"floor":15,"key":"REST"},{"floor":23,"key":"REST"},{"floor":27,"key":"REST"},{"floor":32,"key":"REST"}],"neow_cost":"NONE","seed_source_timestamp":23707821311347,"circlet_count":0,"master_deck":["Bash+1","Blood for Blood+1","Anger+1","Whirlwind+1","Bludgeon+1","Reckless Charge+1","Seeing Red"],"relics":["Burning Blood","Darkstone Periapt","Molten Egg 2","The Courier","Pandora\u0027s Box","Unceasing Top","Whetstone"],"potions_floor_usage":[6,8,13,16,24,33,33],"damage_taken":[{"damage":7,"enemies":"2 Louse","floor":1,"turns":3},{"damage":5,"enemies":"Cultist","floor":2,"turns":4},{"damage":13,"enemies":"Jaw Worm","floor":4,"turns":5},{"damage":36,"enemies":"Lagavulin","floor":6,"turns":5},{"damage":43,"enemies":"3 Sentries","floor":8,"turns":13},{"damage":8,"enemies":"Large Slime","floor":10,"turns":6},{"damage":0,"enemies":"3 Louse","floor":13,"turns":1},{"damage":45,"enemies":"The Guardian","floor":16,"turns":8},{"damage":10,"enemies":"Chosen","floor":18,"turns":2},{"damage":22,"enemies":"Shell Parasite","floor":20,"turns":3},{"damage":15,"enemies":"Snecko","floor":21,"turns":3},{"damage":10,"enemies":"Sentry and Sphere","floor":22,"turns":3},{"damage":51,"enemies":"Slavers","floor":24,"turns":3},{"damage":10,"enemies":"Cultist and Chosen","floor":28,"turns":3},{"damage":24,"enemies":"Shelled Parasite and Fungi","floor":29,"turns":3},{"damage":68,"enemies":"Champ","floor":33,"turns":5}],"seed_played":"5997640978383902156","potions_obtained":[{"floor":1,"key":"Poison Potion"},{"floor":4,"key":"GamblersBrew"},{"floor":10,"key":"Explosive Potion"},{"floor":13,"key":"SkillPotion"},{"floor":21,"key":"BloodPotion"},{"floor":22,"key":"PowerPotion"},{"floor":28,"key":"Energy Potion"}],"is_trial":false,"path_per_floor":["M","M","$","M","?","E","$","E","T","M","$","R","M","?","R","B",null,"M","$","M","M","M","R","E","?","T","R","M","M","$","?","R","B"],"character_chosen":"IRONCLAD","items_purchased":["Unceasing Top"],"campfire_rested":5,"item_purchase_floors":[19],"current_hp_per_floor":[79,80,80,73,80,50,50,13,13,11,11,35,41,30,54,15,80,76,76,60,51,47,71,26,26,26,50,46,28,28,28,52,0],"gold":27,"neow_bonus":"HUNDRED_GOLD","is_prod":false,"is_daily":false,"chose_seed":false,"campfire_upgraded":0,"win_rate":0,"timestamp":1555886065,"path_taken":["M","M","$","M","?","E","?","E","T","M","$","R","M","?","R","BOSS","M","$","M","M","M","R","E","?","T","R","M","M","$","?","R","BOSS"],"build_version":"2019-01-23","purchased_purges":4,"victory":false,"max_hp_per_floor":[80,80,80,80,80,80,80,80,80,80,80,80,80,80,80,80,80,80,80,80,80,80,80,80,80,80,80,80,80,80,80,80,80],"card_choices":[{"not_picked":["Rage","Havoc","Power Through"],"picked":"SKIP","floor":1},{"not_picked":["Twin Strike","Cleave","Wild Strike"],"picked":"SKIP","floor":2},{"not_picked":["Iron Wave","True Grit","Searing Blow"],"picked":"SKIP","floor":4},{"not_picked":["Infernal Blade","Rupture","Body Slam"],"picked":"SKIP","floor":6},{"not_picked":["Twin Strike","Spot Weakness"],"picked":"Blood for Blood","floor":8},{"not_picked":["Cleave+1","Iron Wave+1","Blood for Blood+1"],"picked":"SKIP","floor":10},{"not_picked":["Pummel+1","Clash+1"],"picked":"Anger+1","floor":13},{"not_picked":["Armaments","Warcry+1","Shrug It Off"],"picked":"SKIP","floor":18},{"not_picked":["Combust","Uppercut+1","Rage"],"picked":"SKIP","floor":20},{"not_picked":["Sword Boomerang+1","Heavy Blade+1","Flex"],"picked":"SKIP","floor":21},{"not_picked":["Offering","Spot Weakness","Metallicize+1"],"picked":"SKIP","floor":22},{"not_picked":["Twin Strike+1","Flex+1","Rampage+1"],"picked":"SKIP","floor":24},{"not_picked":["Battle Trance+1","Flex","Twin Strike+1"],"picked":"SKIP","floor":28},{"not_picked":["Clothesline+1","Anger+1","Sever Soul+1"],"picked":"SKIP","floor":29}],"player_experience":798810,"relics_obtained":[{"floor":6,"key":"Darkstone Periapt"},{"floor":8,"key":"Molten Egg 2"},{"floor":9,"key":"The Courier"},{"floor":26,"key":"Whetstone"}],"event_choices":[{"damage_healed":7,"gold_gain":0,"player_choice":"Full Heal","damage_taken":0,"max_hp_gain":0,"max_hp_loss":0,"event_name":"Wheel of Change","floor":5,"gold_loss":0},{"damage_healed":0,"gold_gain":75,"player_choice":"Gather Gold","damage_taken":11,"max_hp_gain":0,"max_hp_loss":0,"event_name":"World of Goop","floor":14,"gold_loss":0},{"cards_removed":["Entrench"],"damage_healed":0,"gold_gain":0,"player_choice":"Elegance","damage_taken":0,"max_hp_gain":0,"max_hp_loss":0,"event_name":"Back to Basics","floor":25,"gold_loss":0},{"damage_healed":0,"gold_gain":0,"player_choice":"Ignored","damage_taken":0,"max_hp_gain":0,"max_hp_loss":0,"event_name":"Beggar","floor":31,"gold_loss":0}],"is_beta":false,"boss_relics":[{"not_picked":["Black Blood","Runic Dome"],"picked":"Pandora\u0027s Box"}],"items_purged_floors":[3,7,11,30],"is_endless":false,"potions_floor_spawned":[1,4,10,13,21,22,28],"killed_by":"Champ","ascension_level":1}