{"path_per_floor":["M","?","M","?","?","R","?","M","T","$","E","M","M","M","R","B",null,"M","?"],"character_chosen":"THE_SILENT","items_purchased":[],"gold_per_floor":[363,363,379,554,554,554,554,570,617,542,573,583,594,614,614,713,713,730,730,730],"floor_reached":20,"campfire_rested":2,"playtime":1555,"current_hp_per_floor":[35,21,18,18,18,39,32,32,32,32,9,9,8,8,44,31,70,38,38,0],"items_purged":["Strike_G"],"gold":730,"score":200,"play_id":"d8ebd9aa-f5a0-45c1-af77-cdc797240294","local_time":"20180408040135","is_prod":false,"is_daily":false,"is_ascension_mode":true,"campfire_upgraded":0,"timestamp":1523185295,"path_taken":["M","?","M","?","?","R","?","M","T","?","E","?","M","M","R","BOSS","M","?","M"],"build_version":"2018-04-05v2","purchased_purges":1,"victory":false,"master_deck":["Defend_G","Defend_G","Defend_G+1","Defend_G","Defend_G","Survivor","Neutralize","Sucker Punch","Flying Knee","Quick Slash","Cloak And Dagger","Dagger Spray","A Thousand Cuts","Backstab","Doppelganger+1","Heel Hook+1","Quick Slash"],"max_hp_per_floor":[70,70,70,70,70,70,70,70,70,70,70,70,70,70,70,70,70,70,67,67],"relics":["Ring of the Snake","Regal Pillow","Ancient Tea Set","Astrolabe"],"card_choices":[{"not_picked":["Riddle With Holes","Prepared"],"picked":"Sucker Punch","floor":1},{"not_picked":["Underhanded Strike","Blur"],"picked":"Flying Knee","floor":3},{"not_picked":["Bane","Riddle With Holes"],"picked":"Quick Slash","floor":8},{"not_picked":["Dash","Prepared"],"picked":"Cloak And Dagger","floor":11},{"not_picked":["Skewer","Eviscerate"],"picked":"Dagger Spray","floor":12},{"not_picked":["Cloak And Dagger","Poisoned Stab"],"picked":"A Thousand Cuts","floor":13},{"not_picked":["Poisoned Stab","Catalyst"],"picked":"Backstab","floor":14},{"not_picked":["Distraction","Terror"],"picked":"Quick Slash","floor":18}],"player_experience":245907,"potions_floor_usage":[13,16],"damage_taken":[{"damage":0,"enemies":"Small Slimes","floor":1,"turns":3},{"damage":3,"enemies":"Jaw Worm","floor":3,"turns":6},{"damage":0,"enemies":"2 Louse","floor":8,"turns":3},{"damage":23,"enemies":"Gremlin Nob","floor":11,"turns":5},{"damage":0,"enemies":"Looter","floor":12,"turns":3},{"damage":1,"enemies":"3 Louse","floor":13,"turns":2},{"damage":0,"enemies":"Gremlin Gang","floor":14,"turns":4},{"damage":13,"enemies":"Slime Boss","floor":16,"turns":10},{"damage":32,"enemies":"3 Byrds","floor":18,"turns":6},{"damage":52,"enemies":"Chosen","floor":20,"turns":6}],"event_choices":[{"event_name":"Shining Light","player_choice":"Entered Light","floor":2,"damage_taken":0},{"event_name":"Liars Game","player_choice":"agreed","floor":4,"damage_taken":0},{"event_name":"Bonfire Elementals","player_choice":"BASIC","floor":5,"damage_taken":0},{"event_name":"Golden Wing","player_choice":"Card Removal","floor":7,"damage_taken":0},{"event_name":"Fountain of Cleansing","player_choice":"Removed Curse","floor":19,"damage_taken":0}],"boss_relics":[{"not_picked":["Snecko Eye","Eternal Feather"],"picked":"Astrolabe"}],"potions_floor_spawned":[3,14,16,18],"seed_played":"-8064979603760874171","killed_by":"Chosen","ascension_level":3,"is_trial":false}