{"gold_per_floor":[913,481,495,613,724,724,377,377,487,607,607],"floor_reached":11,"playtime":1096,"items_purged":["Strike_R","Strike_R","Strike_R"],"score":590,"play_id":"42d34432-026e-4549-aeb3-6edda50a8a85","local_time":"20190407201941","daily_mods":["Uncertain Future"],"is_ascension_mode":false,"campfire_choices":[{"floor":8,"key":"REST"}],"neow_cost":"","seed_source_timestamp":0,"circlet_count":0,"master_deck":["Strike_R","Strike_R","Defend_R","Defend_R","Defend_R","Defend_R","Bash","Battle Trance+1","Bloodletting+1","Combust+1","Rupture+1","Whirlwind+1","Heavy Blade+1","Flex+1","Evolve+1","True Grit+1","Double Tap+1","Reckless Charge+1","Shockwave+1"],"relics":["Burning Blood","The Courier","Molten Egg 2","Toxic Egg 2","Frozen Egg 2","Strawberry","Regal Pillow","Mark of Pain","StoneCalendar","Dodecahedron"],"potions_floor_usage":[5,9,9,10,11],"damage_taken":[{"damage":26,"enemies":"The Guardian","floor":3,"turns":7},{"damage":8,"enemies":"Slime Boss","floor":4,"turns":3},{"damage":41,"enemies":"Hexaghost","floor":5,"turns":7},{"damage":46,"enemies":"Collector","floor":9,"turns":6},{"damage":41,"enemies":"Champ","floor":10,"turns":9},{"damage":12,"enemies":"Automaton","floor":11,"turns":6}],"seed_played":"8644752786442087960","potions_obtained":[{"floor":9,"key":"Block Potion"},{"floor":10,"key":"GamblersBrew"}],"is_trial":true,"path_per_floor":["$","$","M","M","M","T","$","R","M","M","M"],"character_chosen":"IRONCLAD","items_purchased":["Battle Trance+1","Bloodletting+1","Combust+1","Rupture+1","Whirlwind+1","Heavy Blade+1","Regen Potion","FearPotion","True Grit+1","Double Tap+1","SteroidPotion","SteroidPotion"],"campfire_rested":1,"item_purchase_floors":[1,2,2,2,2,2,2,2,7,7,7,7],"current_hp_per_floor":[80,80,60,65,45,45,45,86,46,11,0],"gold":607,"neow_bonus":"","is_prod":false,"is_daily":false,"chose_seed":false,"campfire_upgraded":0,"win_rate":0,"timestamp":1554686381,"path_taken":["$","$","M","M","M","T","$","R","M","M","M"],"build_version":"2019-01-23","purchased_purges":3,"victory":false,"max_hp_per_floor":[80,80,80,87,87,87,87,87,87,87,87],"card_choices":[{"not_picked":["Clash+1","Metallicize+1"],"picked":"Flex+1","floor":3},{"not_picked":["Sentinel+1","Perfected Strike+1","Evolve+1"],"picked":"SKIP","floor":4},{"not_picked":["Entrench+1","Cleave+1"],"picked":"Evolve+1","floor":5},{"not_picked":["Perfected Strike+1","Second Wind+1"],"picked":"Reckless Charge+1","floor":9},{"not_picked":["Spot Weakness+1","Pummel+1"],"picked":"Shockwave+1","floor":10}],"player_experience":705723,"relics_obtained":[{"floor":4,"key":"Strawberry"},{"floor":5,"key":"Regal Pillow"},{"floor":9,"key":"StoneCalendar"},{"floor":10,"key":"Dodecahedron"}],"event_choices":[],"is_beta":false,"boss_relics":[{"not_picked":["Black Blood","Eternal Feather"],"picked":"Mark of Pain"}],"items_purged_floors":[1,2,7],"is_endless":false,"potions_floor_spawned":[9,10],"killed_by":"Automaton","ascension_level":0}