{"path_per_floor":["M","M","?","T","M","R","E","R","T","E","$","M","E","M","R","B",null,"M","M","?","?","$","E","R","M","T","R","?","E","M","E","R","B",null,"M","?","M","$","M","E","R","M","T","?","R","$","?","E","R"],"character_chosen":"THE_SILENT","items_purchased":["Slice","Adrenaline","Oddly Smooth Stone","Finesse","Bandage Up","Skewer","Shuriken","Outmaneuver","Quick Slash"],"gold_per_floor":[119,136,136,162,181,181,206,206,206,238,56,70,100,117,117,222,252,271,290,290,540,211,246,246,259,284,284,284,314,324,356,356,453,453,469,518,530,340,358,391,391,402,457,457,457,47,0,27,27,27],"floor_reached":50,"campfire_rested":3,"playtime":4373,"current_hp_per_floor":[68,68,54,54,54,54,51,51,51,43,43,40,43,53,53,23,82,70,49,82,82,82,73,73,47,47,47,47,47,44,41,65,7,82,76,63,61,61,49,33,33,27,27,27,51,51,51,53,77,0],"items_purged":["Regret","Venomology","Strike_G"],"gold":27,"score":677,"play_id":"1fb98132-3349-4bad-9759-866953f4d333","local_time":"20180325223735","is_prod":false,"is_daily":false,"is_ascension_mode":false,"campfire_upgraded":6,"timestamp":1522042655,"path_taken":["M","M","?","?","?","R","E","R","T","E","?","M","E","M","R","BOSS","M","M","?","?","$","E","R","M","T","R","?","E","M","E","R","BOSS","M","?","M","$","M","E","R","?","T","?","R","$","?","E","R","BOSS"],"build_version":"2018-03-22v2","purchased_purges":3,"victory":false,"master_deck":["Defend_G","Defend_G","Defend_G","Defend_G","Defend_G","Strike_G","Survivor","Neutralize+1","Caltrops+1","Dagger Spray+1","Prepared+1","Slice","Adrenaline+1","Dagger Throw","Deflect","Slice","Adrenaline+1","Flying Knee","Heel Hook","Quick Slash","Finesse","Quick Slash+1","Die Die Die","Deflect","Heel Hook","Glass Knife","Concentrate+1","Deflect","Sucker Punch+1","Bandage Up","Skewer+1","Dagger Throw","Flying Knee+1","Outmaneuver","Quick Slash","Deflect"],"max_hp_per_floor":[70,70,70,70,70,70,70,70,70,70,70,70,77,77,77,77,82,82,82,82,82,82,82,82,82,82,82,82,82,82,82,82,82,82,82,82,82,82,82,82,82,82,82,82,82,82,82,82,82,82],"relics":["Ring of the Snake","Lantern","Orichalcum","Happy Flower","Bottled Tornado","Strawberry","Tiny House","Oddly Smooth Stone","Art of War","Vajra","Ice Cream","Smiling Mask","Sozu","Calipers","Ornamental Fan","Ancient Tea Set","Shuriken","Red Mask","Prayer Wheel"],"card_choices":[{"not_picked":["Night Terror","PiercingWail"],"picked":"Caltrops","floor":1},{"not_picked":["Riddle With Holes","Deadly Poison"],"picked":"Dagger Spray","floor":2},{"not_picked":["Deadly Poison","Expertise"],"picked":"Setup","floor":7},{"not_picked":["Crippling Poison","Acrobatics"],"picked":"Prepared","floor":10},{"not_picked":["Acrobatics","Quick Slash"],"picked":"Dagger Throw","floor":12},{"not_picked":["PiercingWail","Caltrops"],"picked":"Deflect","floor":13},{"not_picked":["PiercingWail","Dodge and Roll"],"picked":"Slice","floor":14},{"not_picked":["Wraith Form","Burst"],"picked":"Adrenaline","floor":16},{"not_picked":["Bane","Outmaneuver"],"picked":"Flying Knee","floor":17},{"not_picked":["Dagger Throw","Cloak And Dagger"],"picked":"Heel Hook","floor":18},{"not_picked":["Predator","Acrobatics"],"picked":"Quick Slash","floor":19},{"not_picked":["Poisoned Stab","Bouncing Flask"],"picked":"Quick Slash","floor":23},{"not_picked":["Riddle With Holes","Setup"],"picked":"Die Die Die","floor":29},{"not_picked":["Outmaneuver","Quick Slash"],"picked":"Deflect","floor":30},{"not_picked":["Outmaneuver","All Out Attack"],"picked":"Heel Hook","floor":31},{"not_picked":["Tools of the Trade","Phantasmal Killer"],"picked":"Glass Knife","floor":33},{"not_picked":["Predator","Bane"],"picked":"Concentrate","floor":35},{"not_picked":["Crippling Poison","Bane"],"picked":"Deflect","floor":36},{"not_picked":["Underhanded Strike","Dodge and Roll"],"picked":"Sucker Punch","floor":37},{"not_picked":["Cloak And Dagger","Tactician"],"picked":"Dagger Throw","floor":39},{"not_picked":["Sucker Punch","Catalyst"],"picked":"Flying Knee","floor":42},{"not_picked":["Malaise","Bane"],"picked":"Deflect","floor":48}],"player_experience":162509,"potions_floor_usage":[7,7,10,10,13,13,14,16,16,16,18,23,23,25,29,29,31,33,33,33,35,50],"damage_taken":[{"damage":2,"enemies":"Jaw Worm","floor":1,"turns":6},{"damage":0,"enemies":"Small Slimes","floor":2,"turns":6},{"damage":0,"enemies":"2 Louse","floor":5,"turns":1},{"damage":18,"enemies":"Lagavulin","floor":7,"turns":8},{"damage":8,"enemies":"3 Sentries","floor":10,"turns":5},{"damage":3,"enemies":"Exordium Wildlife","floor":12,"turns":2},{"damage":16,"enemies":"Lagavulin","floor":13,"turns":6},{"damage":2,"enemies":"Exordium Thugs","floor":14,"turns":6},{"damage":30,"enemies":"The Guardian","floor":16,"turns":15},{"damage":12,"enemies":"2 Thieves","floor":18,"turns":4},{"damage":21,"enemies":"Spheric Guardian","floor":19,"turns":5},{"damage":9,"enemies":"Book of Stabbing","floor":23,"turns":4},{"damage":26,"enemies":"Snecko","floor":25,"turns":6},{"damage":0,"enemies":"Gremlin Leader","floor":29,"turns":5},{"damage":3,"enemies":"Centurion and Healer","floor":30,"turns":3},{"damage":3,"enemies":"Slavers","floor":31,"turns":4},{"damage":58,"enemies":"Champ","floor":33,"turns":9},{"damage":6,"enemies":"3 Darklings","floor":35,"turns":3},{"damage":13,"enemies":"Mysterious Sphere","floor":36,"turns":3},{"damage":2,"enemies":"Orb Walker","floor":37,"turns":3},{"damage":12,"enemies":"4 Shapes","floor":39,"turns":1},{"damage":20,"enemies":"Nemesis","floor":40,"turns":5},{"damage":10,"enemies":"Maw","floor":42,"turns":7},{"damage":2,"enemies":"Giant Head","floor":48,"turns":6},{"damage":91,"enemies":"Donu and Deca","floor":50,"turns":7}],"event_choices":[{"event_name":"Shining Light","player_choice":"Entered Light","floor":3,"damage_taken":0},{"event_name":"Bonfire Elementals","player_choice":"UNCOMMON","floor":20,"damage_taken":0},{"event_name":"Golden Shrine","player_choice":"Desecrate","floor":21,"damage_taken":0},{"event_name":"Purifier","player_choice":"One Purge","floor":28,"damage_taken":0},{"event_name":"Mysterious Sphere","player_choice":"Fight","floor":36,"damage_taken":0},{"event_name":"Purifier","player_choice":"One Purge","floor":44,"damage_taken":0},{"event_name":"Tomb of Lord Red Mask","player_choice":"Paid","floor":47,"damage_taken":0}],"boss_relics":[{"not_picked":["Snecko Eye","The Specimen"],"picked":"Tiny House"},{"not_picked":["Lizard Tail","Orrery"],"picked":"Sozu"}],"potions_floor_spawned":[5,7,12,13,14,25,33,36,42,48],"seed_played":"-6126655839194449889","killed_by":"Donu and Deca","ascension_level":0,"is_trial":false}