{"gold_per_floor":[110,127,127,147,50,83,83,114,114,114,13,13,40,59,59,59],"floor_reached":16,"playtime":628,"items_purged":[],"score":215,"play_id":"501f0db5-f955-42e6-81bc-0a8814938ec4","local_time":"20190130192401","is_ascension_mode":true,"campfire_choices":[{"data":"Corruption","floor":7.0,"key":"SMITH"},{"data":"True Grit","floor":12.0,"key":"SMITH"},{"data":"Body Slam","floor":15,"key":"SMITH"}],"neow_cost":"NONE","seed_source_timestamp":467162005365136,"circlet_count":0,"master_deck":["AscendersBane","Strike_R","Strike_R","Strike_R","Defend_R","Defend_R","Defend_R","Defend_R","Bash","Shockwave","Corruption+1","True Grit","Body Slam+1","Ghostly Armor","True Grit+1","Offering","Cleave"],"special_seed":0,"relics":["Burning Blood","NeowsBlessing","PreservedInsect","Gremlin Horn","Vajra","Ice Cream"],"potions_floor_usage":[13,16],"damage_taken":[{"damage":0.0,"enemies":"Cultist","floor":1.0,"turns":1.0},{"damage":0.0,"enemies":"Jaw Worm","floor":2.0,"turns":1.0},{"damage":0.0,"enemies":"2 Louse","floor":4.0,"turns":1.0},{"damage":26.0,"enemies":"Gremlin Nob","floor":6.0,"turns":5.0},{"damage":38.0,"enemies":"3 Sentries","floor":8.0,"turns":7.0},{"damage":0,"enemies":"Lagavulin","floor":13,"turns":7},{"damage":8,"enemies":"Blue Slaver","floor":14,"turns":4},{"damage":35,"enemies":"Slime Boss","floor":16,"turns":4}],"seed_played":"6458362715840377834","potions_obtained":[{"floor":1.0,"key":"PowerPotion"},{"floor":4.0,"key":"Explosive Potion"},{"floor":8.0,"key":"Poison Potion"}],"is_trial":false,"path_per_floor":["M","M","?","M","$","E","R","E","T","?","$","R","E","M","R","B"],"character_chosen":"IRONCLAD","items_purchased":["Corruption","True Grit","True Grit","Weak Potion"],"campfire_rested":0,"item_purchase_floors":[5,5,11,11],"current_hp_per_floor":[78,80,80,80,80,60,60,28,28,28,28,28,34,32,32,0],"gold":59,"neow_bonus":"THREE_ENEMY_KILL","is_prod":false,"is_daily":false,"chose_seed":false,"campfire_upgraded":3,"win_rate":0,"timestamp":1548872641,"path_taken":["M","M","?","?","$","E","R","E","T","?","$","R","E","?","R","BOSS"],"build_version":"2019-01-23","purchased_purges":0,"victory":false,"max_hp_per_floor":[80,80,80,80,80,80,80,80,80,80,80,80,80,80,80,80],"card_choices":[{"not_picked":["Cleave","Clothesline"],"picked":"Shockwave","floor":1.0},{"not_picked":["Second Wind","Infernal Blade","Twin Strike"],"picked":"SKIP","floor":2.0},{"not_picked":["Anger","Shockwave","Rage"],"picked":"SKIP","floor":4.0},{"not_picked":["Infernal Blade","Headbutt"],"picked":"Body Slam","floor":6.0},{"not_picked":["Havoc","Reckless Charge"],"picked":"Ghostly Armor","floor":8.0},{"not_picked":["Wild Strike","Heavy Blade"],"picked":"Offering","floor":13},{"not_picked":["Dropkick","Wild Strike"],"picked":"Cleave","floor":14}],"player_experience":192900,"relics_obtained":[{"floor":6.0,"key":"PreservedInsect"},{"floor":8.0,"key":"Gremlin Horn"},{"floor":9.0,"key":"Vajra"},{"floor":13,"key":"Ice Cream"}],"event_choices":[{"cards_removed":["Strike_R"],"damage_healed":0.0,"max_hp_gain":0.0,"max_hp_loss":0.0,"gold_gain":0.0,"event_name":"Purifier","player_choice":"Purged","floor":3.0,"gold_loss":0.0,"damage_taken":0.0},{"cards_removed":["Strike_R"],"damage_healed":0.0,"max_hp_gain":0.0,"max_hp_loss":0.0,"gold_gain":0.0,"event_name":"Bonfire Elementals","player_choice":"Offered Basic","floor":10.0,"gold_loss":0.0,"damage_taken":0.0}],"is_beta":false,"boss_relics":[],"items_purged_floors":[],"is_endless":false,"potions_floor_spawned":[1,4,8],"killed_by":"Slime Boss","ascension_level":10}