{"path_per_floor":["M","M","M","?","$","R","M","E","T","R","E","M","M","E","R","B",null,"M","M","$","M","M","R","E","M","T","$","M","?","M"],"character_chosen":"IRONCLAD","items_purchased":["Inflame","Clash","Matryoshka","Shrug It Off"],"gold_per_floor":[110,122,133,133,44,44,58,87,110,110,139,157,172,197,197,295,295,314,324,2,17,29,29,354,373,373,319,331,246,257,257],"floor_reached":31,"campfire_rested":0,"playtime":2321,"current_hp_per_floor":[80,79,80,73,73,73,78,70,70,70,56,62,67,64,64,62,76,75,75,75,80,67,67,43,41,41,41,47,47,22,0],"items_purged":["Strike_R"],"gold":257,"score":376,"play_id":"0159cdca-bd8e-410b-bb2a-2edf5fb01c74","local_time":"20180418220604","is_prod":false,"is_daily":false,"chose_seed":false,"is_ascension_mode":true,"campfire_upgraded":4,"timestamp":1524114364,"path_taken":["M","M","M","?","$","R","M","E","T","R","E","M","M","E","R","BOSS","M","M","$","M","M","R","E","M","T","$","M","?","M","E"],"build_version":"2018-04-12","seed_source_timestamp":605248698486723,"purchased_purges":2,"victory":false,"master_deck":["Strike_R","Strike_R","Defend_R","Defend_R","Defend_R","Defend_R","Bash","Pommel Strike","Shrug It Off","Metallicize+1","Inflame+1","Clash","Clothesline","Disarm+1","Rage","Clash","Pommel Strike","Reaper","Barricade","Disarm+1","Clash","Shrug It Off+1","Cleave","Shrug It Off","Shrug It Off","Blood for Blood"],"max_hp_per_floor":[80,80,80,80,80,80,80,80,80,80,80,80,80,80,80,80,80,80,80,80,80,80,80,80,80,80,80,80,80,80,80],"relics":["Burning Blood","Darkstone Periapt","Omamori","Bottled Lightning","Bronze Scales","Mark of Pain","Matryoshka","Old Coin","Prayer Wheel","Sundial","Ancient Tea Set"],"card_choices":[{"not_picked":["Flex","Shockwave"],"picked":"Pommel Strike","floor":1},{"not_picked":["Body Slam","Flame Barrier"],"picked":"Shrug It Off","floor":2},{"not_picked":["Body Slam","Ghostly Armor"],"picked":"Metallicize","floor":3},{"not_picked":["Hemokinesis","Headbutt"],"picked":"Clothesline","floor":7},{"not_picked":["Anger","Bloodletting"],"picked":"Disarm","floor":8},{"not_picked":["Heavy Blade","Limit Break"],"picked":"Rage","floor":11},{"not_picked":["Twin Strike","Perfected Strike"],"picked":"Clash","floor":12},{"not_picked":["Shockwave","Twin Strike"],"picked":"Pommel Strike","floor":13},{"not_picked":["Anger","True Grit"],"picked":"Reaper","floor":14},{"not_picked":["Dark Embrace","Double Tap"],"picked":"Barricade","floor":16},{"not_picked":["Sever Soul","Infernal Blade"],"picked":"Disarm","floor":19},{"not_picked":["Hemokinesis","Heavy Blade"],"picked":"Clash","floor":21},{"not_picked":["Twin Strike","Combust"],"picked":"Shrug It Off","floor":22},{"not_picked":["Intimidate","Clothesline"],"picked":"Cleave","floor":24},{"not_picked":["Rampage","Evolve"],"picked":"Shrug It Off","floor":28},{"not_picked":["Barricade","Sever Soul"],"picked":"Blood for Blood","floor":30}],"player_experience":302178,"potions_floor_usage":[8,16,19,24,24,25,28,30],"damage_taken":[{"damage":2,"enemies":"2 Louse","floor":1,"turns":4},{"damage":7,"enemies":"Small Slimes","floor":2,"turns":4},{"damage":0,"enemies":"Cultist","floor":3,"turns":3},{"damage":1,"enemies":"Blue Slaver","floor":7,"turns":6},{"damage":14,"enemies":"3 Sentries","floor":8,"turns":9},{"damage":20,"enemies":"Gremlin Nob","floor":11,"turns":5},{"damage":0,"enemies":"Large Slime","floor":12,"turns":5},{"damage":1,"enemies":"2 Fungi Beasts","floor":13,"turns":3},{"damage":9,"enemies":"Lagavulin","floor":14,"turns":8},{"damage":15,"enemies":"Hexaghost","floor":16,"turns":11},{"damage":11,"enemies":"Chosen","floor":18,"turns":3},{"damage":6,"enemies":"Shell Parasite","floor":19,"turns":2},{"damage":1,"enemies":"Centurion and Healer","floor":21,"turns":8},{"damage":19,"enemies":"Snake Plant","floor":22,"turns":4},{"damage":30,"enemies":"Slavers","floor":24,"turns":6},{"damage":22,"enemies":"Cultist and Chosen","floor":25,"turns":8},{"damage":7,"enemies":"Centurion and Healer","floor":28,"turns":10},{"damage":46,"enemies":"Slaver and Parasite","floor":30,"turns":7},{"damage":26,"enemies":"Gremlin Leader","floor":31,"turns":2}],"event_choices":[{"event_name":"Golden Wing","player_choice":"Card Removal","floor":4,"damage_taken":0},{"event_name":"Addict","player_choice":"Obtained Relic","floor":29,"damage_taken":0}],"boss_relics":[{"not_picked":["White Beast Statue","Black Star"],"picked":"Mark of Pain"}],"potions_floor_spawned":[1,7,12,14,16,21,24,28],"seed_played":"-3863017800690044166","killed_by":"Gremlin Leader","ascension_level":5,"is_trial":false}