{"path_per_floor":["M","M","?","?","$","R","M","R","T","R","E","M","$","M","R","B",null,"M","M","?","$","?","R"],"character_chosen":"THE_SILENT","items_purchased":["Vajra","War Paint"],"gold_per_floor":[117,129,204,204,129,129,139,139,139,139,168,180,26,43,43,142,142,153,165,165,12,12,12,12],"floor_reached":24,"campfire_rested":3,"playtime":1444,"current_hp_per_floor":[60,60,49,49,49,49,49,70,70,70,23,20,20,20,41,55,66,33,29,29,29,29,50,0],"items_purged":["Strike_G"],"gold":12,"score":272,"play_id":"ebbd7115-1d44-4c79-b410-e4d8b03d65be","local_time":"20180425181705","is_prod":false,"is_daily":false,"chose_seed":false,"is_ascension_mode":true,"campfire_upgraded":2,"timestamp":1524705425,"path_taken":["M","M","?","?","?","R","M","R","T","R","E","M","$","?","R","BOSS","M","M","?","?","?","R","E"],"build_version":"2018-04-19","seed_source_timestamp":23520255625420,"purchased_purges":1,"victory":false,"master_deck":["Defend_G+1","Defend_G+1","Defend_G+1","Defend_G+1","Defend_G+1","Strike_G+1","Strike_G+1","Strike_G+1","Strike_G+1","Survivor+1","Neutralize+1","Underhanded Strike","Dagger Spray+1","Deflect","Backstab","Infinite Blades","Deflect+1","Adrenaline","Heel Hook+1","Writhe"],"max_hp_per_floor":[70,70,70,70,70,70,70,70,70,70,70,70,70,70,70,70,70,70,70,70,70,70,70,70],"relics":["Ring of the Snake","Pantograph","Shovel","Vajra","Runic Dome","War Paint","Unceasing Top"],"card_choices":[{"not_picked":["Dash","Sucker Punch"],"picked":"Underhanded Strike","floor":1},{"not_picked":["Riddle With Holes","Poisoned Stab"],"picked":"Dagger Spray","floor":2},{"not_picked":["Dodge and Roll","PiercingWail"],"picked":"Deflect","floor":7},{"not_picked":["Finisher","Eviscerate"],"picked":"Backstab","floor":11},{"not_picked":["Dodge and Roll","Unload"],"picked":"Infinite Blades","floor":12},{"not_picked":["Poisoned Stab","Blur"],"picked":"Deflect","floor":14},{"not_picked":["Phantasmal Killer","Tactician"],"picked":"Adrenaline","floor":16},{"not_picked":["Bouncing Flask","Slice"],"picked":"Heel Hook","floor":18}],"player_experience":373219,"potions_floor_usage":[11,16,16],"damage_taken":[{"damage":3,"enemies":"2 Louse","floor":1,"turns":5},{"damage":0,"enemies":"Small Slimes","floor":2,"turns":3},{"damage":0,"enemies":"Cultist","floor":7,"turns":3},{"damage":47,"enemies":"Gremlin Nob","floor":11,"turns":6},{"damage":3,"enemies":"2 Fungi Beasts","floor":12,"turns":3},{"damage":0,"enemies":"Exordium Wildlife","floor":14,"turns":2},{"damage":11,"enemies":"The Guardian","floor":16,"turns":15},{"damage":33,"enemies":"Chosen","floor":18,"turns":6},{"damage":4,"enemies":"Shell Parasite","floor":19,"turns":5},{"damage":59,"enemies":"Gremlin Leader","floor":24,"turns":7}],"event_choices":[{"event_name":"World of Goop","player_choice":"Gather Gold","floor":3,"damage_taken":0},{"event_name":"The Woman in Blue","player_choice":"Bought 0 Potions","floor":4,"damage_taken":0},{"event_name":"Back to Basics","player_choice":"Simplicity","floor":20,"damage_taken":0},{"event_name":"The Mausoleum","player_choice":"Yes","floor":22,"damage_taken":0}],"boss_relics":[{"not_picked":["Velvet Choker","Snecko Eye"],"picked":"Runic Dome"}],"potions_floor_spawned":[1,2,12],"seed_played":"-2113494558212152938","killed_by":"Gremlin Leader","ascension_level":8,"is_trial":false}