{"path_per_floor":["M","M","M","M","M","R","M","E","T","M","?","R","?","M","R"],"character_chosen":"THE_SILENT","items_purchased":[],"gold_per_floor":[16,26,36,51,71,71,88,151,201,217,217,217,217,230,230,230],"floor_reached":16,"campfire_rested":2,"playtime":1105,"current_hp_per_floor":[61,61,59,57,52,52,49,29,29,28,28,49,35,26,47,0],"items_purged":[],"gold":230,"score":154,"play_id":"02860139-a5d1-4313-b79a-41f21316ea71","local_time":"20180427123809","is_prod":false,"is_daily":false,"chose_seed":false,"is_ascension_mode":true,"campfire_upgraded":1,"timestamp":1524857889,"path_taken":["M","M","M","M","M","R","M","E","T","M","?","R","?","M","R","BOSS"],"build_version":"2018-04-26","seed_source_timestamp":176327425859185,"purchased_purges":0,"victory":false,"master_deck":["Defend_G+1","Defend_G","Defend_G","Defend_G","Defend_G+1","Strike_G","Strike_G","Strike_G","Survivor","Neutralize+1","Deflect","Poisoned Stab","Prepared","Malaise","Poisoned Stab","Caltrops","Backflip","Regret","Footwork"],"max_hp_per_floor":[70,70,70,70,70,70,70,70,70,70,70,70,70,70,70,70],"relics":["Ring of the Snake","Tiny Chest","Blood Vial","Toxic Egg 2"],"card_choices":[{"not_picked":["Prepared","Sucker Punch"],"picked":"Deflect","floor":1},{"not_picked":["Acrobatics","Bane"],"picked":"Poisoned Stab","floor":2},{"not_picked":["Skewer","Acrobatics"],"picked":"Prepared","floor":3},{"not_picked":["All Out Attack","Dodge and Roll"],"picked":"Malaise","floor":4},{"not_picked":["Cloak And Dagger","Distraction"],"picked":"Poisoned Stab","floor":7},{"not_picked":["Well Laid Plans","Dodge and Roll"],"picked":"Caltrops","floor":8},{"not_picked":["Acrobatics","Dodge and Roll"],"picked":"Backflip","floor":10},{"not_picked":["Poisoned Stab","Dodge and Roll"],"picked":"Footwork","floor":14}],"player_experience":396629,"potions_floor_usage":[8,16,16],"damage_taken":[{"damage":2,"enemies":"2 Louse","floor":1,"turns":3},{"damage":0,"enemies":"Small Slimes","floor":2,"turns":5},{"damage":2,"enemies":"Jaw Worm","floor":3,"turns":6},{"damage":2,"enemies":"Large Slime","floor":4,"turns":8},{"damage":5,"enemies":"Looter","floor":5,"turns":4},{"damage":3,"enemies":"2 Fungi Beasts","floor":7,"turns":4},{"damage":20,"enemies":"Gremlin Nob","floor":8,"turns":5},{"damage":3,"enemies":"Blue Slaver","floor":10,"turns":3},{"damage":11,"enemies":"3 Louse","floor":14,"turns":4},{"damage":50,"enemies":"Slime Boss","floor":16,"turns":13}],"event_choices":[{"event_name":"Big Fish","player_choice":"Box","floor":11,"damage_taken":0},{"event_name":"Shining Light","player_choice":"Entered Light","floor":13,"damage_taken":0}],"boss_relics":[],"potions_floor_spawned":[3,5,8,10],"seed_played":"-4868389380910174363","killed_by":"Slime Boss","ascension_level":9,"is_trial":false}