{"gold_per_floor":[111,130,147,160,176,176,29,29,29,46,75,87,115,128,128,202,202,212,16,29,39,39,39,73,73,73,73,107,107,107,218,230,317,329,355,380,392,420,105,105,140,140,140,169,37,65,75,86,86,86],"floor_reached":51,"playtime":3787,"items_purged":["Strike_G","Strike_G","Defend_G"],"score":1422,"play_id":"39294c6d-f225-481b-ab7a-fbd1fc70ee72","local_time":"20190214161109","is_ascension_mode":true,"campfire_choices":[{"data":"Predator","floor":6.0,"key":"SMITH"},{"data":"Crippling Poison","floor":8.0,"key":"SMITH"},{"data":"Bouncing Flask","floor":15.0,"key":"SMITH"},{"data":"Wraith Form v2","floor":23.0,"key":"SMITH"},{"data":"Wraith Form v2","floor":27.0,"key":"SMITH"},{"data":"Bouncing Flask","floor":29.0,"key":"SMITH"},{"data":"Riddle With Holes","floor":32.0,"key":"SMITH"},{"data":"Wraith Form v2","floor":40.0,"key":"SMITH"},{"data":"Catalyst","floor":42.0,"key":"SMITH"},{"data":"Die Die Die","floor":49,"key":"SMITH"}],"neow_cost":"NONE","seed_source_timestamp":0,"circlet_count":0,"master_deck":["AscendersBane","Defend_G","Defend_G","Defend_G","Defend_G","Survivor","Neutralize","Crippling Poison+1","Predator+1","Leg Sweep","Bouncing Flask+1","Dodge and Roll","Flying Knee","Die Die Die+1","Backstab","Wraith Form v2+1","PiercingWail","Distraction","Wraith Form v2+1","Riddle With Holes+1","Bouncing Flask+1","Wraith Form v2+1","Backflip+1","Catalyst+1","Crippling Poison+1","Bullet Time","Leg Sweep+1"],"special_seed":0,"relics":["Ring of the Snake","Bronze Scales","Art of War","Potion Belt","Blood Vial","Pantograph","Snecko Eye","Pear","Sundial","Orichalcum","MawBank","Sozu","Membership Card","Oddly Smooth Stone","Happy Flower","Singing Bowl","PreservedInsect","Dream Catcher"],"potions_floor_usage":[50,50,50,50],"damage_taken":[{"damage":0.0,"enemies":"Cultist","floor":1.0,"turns":4.0},{"damage":1.0,"enemies":"Small Slimes","floor":2.0,"turns":4.0},{"damage":1.0,"enemies":"Jaw Worm","floor":3.0,"turns":4.0},{"damage":3.0,"enemies":"Looter","floor":4.0,"turns":3.0},{"damage":5.0,"enemies":"3 Louse","floor":5.0,"turns":3.0},{"damage":4.0,"enemies":"Exordium Thugs","floor":10.0,"turns":3.0},{"damage":13.0,"enemies":"3 Sentries","floor":11.0,"turns":7.0},{"damage":7.0,"enemies":"Large Slime","floor":12.0,"turns":9.0},{"damage":17.0,"enemies":"Gremlin Nob","floor":13.0,"turns":4.0},{"damage":3.0,"enemies":"Looter","floor":14.0,"turns":3.0},{"damage":12.0,"enemies":"The Guardian","floor":16.0,"turns":11.0},{"damage":21.0,"enemies":"2 Thieves","floor":18.0,"turns":4.0},{"damage":0.0,"enemies":"Chosen","floor":20.0,"turns":3.0},{"damage":1.0,"enemies":"3 Cultists","floor":21.0,"turns":4.0},{"damage":23.0,"enemies":"Slavers","floor":24.0,"turns":6.0},{"damage":0.0,"enemies":"Book of Stabbing","floor":28.0,"turns":4.0},{"damage":26.0,"enemies":"Champ","floor":33.0,"turns":9.0},{"damage":2.0,"enemies":"3 Darklings","floor":35.0,"turns":2.0},{"damage":0.0,"enemies":"Orb Walker","floor":36.0,"turns":3.0},{"damage":0.0,"enemies":"Sphere and 2 Shapes","floor":38.0,"turns":4.0},{"damage":0.0,"enemies":"Giant Head","floor":41.0,"turns":8.0},{"damage":0.0,"enemies":"Reptomancer","floor":44.0,"turns":6.0},{"damage":0,"enemies":"Giant Head","floor":46,"turns":5},{"damage":0,"enemies":"Spire Growth","floor":47,"turns":4},{"damage":0,"enemies":"Maw","floor":48,"turns":5},{"damage":4,"enemies":"Awakened One","floor":50,"turns":14}],"seed_played":"-6637658509804115292","potions_obtained":[{"floor":1.0,"key":"Regen Potion"},{"floor":4.0,"key":"SkillPotion"},{"floor":10.0,"key":"SkillPotion"},{"floor":11.0,"key":"Ancient Potion"},{"floor":21.0,"key":"Dexterity Potion"},{"floor":33.0,"key":"FearPotion"}],"is_trial":false,"path_per_floor":["M","M","M","M","M","R","$","R","T","M","E","M","E","M","R","B",null,"M","$","M","M","?","R","E","?","T","R","E","R","T","?","R","B",null,"M","M","?","M","$","R","E","R","T","E","$","E","M","M","R","B",null],"character_chosen":"THE_SILENT","items_purchased":["Art of War","Wraith Form v2","Weak Potion","Membership Card","Oddly Smooth Stone","Bullet Time"],"campfire_rested":0,"item_purchase_floors":[7,19,19,39,39,45],"current_hp_per_floor":[63,62,61,58,53,53,53,53,53,49,36,31,16,15,15,30,60,41,41,43,44,44,44,33,33,33,33,35,35,35,35,35,36,69,69,71,71,73,73,73,75,75,75,77,77,81,84,84,84,84],"gold":86,"neow_bonus":"RANDOM_COMMON_RELIC","is_prod":false,"is_daily":false,"chose_seed":false,"campfire_upgraded":10,"win_rate":0,"timestamp":1550157069,"path_taken":["M","M","?","M","M","R","$","R","T","M","E","M","E","M","R","BOSS","M","$","?","M","?","R","E","?","T","R","E","R","?","?","R","BOSS","M","M","?","M","$","R","E","R","T","E","$","E","M","M","R","BOSS"],"build_version":"2019-01-23","purchased_purges":3,"victory":true,"max_hp_per_floor":[70,70,70,70,70,70,70,70,70,70,70,70,70,70,70,70,70,70,70,70,70,70,70,80,80,80,80,80,80,80,80,80,80,80,80,80,80,80,80,80,80,80,80,80,80,82,84,84,84,84],"card_choices":[{"not_picked":["Endless Agony","Sucker Punch","Masterful Stab"],"picked":"SKIP","floor":1.0},{"not_picked":["Dagger Spray","Reflex"],"picked":"Crippling Poison","floor":2.0},{"not_picked":["Masterful Stab","Slice"],"picked":"Predator","floor":3.0},{"not_picked":["Crippling Poison","Dodge and Roll"],"picked":"Leg Sweep","floor":4.0},{"not_picked":["Blade Dance","Deflect","Distraction"],"picked":"SKIP","floor":5.0},{"not_picked":["Crippling Poison","Accuracy"],"picked":"Bouncing Flask","floor":10.0},{"not_picked":["Doppelganger","Accuracy"],"picked":"Dodge and Roll","floor":11.0},{"not_picked":["Concentrate","Quick Slash"],"picked":"Flying Knee","floor":12.0},{"not_picked":["Finisher","Setup","Quick Slash"],"picked":"SKIP","floor":13.0},{"not_picked":["Sucker Punch","Acrobatics","Storm of Steel"],"picked":"SKIP","floor":14.0},{"not_picked":["Unload","After Image"],"picked":"Die Die Die","floor":16.0},{"not_picked":["Dodge and Roll","Backflip"],"picked":"Backstab","floor":18.0},{"not_picked":["Bane","Sucker Punch+1","Terror"],"picked":"SKIP","floor":20.0},{"not_picked":["Dagger Spray","Tactician"],"picked":"PiercingWail","floor":21.0},{"not_picked":["All Out Attack","Acrobatics+1"],"picked":"Riddle With Holes","floor":24.0},{"not_picked":["Flechettes","Backflip"],"picked":"Bouncing Flask","floor":28.0},{"not_picked":["Doppelganger","Unload"],"picked":"Wraith Form v2","floor":33.0},{"not_picked":["Slice","Flying Knee+1","Blade Dance"],"picked":"SKIP","floor":35.0},{"not_picked":["Quick Slash+1","Reflex"],"picked":"Backflip+1","floor":36.0},{"not_picked":["Caltrops","Dagger Throw"],"picked":"Catalyst","floor":38.0},{"not_picked":["Expertise","Concentrate","Outmaneuver"],"picked":"SKIP","floor":41.0},{"not_picked":["Skewer+1","Tactician+1"],"picked":"Crippling Poison+1","floor":44.0},{"not_picked":["Die Die Die","Choke","Flying Knee"],"picked":"Singing Bowl","floor":46},{"not_picked":["Quick Slash","Heel Hook","Prepared"],"picked":"Singing Bowl","floor":47},{"not_picked":["Finisher","Underhanded Strike"],"picked":"Leg Sweep+1","floor":48}],"player_experience":358890,"relics_obtained":[{"floor":9.0,"key":"Potion Belt"},{"floor":11.0,"key":"Blood Vial"},{"floor":13.0,"key":"Pantograph"},{"floor":24.0,"key":"Pear"},{"floor":26.0,"key":"Sundial"},{"floor":28.0,"key":"Orichalcum"},{"floor":30.0,"key":"MawBank"},{"floor":41.0,"key":"Happy Flower"},{"floor":43.0,"key":"Singing Bowl"},{"floor":44.0,"key":"PreservedInsect"},{"floor":46,"key":"Dream Catcher"}],"event_choices":[{"damage_healed":0.0,"max_hp_gain":0.0,"max_hp_loss":0.0,"gold_gain":0.0,"cards_transformed":["Strike_G","Strike_G"],"event_name":"Drug Dealer","player_choice":"Became Test Subject","floor":22.0,"gold_loss":0.0,"damage_taken":0.0,"cards_obtained":["Distraction","Wraith Form v2"]},{"damage_healed":0.0,"max_hp_gain":0.0,"max_hp_loss":0.0,"gold_gain":0.0,"event_name":"Ghosts","player_choice":"Ignored","floor":25.0,"gold_loss":0.0,"damage_taken":0.0},{"damage_healed":0.0,"max_hp_gain":0.0,"max_hp_loss":0.0,"gold_gain":99.0,"event_name":"Nest","player_choice":"Stole From Cult","floor":31.0,"gold_loss":0.0,"damage_taken":0.0},{"cards_removed":["Strike_G"],"damage_healed":0.0,"max_hp_gain":0.0,"max_hp_loss":0.0,"gold_gain":0.0,"event_name":"Falling","player_choice":"Removed Attack","floor":37.0,"gold_loss":0.0,"damage_taken":0.0}],"is_beta":false,"boss_relics":[{"not_picked":["Tiny House","Pandora\u0027s Box"],"picked":"Snecko Eye"},{"not_picked":["WristBlade","Velvet Choker"],"picked":"Sozu"}],"items_purged_floors":[19,39,45],"is_endless":false,"potions_floor_spawned":[1,4,5,10,11,21,28,33,35,36,47,48],"ascension_level":13}