{"gold_per_floor":[12,23,42,58,72,72,106,116,116,116,116,126,126,153,153,228,228,241,257,272,292,342,372,372,391,415,55,82,82,82,58,58,58],"floor_reached":33,"playtime":1761,"items_purged":[],"score":548,"play_id":"522fee97-9d9a-4742-8a50-f0ec4ef6c7aa","local_time":"20180823150632","is_ascension_mode":true,"campfire_choices":[{"data":"Metallicize","floor":6.0,"key":"SMITH"},{"floor":11.0,"key":"REST"},{"data":"Blood for Blood","floor":15,"key":"SMITH"},{"floor":24,"key":"REST"},{"data":"True Grit","floor":30,"key":"SMITH"},{"floor":32,"key":"REST"}],"neow_cost":"NO_GOLD","seed_source_timestamp":0,"circlet_count":0,"master_deck":["Strike_R","Strike_R","Strike_R","Defend_R","Defend_R","Defend_R","Defend_R","Bash","AscendersBane","Power Through","Metallicize+1","Shrug It Off","Shockwave","Offering","Reckless Charge","Blood for Blood+1","Cleave","Armaments","Demon Form","Twin Strike","Wild Strike","Wild Strike","Ghostly Armor","Evolve","True Grit+1","Heavy Blade","True Grit"],"special_seed":0,"relics":["Burning Blood","Vajra","Anchor","Blood Vial","Dream Catcher","Busted Crown","Letter Opener","Strawberry","Shuriken","Boot"],"potions_floor_usage":[16,16,23,23,33],"damage_taken":[{"damage":11.0,"enemies":"Jaw Worm","floor":1.0,"turns":4.0},{"damage":0.0,"enemies":"Small Slimes","floor":2.0,"turns":4.0},{"damage":4.0,"enemies":"2 Louse","floor":3.0,"turns":3.0},{"damage":15.0,"enemies":"Large Slime","floor":4.0,"turns":13.0},{"damage":25.0,"enemies":"Lots of Slimes","floor":5.0,"turns":9.0},{"damage":22.0,"enemies":"Gremlin Nob","floor":7.0,"turns":4.0},{"damage":8.0,"enemies":"Blue Slaver","floor":8.0,"turns":6.0},{"damage":6,"enemies":"2 Fungi Beasts","floor":12,"turns":4},{"damage":13,"enemies":"3 Sentries","floor":14,"turns":6},{"damage":15,"enemies":"Slime Boss","floor":16,"turns":8},{"damage":6,"enemies":"3 Byrds","floor":18,"turns":5},{"damage":6,"enemies":"Chosen","floor":19,"turns":3},{"damage":18,"enemies":"Centurion and Healer","floor":20,"turns":6},{"damage":25,"enemies":"Cultist and Chosen","floor":21,"turns":5},{"damage":31,"enemies":"Gremlin Leader","floor":23,"turns":7},{"damage":6,"enemies":"Snake Plant","floor":25,"turns":3},{"damage":39,"enemies":"Slavers","floor":28,"turns":5},{"damage":71,"enemies":"Automaton","floor":33,"turns":10}],"seed_played":"5167523474923232434","potions_obtained":[{"floor":4.0,"key":"Strength Potion"},{"floor":5.0,"key":"SteroidPotion"},{"floor":7.0,"key":"FearPotion"},{"floor":8.0,"key":"Dexterity Potion"},{"floor":12,"key":"Fire Potion"},{"floor":16,"key":"Ancient Potion"},{"floor":19,"key":"AttackPotion"},{"floor":20,"key":"Explosive Potion"},{"floor":28,"key":"Swift Potion"}],"is_trial":false,"path_per_floor":["M","M","M","M","M","R","E","M","T","?","R","M","?","E","R","B",null,"M","M","M","M","?","E","R","M","T","$","E","?","R","$","R"],"character_chosen":"IRONCLAD","items_purchased":["Ghostly Armor","Shuriken","Evolve","Heavy Blade"],"campfire_rested":3,"item_purchase_floors":[27,27,27,31],"current_hp_per_floor":[77,83,85,76,57,57,41,39,39,21,47,49,49,44,44,37,76,78,80,70,53,53,30,56,58,65,65,34,34,34,34,62,0],"gold":58,"neow_bonus":"TWENTY_PERCENT_HP_BONUS","is_prod":false,"is_daily":false,"chose_seed":false,"campfire_upgraded":3,"win_rate":0,"timestamp":1535061992,"path_taken":["M","M","M","M","M","R","E","M","T","?","R","M","?","E","R","BOSS","M","M","M","M","?","E","R","M","T","$","E","?","R","?","R","BOSS"],"build_version":"2018-08-16","purchased_purges":0,"victory":false,"max_hp_per_floor":[89,89,89,89,89,89,89,89,89,89,89,89,89,89,89,89,89,89,89,89,89,89,89,89,89,96,96,96,96,96,96,96,96],"card_choices":[{"not_picked":["Heavy Blade","Thunderclap"],"picked":"Power Through","floor":1.0},{"not_picked":["Sever Soul","Body Slam"],"picked":"Metallicize","floor":2.0},{"not_picked":["Rupture","Twin Strike"],"picked":"Shrug It Off","floor":3.0},{"not_picked":["Havoc","Thunderclap","Clash"],"picked":"SKIP","floor":4.0},{"not_picked":["Battle Trance","Cleave"],"picked":"Shockwave","floor":5.0},{"not_picked":["Flex","Power Through"],"picked":"Offering","floor":7.0},{"not_picked":["Clash","Rage"],"picked":"Reckless Charge","floor":8.0},{"not_picked":["Carnage","Perfected Strike"],"picked":"Blood for Blood","floor":12},{"not_picked":["Rampage","Combust"],"picked":"Armaments","floor":14},{"not_picked":["Double Tap","Bludgeon"],"picked":"Demon Form","floor":16},{"not_picked":[],"picked":"Twin Strike","floor":18},{"not_picked":["Corruption"],"picked":"SKIP","floor":19},{"not_picked":[],"picked":"Wild Strike","floor":20},{"not_picked":["Fire Breathing"],"picked":"SKIP","floor":21},{"not_picked":[],"picked":"Wild Strike","floor":23},{"not_picked":["Searing Blow"],"picked":"SKIP","floor":25},{"not_picked":[],"picked":"True Grit","floor":28},{"not_picked":[],"picked":"True Grit","floor":32}],"player_experience":789032,"relics_obtained":[{"floor":7.0,"key":"Vajra"},{"floor":9.0,"key":"Anchor"},{"floor":14,"key":"Dream Catcher"},{"floor":23,"key":"Letter Opener"},{"floor":26,"key":"Strawberry"},{"floor":28,"key":"Boot"}],"event_choices":[{"event_name":"Scrap Ooze","player_choice":"success","floor":10.0,"damage_taken":18.0},{"event_name":"Transmorgrifier","player_choice":"Transform","floor":13,"damage_taken":0},{"event_name":"Nest","player_choice":"Stole From Cult","floor":22,"damage_taken":0},{"event_name":"Bonfire Elementals","player_choice":"BASIC","floor":29,"damage_taken":0}],"is_beta":false,"boss_relics":[{"not_picked":["Empty Cage","Fusion Hammer"],"picked":"Busted Crown"}],"items_purged_floors":[],"is_endless":false,"potions_floor_spawned":[4,5,7,8,12,16,19,20,28],"killed_by":"Automaton","ascension_level":15}