{"gold_per_floor":[11,24,42,54,68,68,88,114,163,238,238,249,249,267,267,343,343,363,383,397,397,408,408,438,452,452,452,472,3,22,38,38,38],"floor_reached":33,"playtime":1960,"items_purged":["Decay"],"score":561,"play_id":"cafc5c28-0864-4bc0-a097-408ec74646bd","local_time":"20190215221043","is_ascension_mode":true,"campfire_choices":[{"data":"Metallicize","floor":6.0,"key":"SMITH"},{"data":"Disarm","floor":11.0,"key":"SMITH"},{"data":"Flame Barrier","floor":15.0,"key":"SMITH"},{"data":"Body Slam","floor":23.0,"key":"SMITH"},{"floor":32.0,"key":"REST"}],"neow_cost":"NO_GOLD","seed_source_timestamp":45510255817417,"circlet_count":0,"master_deck":["AscendersBane","Strike_R","Strike_R","Strike_R","Strike_R+1","Strike_R","Defend_R","Defend_R","Defend_R","Defend_R","Bash+1","Shrug It Off","Juggernaut","Armaments","Battle Trance","Metallicize+1","Flame Barrier+1","Disarm+1","Clothesline","Shockwave","Exhume","Body Slam+1","Iron Wave","True Grit","Infernal Blade+1","Power Through"],"special_seed":0,"relics":["Burning Blood","Odd Mushroom","Centennial Puzzle","Whetstone","Mark of Pain","Singing Bowl","Thread and Needle","Self Forming Clay"],"potions_floor_usage":[33],"damage_taken":[{"damage":8.0,"enemies":"2 Louse","floor":1.0,"turns":4.0},{"damage":2.0,"enemies":"Cultist","floor":2.0,"turns":4.0},{"damage":6.0,"enemies":"Small Slimes","floor":3.0,"turns":5.0},{"damage":5.0,"enemies":"Blue Slaver","floor":4.0,"turns":5.0},{"damage":14.0,"enemies":"Large Slime","floor":5.0,"turns":6.0},{"damage":22.0,"enemies":"The Mushroom Lair","floor":7.0,"turns":6.0},{"damage":34.0,"enemies":"Gremlin Nob","floor":8.0,"turns":6.0},{"damage":11.0,"enemies":"Gremlin Gang","floor":12.0,"turns":10.0},{"damage":1.0,"enemies":"Blue Slaver","floor":14.0,"turns":5.0},{"damage":5.0,"enemies":"The Guardian","floor":16.0,"turns":10.0},{"damage":8.0,"enemies":"3 Byrds","floor":18.0,"turns":5.0},{"damage":17.0,"enemies":"Chosen","floor":19.0,"turns":6.0},{"damage":4.0,"enemies":"Centurion and Healer","floor":20.0,"turns":11.0},{"damage":24.0,"enemies":"Shelled Parasite and Fungi","floor":22.0,"turns":8.0},{"damage":3.0,"enemies":"Book of Stabbing","floor":24.0,"turns":8.0},{"damage":32.0,"enemies":"Sentry and Sphere","floor":25.0,"turns":7.0},{"damage":25.0,"enemies":"3 Cultists","floor":28.0,"turns":8.0},{"damage":3.0,"enemies":"Centurion and Healer","floor":30.0,"turns":7.0},{"damage":11.0,"enemies":"Cultist and Chosen","floor":31.0,"turns":6.0},{"damage":70,"enemies":"Automaton","floor":33,"turns":6}],"seed_played":"-8410133899415270210","potions_obtained":[{"floor":2.0,"key":"Block Potion"},{"floor":4.0,"key":"Fire Potion"},{"floor":5.0,"key":"LiquidBronze"},{"floor":7.0,"key":"SteroidPotion"},{"floor":13.0,"key":"FairyPotion"},{"floor":13.0,"key":"Regen Potion"},{"floor":14.0,"key":"PowerPotion"},{"floor":22.0,"key":"AttackPotion"},{"floor":24.0,"key":"Strength Potion"},{"floor":25.0,"key":"BloodPotion"},{"floor":31.0,"key":"Fire Potion"}],"is_trial":false,"path_per_floor":["M","M","M","M","M","R","?","E","T","?","R","M","?","M","R","B",null,"M","M","M","?","M","R","E","M","T","?","M","$","M","M","R","B"],"character_chosen":"IRONCLAD","items_purchased":["Self Forming Clay","Power Through","SkillPotion"],"campfire_rested":1,"item_purchase_floors":[29,29,29],"current_hp_per_floor":[80,84,84,85,77,77,61,33,33,22,22,17,17,22,22,23,73,71,60,62,62,44,44,49,25,25,25,15,15,20,17,46,0],"gold":38,"neow_bonus":"TWENTY_PERCENT_HP_BONUS","is_prod":false,"is_daily":false,"chose_seed":false,"campfire_upgraded":4,"win_rate":0,"timestamp":1550297443,"path_taken":["M","M","M","M","M","R","?","E","T","?","R","M","?","M","R","BOSS","M","M","M","?","M","R","E","M","T","?","M","$","M","M","R","BOSS"],"build_version":"2019-01-23","purchased_purges":1,"victory":false,"max_hp_per_floor":[89,89,89,89,89,89,89,89,89,89,89,89,89,89,89,89,89,89,89,89,89,89,89,91,93,93,93,93,93,95,97,97,97],"card_choices":[{"not_picked":["Headbutt","Wild Strike"],"picked":"Shrug It Off","floor":1.0},{"not_picked":["Cleave","Havoc"],"picked":"Juggernaut","floor":2.0},{"not_picked":["Spot Weakness","Bloodletting"],"picked":"Armaments","floor":3.0},{"not_picked":["Shrug It Off","Power Through"],"picked":"Battle Trance","floor":4.0},{"not_picked":["Pommel Strike","Warcry"],"picked":"Metallicize","floor":5.0},{"not_picked":["Flex","Pommel Strike"],"picked":"Flame Barrier","floor":7.0},{"not_picked":["Warcry","Heavy Blade"],"picked":"Disarm","floor":8.0},{"not_picked":["Rupture","Dual Wield"],"picked":"Clothesline","floor":12.0},{"not_picked":["Clothesline","Feel No Pain"],"picked":"Shockwave","floor":14.0},{"not_picked":["Demon Form","Bludgeon"],"picked":"Exhume","floor":16.0},{"not_picked":["Clothesline","Havoc"],"picked":"Body Slam","floor":18.0},{"not_picked":["Heavy Blade","Whirlwind","Dropkick"],"picked":"SKIP","floor":19.0},{"not_picked":["Second Wind","Pommel Strike"],"picked":"Iron Wave","floor":20.0},{"not_picked":["Pommel Strike","Anger"],"picked":"True Grit","floor":22.0},{"not_picked":["Thunderclap","Bludgeon","Clothesline+1"],"picked":"Singing Bowl","floor":24.0},{"not_picked":["Armaments","Cleave","Twin Strike"],"picked":"Singing Bowl","floor":25.0},{"not_picked":["Sword Boomerang","Uppercut+1"],"picked":"Infernal Blade+1","floor":28.0},{"not_picked":["Flex","Seeing Red","Berserk"],"picked":"Singing Bowl","floor":30.0},{"not_picked":["Havoc","Thunderclap","Whirlwind"],"picked":"Singing Bowl","floor":31.0}],"player_experience":1219486,"relics_obtained":[{"floor":7.0,"key":"Odd Mushroom"},{"floor":8.0,"key":"Centennial Puzzle"},{"floor":9.0,"key":"Whetstone"},{"floor":24.0,"key":"Singing Bowl"},{"floor":26.0,"key":"Thread and Needle"}],"event_choices":[{"damage_healed":0.0,"max_hp_gain":0.0,"max_hp_loss":0.0,"gold_gain":0.0,"event_name":"Mushrooms","player_choice":"Fought Mushrooms","floor":7.0,"gold_loss":0.0,"damage_taken":0.0},{"damage_healed":0.0,"max_hp_gain":0.0,"max_hp_loss":0.0,"gold_gain":75.0,"event_name":"World of Goop","player_choice":"Gather Gold","floor":10.0,"gold_loss":0.0,"damage_taken":11.0},{"damage_healed":0.0,"max_hp_gain":0.0,"max_hp_loss":0.0,"gold_gain":0.0,"event_name":"Lab","player_choice":"Got Potions","floor":13.0,"gold_loss":0.0,"damage_taken":0.0},{"damage_healed":0.0,"max_hp_gain":0.0,"max_hp_loss":0.0,"gold_gain":0.0,"event_name":"Cursed Tome","player_choice":"Ignored","floor":21.0,"gold_loss":0.0,"damage_taken":0.0},{"damage_healed":0.0,"max_hp_gain":0.0,"max_hp_loss":0.0,"gold_gain":0.0,"event_name":"Forgotten Altar","player_choice":"Smashed Altar","floor":27.0,"gold_loss":0.0,"damage_taken":0.0,"cards_obtained":["Decay"]}],"is_beta":false,"boss_relics":[{"not_picked":["Calling Bell","Tiny House"],"picked":"Mark of Pain"}],"items_purged_floors":[29],"is_endless":false,"potions_floor_spawned":[2,4,5,7,14,22,24,25,31],"killed_by":"Automaton","ascension_level":19}