{"gold_per_floor":[118,135,135,155,155,155,183,34,34,34,34],"floor_reached":11,"playtime":397,"items_purged":["Strike_B"],"score":103,"play_id":"37c381f1-7698-431b-abcb-463f183bcefb","local_time":"20190204145349","is_ascension_mode":true,"campfire_choices":[{"data":"Zap","floor":6,"key":"SMITH"}],"neow_cost":"TEN_PERCENT_HP_LOSS","seed_source_timestamp":276544178252932,"circlet_count":0,"master_deck":["Strike_B","Strike_B+1","Strike_B","Defend_B","Defend_B+1","Defend_B","Defend_B","Zap+1","Dualcast","Hologram+1","Coolheaded","Cold Snap","Echo Form"],"relics":["Cracked Core","Shovel","Matryoshka","Art of War","Lantern","Golden Idol"],"potions_floor_usage":[],"damage_taken":[{"damage":0,"enemies":"Small Slimes","floor":1,"turns":2},{"damage":2,"enemies":"2 Louse","floor":2,"turns":2},{"damage":0,"enemies":"Jaw Worm","floor":4,"turns":5},{"damage":42,"enemies":"Lagavulin","floor":7,"turns":8}],"seed_played":"-7301343262131188754","potions_obtained":[{"floor":1,"key":"GamblersBrew"}],"is_trial":false,"path_per_floor":["M","M","?","M","?","R","E","$","T","?","?"],"character_chosen":"DEFECT","items_purchased":["FocusPotion"],"campfire_rested":0,"item_purchase_floors":[8],"current_hp_per_floor":[68,66,66,66,52,52,10,10,10,10,0],"gold":34,"neow_bonus":"ONE_RARE_RELIC","is_prod":false,"is_daily":false,"chose_seed":false,"campfire_upgraded":1,"win_rate":0,"timestamp":1549288429,"path_taken":["M","M","?","M","?","R","E","$","T","?","?"],"build_version":"2019-01-23","purchased_purges":1,"victory":false,"max_hp_per_floor":[68,68,68,68,68,68,68,68,68,63,63],"card_choices":[{"not_picked":["Ball Lightning","Barrage"],"picked":"Hologram","floor":1},{"not_picked":["Beam Cell","Force Field"],"picked":"Coolheaded","floor":2},{"not_picked":["Double Energy","Stack"],"picked":"Cold Snap","floor":4},{"not_picked":["Streamline","Force Field"],"picked":"Echo Form","floor":7}],"player_experience":291545,"relics_obtained":[{"floor":7,"key":"Matryoshka"},{"floor":9,"key":"Art of War"},{"floor":9,"key":"Lantern"}],"event_choices":[{"damage_healed":0,"gold_gain":0,"player_choice":"Grow","damage_taken":0,"max_hp_gain":0,"max_hp_loss":0,"event_name":"Living Wall","floor":3,"gold_loss":0,"cards_upgraded":["Hologram"]},{"damage_healed":0,"gold_gain":0,"player_choice":"Entered Light","damage_taken":14,"max_hp_gain":0,"max_hp_loss":0,"event_name":"Shining Light","floor":5,"gold_loss":0,"cards_upgraded":["Strike_B","Defend_B"]},{"damage_healed":0,"gold_gain":0,"player_choice":"Lose Max HP","damage_taken":0,"relics_obtained":["Golden Idol"],"max_hp_gain":0,"max_hp_loss":5,"event_name":"Golden Idol","floor":10,"gold_loss":0}],"is_beta":false,"boss_relics":[],"items_purged_floors":[8],"is_endless":false,"potions_floor_spawned":[1],"ascension_level":9}