{"path_per_floor":["M","?","?","T","?","E","M","R","T","$","R","E","M","M","R","B",null,"M","?","$","M","M","R","M","M","T","$","M"],"character_chosen":"THE_SILENT","items_purchased":["Noxious Fumes","Crippling Poison","Sadistic Nature","Noxious Fumes","Good Instincts+1"],"gold_per_floor":[115,115,290,290,260,288,307,307,307,117,117,150,161,181,181,259,259,272,272,14,34,47,47,60,78,78,4,15,15],"floor_reached":29,"campfire_rested":2,"playtime":1265,"item_purchase_floors":[],"current_hp_per_floor":[63,63,63,63,63,63,63,63,63,63,63,32,31,23,44,28,60,46,46,46,33,18,39,27,8,8,8,3,0],"items_purged":["Regret"],"gold":15,"score":429,"play_id":"715514c5-5d7b-4f8d-92b1-c468eec8a59b","local_time":"20180602165140","is_prod":false,"is_daily":false,"chose_seed":false,"is_ascension_mode":true,"campfire_upgraded":2,"win_rate":0,"timestamp":1527983500,"campfire_choices":[{"data":"Neutralize","floor":8.0,"key":"SMITH"},{"data":"Noxious Fumes","floor":11.0,"key":"SMITH"},{"floor":15.0,"key":"REST"},{"floor":23.0,"key":"REST"}],"path_taken":["M","?","?","?","?","E","M","R","T","$","R","E","?","M","R","BOSS","M","?","$","M","?","R","M","M","T","?","M","M"],"build_version":"2018-05-31","seed_source_timestamp":0,"purchased_purges":1,"victory":false,"master_deck":["Defend_G","Defend_G","Defend_G","Defend_G","Defend_G","Strike_G","Strike_G","Strike_G","Strike_G","Strike_G","Survivor","Neutralize+1","AscendersBane","Deadly Poison","Doubt","Bouncing Flask","Poisoned Stab","Noxious Fumes+1","Crippling Poison","Deadly Poison","Bane","Deadly Poison","Adrenaline","Sadistic Nature","Noxious Fumes","Backflip","Malaise","Catalyst","Good Instincts+1"],"max_hp_per_floor":[70,70,70,70,70,70,70,70,70,70,70,70,70,70,70,70,70,70,70,70,70,70,70,70,70,70,70,70,70],"relics":["Ring of the Snake","NeowsBlessing","Toolbox","Dodecahedron","Matryoshka","Letter Opener","Bottled Flame","Lantern","Velvet Choker","Toxic Egg 2","The Courier"],"card_choices":[{"not_picked":["Dagger Throw","Quick Slash"],"picked":"Deadly Poison","floor":1.0},{"not_picked":["A Thousand Cuts","Concentrate"],"picked":"Bouncing Flask","floor":6.0},{"not_picked":["Prepared","Dagger Spray"],"picked":"Poisoned Stab","floor":7.0},{"not_picked":["Expertise","Dodge and Roll"],"picked":"Deadly Poison","floor":12.0},{"not_picked":["Quick Slash","Dash"],"picked":"Bane","floor":13.0},{"not_picked":["Poisoned Stab","Quick Slash"],"picked":"Deadly Poison","floor":14.0},{"not_picked":["After Image","Phantasmal Killer"],"picked":"Adrenaline","floor":16.0},{"not_picked":["Acrobatics","Underhanded Strike+1","Masterful Stab"],"picked":"SKIP","floor":18.0},{"not_picked":["Flying Knee","Outmaneuver"],"picked":"Backflip","floor":21.0},{"not_picked":["Escape Plan","Quick Slash"],"picked":"Malaise","floor":22.0},{"not_picked":["Dagger Spray+1","Dagger Throw","Slice"],"picked":"SKIP","floor":24.0},{"not_picked":["Quick Slash","Outmaneuver"],"picked":"Catalyst","floor":25.0},{"not_picked":["Quick Slash","Bane","Slice"],"picked":"SKIP","floor":28.0}],"player_experience":549213,"potions_floor_usage":[],"damage_taken":[{"damage":0.0,"enemies":"Small Slimes","floor":1.0,"turns":1.0},{"damage":0.0,"enemies":"Gremlin Nob","floor":6.0,"turns":1.0},{"damage":0.0,"enemies":"Jaw Worm","floor":7.0,"turns":1.0},{"damage":31.0,"enemies":"3 Sentries","floor":12.0,"turns":8.0},{"damage":1.0,"enemies":"2 Louse","floor":13.0,"turns":2.0},{"damage":8.0,"enemies":"Looter","floor":14.0,"turns":2.0},{"damage":16.0,"enemies":"The Guardian","floor":16.0,"turns":7.0},{"damage":14.0,"enemies":"3 Byrds","floor":18.0,"turns":4.0},{"damage":13.0,"enemies":"Chosen","floor":21.0,"turns":5.0},{"damage":15.0,"enemies":"Snecko","floor":22.0,"turns":5.0},{"damage":12.0,"enemies":"Centurion and Healer","floor":24.0,"turns":6.0},{"damage":19.0,"enemies":"Slaver and Parasite","floor":25.0,"turns":5.0},{"damage":5.0,"enemies":"Snake Plant","floor":28.0,"turns":4.0},{"damage":3,"enemies":"3 Cultists","floor":29,"turns":2}],"relics_obtained":[{"floor":4.0,"key":"Dodecahedron"},{"floor":6.0,"key":"Matryoshka"},{"floor":9.0,"key":"Letter Opener"},{"floor":9.0,"key":"Bottled Flame"},{"floor":12.0,"key":"Lantern"},{"floor":26.0,"key":"Toxic Egg 2"},{"floor":26.0,"key":"The Courier"}],"event_choices":[{"event_name":"Big Fish","player_choice":"Box","floor":2.0,"damage_taken":0.0},{"event_name":"Liars Game","player_choice":"agreed","floor":3.0,"damage_taken":0.0},{"event_name":"The Woman in Blue","player_choice":"Bought 2 Potions","floor":5.0,"damage_taken":0.0},{"event_name":"Drug Dealer","player_choice":"Ignored","floor":19.0,"damage_taken":0.0}],"boss_relics":[],"items_purged_floors":[],"potions_floor_spawned":[12,14,16,24,25],"seed_played":"3017588384677673054","killed_by":"3 Cultists","ascension_level":13,"potions_obtained":[{"floor":5.0,"key":"LiquidBronze"},{"floor":5.0,"key":"LiquidBronze"},{"floor":12.0,"key":"Explosive Potion"},{"floor":16.0,"key":"GhostInAJar"},{"floor":24.0,"key":"AttackPotion"},{"floor":25.0,"key":"AttackPotion"}],"is_trial":false}