{"gold_per_floor":[109,129,143,34,46,46,66,84,84,104,114,114],"floor_reached":12,"playtime":447,"items_purged":["Strike_R"],"score":133,"play_id":"6d0715f1-3d62-415f-8590-b0d169893e47","local_time":"20180817144416","is_ascension_mode":true,"campfire_choices":[{"data":"Metallicize","floor":6,"key":"SMITH"}],"neow_cost":"NONE","seed_source_timestamp":7954646249734,"circlet_count":0,"master_deck":["Strike_R","Strike_R","Strike_R","Strike_R","Defend_R","Defend_R","Defend_R","Defend_R","Bash","AscendersBane","Demon Form","Whirlwind","Clothesline","Metallicize+1","Headbutt","Heavy Blade","Iron Wave","Intimidate"],"relics":["Burning Blood","Letter Opener"],"potions_floor_usage":[11,11,12],"damage_taken":[{"damage":20,"enemies":"2 Louse","floor":1,"turns":4},{"damage":1,"enemies":"Cultist","floor":2,"turns":4},{"damage":5,"enemies":"Small Slimes","floor":3,"turns":4},{"damage":9,"enemies":"Blue Slaver","floor":5,"turns":6},{"damage":23,"enemies":"Red Slaver","floor":7,"turns":5},{"damage":4,"enemies":"Looter","floor":8,"turns":3},{"damage":7,"enemies":"Blue Slaver","floor":10,"turns":5},{"damage":46,"enemies":"Exordium Thugs","floor":11,"turns":5},{"damage":12,"enemies":"Lots of Slimes","floor":12,"turns":1}],"seed_played":"-1500340745474974837","potions_obtained":[{"floor":1,"key":"AttackPotion"},{"floor":8,"key":"SteroidPotion"},{"floor":11,"key":"EssenceOfSteel"}],"is_trial":false,"path_per_floor":["M","M","M","$","M","R","M","M","T","M","M"],"character_chosen":"IRONCLAD","items_purchased":["Metallicize"],"campfire_rested":0,"item_purchase_floors":[4],"current_hp_per_floor":[54,59,60,60,57,57,40,42,42,41,12,0],"gold":114,"neow_bonus":"ONE_RANDOM_RARE_CARD","is_prod":false,"is_daily":false,"chose_seed":false,"campfire_upgraded":1,"win_rate":0,"timestamp":1534542256,"path_taken":["M","M","M","$","M","R","M","M","T","M","M","M"],"build_version":"2018-08-16","purchased_purges":1,"victory":false,"max_hp_per_floor":[75,75,75,75,75,75,75,75,75,75,75,75],"card_choices":[{"not_picked":["Burning Pact","Warcry"],"picked":"Whirlwind","floor":1},{"not_picked":["Armaments","Headbutt"],"picked":"Clothesline","floor":2},{"not_picked":["Twin Strike","Havoc","Rampage"],"picked":"SKIP","floor":3},{"not_picked":["Perfected Strike","Rupture"],"picked":"Headbutt","floor":5},{"not_picked":["Anger","Dropkick"],"picked":"Heavy Blade","floor":7},{"not_picked":["Flex","True Grit"],"picked":"Iron Wave","floor":8},{"not_picked":["Rage","Corruption","Anger"],"picked":"SKIP","floor":10},{"not_picked":["Blood for Blood","Flex"],"picked":"Intimidate","floor":11}],"player_experience":767748,"relics_obtained":[{"floor":9,"key":"Letter Opener"}],"event_choices":[],"is_beta":false,"boss_relics":[],"items_purged_floors":[4],"is_endless":false,"potions_floor_spawned":[1,8,11],"killed_by":"Lots of Slimes","ascension_level":15}