{"gold_per_floor":[114,126,126,138,156,156,188,188,188,188,188,216,216,230,230,230],"floor_reached":16,"playtime":3149,"items_purged":[],"score":204,"play_id":"35a103c3-82fc-418a-bf65-ecf37348ec09","local_time":"20190117205724","is_ascension_mode":true,"campfire_choices":[{"data":"Zap","floor":6,"key":"SMITH"},{"data":"Dualcast","floor":8,"key":"SMITH"},{"data":"Ball Lightning","floor":10,"key":"SMITH"},{"floor":13,"key":"REST"},{"data":"Conserve Battery","floor":15,"key":"SMITH"}],"neow_cost":"NONE","seed_source_timestamp":39325716202440,"circlet_count":0,"master_deck":["AscendersBane","Strike_B","Strike_B","Strike_B","Strike_B","Defend_B","Defend_B","Defend_B","Zap+1","Dualcast+1","Conserve Battery+1","Ball Lightning+1","Leap","Self Repair"],"relics":["Cracked Core","Ancient Tea Set","Singing Bowl","Sundial","Cables"],"potions_floor_usage":[7,7,14,16,16],"damage_taken":[{"damage":8,"enemies":"2 Louse","floor":1,"turns":2},{"damage":1,"enemies":"Cultist","floor":2,"turns":3},{"damage":5,"enemies":"Jaw Worm","floor":4,"turns":2},{"damage":6,"enemies":"Looter","floor":5,"turns":3},{"damage":20,"enemies":"3 Sentries","floor":7,"turns":7},{"damage":18,"enemies":"Lagavulin","floor":12,"turns":7},{"damage":2,"enemies":"Gremlin Gang","floor":14,"turns":4},{"damage":28,"enemies":"Slime Boss","floor":16,"turns":8}],"seed_played":"8645173194658046361","potions_obtained":[{"floor":3,"key":"EntropicBrew"},{"floor":3,"key":"FearPotion"},{"floor":12,"key":"SkillPotion"}],"is_trial":false,"path_per_floor":["M","M","?","M","M","R","E","R","T","R","?","E","R","M","R","B"],"character_chosen":"DEFECT","items_purchased":[],"campfire_rested":1,"item_purchase_floors":[],"current_hp_per_floor":[56,55,55,50,44,44,24,24,24,24,24,8,29,27,27,0],"gold":230,"neow_bonus":"RANDOM_COMMON_RELIC","is_prod":false,"is_daily":false,"chose_seed":false,"campfire_upgraded":4,"win_rate":0,"timestamp":1547787444,"path_taken":["M","M","?","?","M","R","E","R","T","R","?","E","R","M","R","BOSS"],"build_version":"2019-01-17","purchased_purges":0,"victory":false,"max_hp_per_floor":[71,71,71,71,71,71,71,71,71,71,71,73,73,73,73,73],"card_choices":[{"not_picked":["Redo","Compile Driver","Sweeping Beam"],"picked":"SKIP","floor":1},{"not_picked":["Blizzard","Leap"],"picked":"Conserve Battery","floor":2},{"not_picked":["Self Repair","Steam Power"],"picked":"Ball Lightning","floor":4},{"not_picked":["Thunder Strike","Compile Driver","Beam Cell"],"picked":"SKIP","floor":5},{"not_picked":["Gash","Redo"],"picked":"Leap","floor":7},{"not_picked":["Rainbow","Static Discharge","Fusion"],"picked":"Singing Bowl","floor":12},{"not_picked":["Compile Driver","Fusion"],"picked":"Self Repair","floor":14}],"player_experience":1140139,"relics_obtained":[{"floor":7,"key":"Singing Bowl"},{"floor":9,"key":"Sundial"},{"floor":12,"key":"Cables"}],"event_choices":[{"damage_healed":0,"gold_gain":0,"player_choice":"Got Potions","damage_taken":0,"max_hp_gain":0,"max_hp_loss":0,"event_name":"Lab","floor":3,"gold_loss":0},{"cards_removed":["Defend_B"],"damage_healed":0,"gold_gain":0,"player_choice":"Forget","damage_taken":0,"max_hp_gain":0,"max_hp_loss":0,"event_name":"Living Wall","floor":11,"gold_loss":0}],"is_beta":false,"boss_relics":[],"items_purged_floors":[],"is_endless":false,"potions_floor_spawned":[5,12],"killed_by":"Slime Boss","ascension_level":17}