{"gold_per_floor":[116,133,58,58,58,94,108,132,132,47,47,63,81,96,96,96],"floor_reached":16,"playtime":721,"items_purged":["Defend_B","Strike_B"],"score":125,"play_id":"69d76c00-2977-4de2-aec7-43b0624b8a4e","local_time":"20190423220455","is_ascension_mode":true,"campfire_choices":[{"data":"Creative AI","floor":11,"key":"SMITH"},{"floor":15,"key":"REST"}],"neow_cost":"NONE","seed_source_timestamp":1135389611799726,"circlet_count":0,"master_deck":["Strike_B","Strike_B+1","Defend_B","Defend_B+1","Defend_B","Zap","Dualcast","Chill","Creative AI+1","Self Repair","Core Surge"],"relics":["Cracked Core","Golden Idol","Smiling Mask"],"potions_floor_usage":[13,13,16,16],"damage_taken":[{"damage":1,"enemies":"Cultist","floor":1,"turns":3},{"damage":2,"enemies":"Jaw Worm","floor":2,"turns":3},{"damage":12,"enemies":"3 Sentries","floor":6,"turns":10},{"damage":5,"enemies":"Small Slimes","floor":7,"turns":3},{"damage":2,"enemies":"2 Fungi Beasts","floor":8,"turns":4},{"damage":10,"enemies":"Large Slime","floor":12,"turns":5},{"damage":14,"enemies":"Exordium Thugs","floor":13,"turns":6},{"damage":2,"enemies":"2 Fungi Beasts","floor":14,"turns":5},{"damage":40,"enemies":"The Guardian","floor":16,"turns":5}],"seed_played":"-5061821215814213777","potions_obtained":[{"floor":6,"key":"Explosive Potion"},{"floor":7,"key":"Energy Potion"},{"floor":8,"key":"SpeedPotion"},{"floor":14,"key":"Poison Potion"}],"is_trial":false,"path_per_floor":["M","M","$","?","?","E","M","M","T","$","R","M","M","M","R","B"],"character_chosen":"DEFECT","items_purchased":["Self Repair"],"campfire_rested":1,"item_purchase_floors":[10],"current_hp_per_floor":[74,72,72,54,39,27,22,20,20,20,20,17,10,15,37,0],"gold":96,"neow_bonus":"REMOVE_CARD","is_prod":false,"is_daily":false,"chose_seed":false,"campfire_upgraded":1,"win_rate":0,"timestamp":1556071495,"path_taken":["M","?","$","?","?","E","M","M","T","$","R","M","M","M","R","BOSS"],"build_version":"2019-01-23","purchased_purges":2,"victory":false,"max_hp_per_floor":[75,75,75,75,75,75,75,75,75,75,75,75,75,75,75,75],"card_choices":[{"not_picked":["Redo","Streamline"],"picked":"Chill","floor":1},{"not_picked":["Go for the Eyes","Cold Snap","Reprogram"],"picked":"SKIP","floor":2},{"not_picked":["Stack","Reinforced Body"],"picked":"Creative AI","floor":6},{"not_picked":["Doom and Gloom","Cold Snap","Gash"],"picked":"SKIP","floor":7},{"not_picked":["Reinforced Body","Stack","Cold Snap"],"picked":"SKIP","floor":8},{"not_picked":["Double Energy","Rip and Tear","Beam Cell"],"picked":"SKIP","floor":12},{"not_picked":["Leap","Turbo","Steam"],"picked":"SKIP","floor":13},{"not_picked":["Go for the Eyes","Blizzard"],"picked":"Core Surge","floor":14}],"player_experience":96330,"relics_obtained":[{"floor":6,"key":"Smiling Mask"}],"event_choices":[{"damage_healed":0,"gold_gain":0,"player_choice":"Take Damage","damage_taken":18,"relics_obtained":["Golden Idol"],"max_hp_gain":0,"max_hp_loss":0,"event_name":"Golden Idol","floor":4,"gold_loss":0},{"damage_healed":0,"gold_gain":0,"player_choice":"Entered Light","damage_taken":15,"max_hp_gain":0,"max_hp_loss":0,"event_name":"Shining Light","floor":5,"gold_loss":0,"cards_upgraded":["Defend_B","Strike_B"]}],"is_beta":false,"boss_relics":[],"items_purged_floors":[3,10],"is_endless":false,"potions_floor_spawned":[6,7,8,12,14],"killed_by":"The Guardian","ascension_level":4}