{"path_per_floor":["M","$","M","?","?","E","$","R","T","M","M","M","?","E","R","B",null,"M","M","M","M","M","R"],"character_chosen":"IRONCLAD","items_purchased":["Metallicize"],"gold_per_floor":[112,37,54,54,54,80,0,0,54,67,86,106,106,132,132,231,231,213,227,247,263,276,276,276],"floor_reached":24,"campfire_rested":2,"playtime":2153,"current_hp_per_floor":[78,78,80,80,68,20,20,44,44,50,45,48,41,54,54,28,80,75,72,66,54,33,57,0],"items_purged":["Strike_R"],"gold":276,"score":252,"play_id":"af001d19-cda3-462e-82f5-255344d5b9f7","local_time":"20180406224830","is_prod":false,"is_daily":false,"is_ascension_mode":true,"campfire_upgraded":1,"timestamp":1523080110,"path_taken":["M","$","M","?","?","E","$","R","T","?","M","M","?","E","R","BOSS","M","M","M","M","M","R","E"],"build_version":"2018-04-05v2","purchased_purges":1,"victory":false,"master_deck":["Strike_R","Defend_R","Defend_R","Defend_R","Defend_R","Bash","Shrug It Off","Twin Strike","Searing Blow+1","Metallicize","Disarm","Metallicize","Shrug It Off","Berserk","Iron Wave","Shrug It Off","Metallicize+1"],"max_hp_per_floor":[80,80,80,80,80,80,80,80,80,80,80,80,80,80,80,80,80,80,80,80,80,80,80,80],"relics":["Burning Blood","Pen Nib","Orichalcum","Dream Catcher","Calipers","Sozu"],"card_choices":[{"not_picked":["Wild Strike","Twin Strike"],"picked":"Shrug It Off","floor":1},{"not_picked":["Feel No Pain","Headbutt"],"picked":"Twin Strike","floor":3},{"not_picked":["Bloodletting","Clash"],"picked":"Searing Blow","floor":6},{"not_picked":["Sentinel","True Grit"],"picked":"Disarm","floor":10},{"not_picked":["Wild Strike","Thunderclap"],"picked":"Metallicize","floor":11},{"not_picked":["Feel No Pain","Hemokinesis"],"picked":"Shrug It Off","floor":14},{"not_picked":["Offering","Immolate"],"picked":"Berserk","floor":16},{"not_picked":["Cleave","Disarm"],"picked":"Iron Wave","floor":19},{"not_picked":["Second Wind","Sword Boomerang"],"picked":"Shrug It Off","floor":21},{"not_picked":["Dropkick","Thunderclap"],"picked":"Metallicize","floor":23}],"player_experience":232286,"potions_floor_usage":[14,16,21,24],"damage_taken":[{"damage":8,"enemies":"Jaw Worm","floor":1,"turns":4},{"damage":1,"enemies":"Small Slimes","floor":3,"turns":6},{"damage":54,"enemies":"Lagavulin","floor":6,"turns":10},{"damage":0,"enemies":"Cultist","floor":10,"turns":2},{"damage":11,"enemies":"Exordium Wildlife","floor":11,"turns":7},{"damage":3,"enemies":"2 Fungi Beasts","floor":12,"turns":4},{"damage":8,"enemies":"3 Sentries","floor":14,"turns":11},{"damage":32,"enemies":"Slime Boss","floor":16,"turns":22},{"damage":11,"enemies":"2 Thieves","floor":18,"turns":4},{"damage":9,"enemies":"Chosen","floor":19,"turns":6},{"damage":12,"enemies":"Snake Plant","floor":20,"turns":7},{"damage":33,"enemies":"3 Cultists","floor":21,"turns":8},{"damage":27,"enemies":"Chosen and Byrds","floor":22,"turns":11},{"damage":67,"enemies":"Gremlin Leader","floor":24,"turns":6}],"event_choices":[{"event_name":"Living Wall","player_choice":"Forget","floor":4,"damage_taken":0},{"event_name":"Scrap Ooze","player_choice":"success","floor":5,"damage_taken":12},{"event_name":"Golden Wing","player_choice":"Card Removal","floor":13,"damage_taken":0}],"boss_relics":[{"not_picked":["Black Star","Runic Pyramid"],"picked":"Sozu"}],"potions_floor_spawned":[6,11,14,16,18,19,20,21],"seed_played":"3982668646493065757","killed_by":"Gremlin Leader","ascension_level":4,"is_trial":false}