{"gold_per_floor":[217,236,199,28,103,136,152,152,225,257,257,257,276,39,39,136,136,156,2,2,2,26,26,45,57,83,97,97,97,22,22,22,121,121,132,143,143,143],"floor_reached":38,"playtime":1867,"items_purged":["Strike_R"],"score":663,"play_id":"1f2d5857-7a06-4acb-8716-09bc2c89bf1c","local_time":"20190117145727","is_ascension_mode":true,"campfire_choices":[{"data":"Havoc","floor":8.0,"key":"SMITH"},{"data":"Bash","floor":12.0,"key":"SMITH"},{"floor":15.0,"key":"REST"},{"data":"Limit Break","floor":23.0,"key":"SMITH"},{"data":"Seeing Red","floor":28.0,"key":"SMITH"},{"floor":32.0,"key":"REST"}],"neow_cost":"NONE","seed_source_timestamp":1021866905884532,"circlet_count":0,"master_deck":["Strike_R","Strike_R","Strike_R","Defend_R","Defend_R","Defend_R","Bash+1","Cleave","Pommel Strike","Intimidate","Ghostly Armor","Thunderclap","Inflame","Double Tap","Havoc+1","Shrug It Off","Immolate","Limit Break+1","Infernal Blade","Fiend Fire","Pummel","Warcry","Carnage+1","Seeing Red+1","Exhume","Clash","Dropkick"],"special_seed":0,"relics":["Burning Blood","Vajra","Mummified Hand","Strawberry","Boot","Velvet Choker","Pen Nib","Enchiridion","Happy Flower","Juzu Bracelet","Mark of Pain"],"potions_floor_usage":[38,38],"damage_taken":[{"damage":6.0,"enemies":"Cultist","floor":1.0,"turns":3.0},{"damage":5.0,"enemies":"Small Slimes","floor":2.0,"turns":3.0},{"damage":35.0,"enemies":"3 Sentries","floor":6.0,"turns":6.0},{"damage":0.0,"enemies":"2 Louse","floor":7.0,"turns":1.0},{"damage":25.0,"enemies":"Lagavulin","floor":10.0,"turns":5.0},{"damage":6.0,"enemies":"Exordium Thugs","floor":13.0,"turns":4.0},{"damage":38.0,"enemies":"Slime Boss","floor":16.0,"turns":8.0},{"damage":20.0,"enemies":"Shell Parasite","floor":18.0,"turns":5.0},{"damage":1.0,"enemies":"Spheric Guardian","floor":24.0,"turns":3.0},{"damage":4.0,"enemies":"Centurion and Healer","floor":25.0,"turns":3.0},{"damage":23.0,"enemies":"Shelled Parasite and Fungi","floor":27.0,"turns":3.0},{"damage":29.0,"enemies":"Automaton","floor":33.0,"turns":6.0},{"damage":8.0,"enemies":"Orb Walker","floor":35.0,"turns":2.0},{"damage":6.0,"enemies":"3 Darklings","floor":36.0,"turns":3.0},{"damage":73,"enemies":"Awakened One","floor":38,"turns":4}],"seed_played":"487496804017431489","potions_obtained":[{"floor":2.0,"key":"Ancient Potion"},{"floor":7.0,"key":"Ancient Potion"},{"floor":16.0,"key":"Strength Potion"},{"floor":24.0,"key":"Block Potion"},{"floor":33.0,"key":"FearPotion"},{"floor":36.0,"key":"PowerPotion"}],"is_trial":false,"path_per_floor":["M","M","$","$","?","E","M","R","T","E","?","R","M","$","R","B",null,"M","$","?","?","T","R","M","M","T","M","R","?","$","$","R","B",null,"M","M","?","B"],"character_chosen":"IRONCLAD","items_purchased":["Intimidate","Ghostly Armor","Thunderclap","Inflame","Boot","Infernal Blade","Pen Nib"],"campfire_rested":2,"item_purchase_floors":[3,4,4,4,14,14,19],"current_hp_per_floor":[80,80,80,80,69,40,46,46,46,34,34,34,34,34,60,28,72,58,58,42,42,42,42,47,49,49,32,32,32,32,32,58,35,74,72,72,72,0],"gold":143,"neow_bonus":"HUNDRED_GOLD","is_prod":false,"is_daily":false,"chose_seed":false,"campfire_upgraded":4,"win_rate":0,"timestamp":1547733447,"path_taken":["M","M","?","$","?","E","M","R","T","E","?","R","M","$","R","BOSS","M","$","?","?","?","R","M","M","T","M","R","?","?","$","R","BOSS","M","M","?","BOSS"],"build_version":"2018-12-20","purchased_purges":1,"victory":false,"max_hp_per_floor":[80,80,80,80,80,80,80,80,80,87,87,87,87,87,87,87,87,87,87,87,87,87,87,87,87,87,87,87,87,87,87,87,87,87,87,87,87,87],"card_choices":[{"not_picked":["Iron Wave","Sword Boomerang"],"picked":"Cleave","floor":1.0},{"not_picked":["Corruption","Disarm"],"picked":"Pommel Strike","floor":2.0},{"not_picked":["Ghostly Armor","Fire Breathing"],"picked":"Double Tap","floor":6.0},{"not_picked":["Inflame","Warcry"],"picked":"Havoc","floor":7.0},{"not_picked":["Dual Wield","Second Wind"],"picked":"Shrug It Off","floor":10.0},{"not_picked":["Body Slam","True Grit"],"picked":"Limit Break","floor":13.0},{"not_picked":["Juggernaut","Double Tap"],"picked":"Fiend Fire","floor":16.0},{"not_picked":["Havoc","Armaments"],"picked":"Pummel","floor":18.0},{"not_picked":["Thunderclap","Havoc"],"picked":"Warcry","floor":24.0},{"not_picked":["Rage","Hemokinesis"],"picked":"Carnage+1","floor":25.0},{"not_picked":["Cleave","Wild Strike"],"picked":"Seeing Red","floor":27.0},{"not_picked":["Juggernaut","Reaper"],"picked":"Exhume","floor":33.0},{"not_picked":["Pommel Strike","Sword Boomerang+1"],"picked":"Clash","floor":35.0},{"not_picked":["True Grit+1","Clothesline+1"],"picked":"Dropkick","floor":36.0}],"player_experience":46991,"relics_obtained":[{"floor":6.0,"key":"Vajra"},{"floor":9.0,"key":"Mummified Hand"},{"floor":10.0,"key":"Strawberry"},{"floor":20.0,"key":"Enchiridion"},{"floor":22.0,"key":"Happy Flower"},{"floor":26.0,"key":"Juzu Bracelet"}],"event_choices":[{"damage_healed":0.0,"max_hp_gain":0.0,"max_hp_loss":0.0,"gold_gain":75.0,"event_name":"World of Goop","player_choice":"Gather Gold","floor":5.0,"gold_loss":0.0,"damage_taken":11.0},{"damage_healed":0.0,"max_hp_gain":0.0,"max_hp_loss":0.0,"gold_gain":0.0,"cards_transformed":["Defend_R"],"event_name":"Transmorgrifier","player_choice":"Transformed","floor":11.0,"gold_loss":0.0,"damage_taken":0.0,"cards_obtained":["Immolate"]},{"damage_healed":0.0,"max_hp_gain":0.0,"max_hp_loss":0.0,"gold_gain":0.0,"event_name":"Cursed Tome","player_choice":"Obtained Book","floor":20.0,"gold_loss":0.0,"damage_taken":16.0},{"cards_removed":["Strike_R"],"damage_healed":0.0,"max_hp_gain":0.0,"max_hp_loss":0.0,"gold_gain":0.0,"event_name":"Back to Basics","player_choice":"Elegance","floor":21.0,"gold_loss":0.0,"damage_taken":0.0},{"damage_healed":0.0,"max_hp_gain":0.0,"max_hp_loss":0.0,"gold_gain":0.0,"event_name":"Match and Keep!","player_choice":"0 cards matched","floor":29.0,"gold_loss":0.0,"damage_taken":0.0,"cards_obtained":[]},{"damage_healed":0.0,"max_hp_gain":0.0,"max_hp_loss":0.0,"gold_gain":0.0,"event_name":"SecretPortal","player_choice":"Took Portal","floor":37.0,"gold_loss":0.0,"damage_taken":0.0}],"is_beta":false,"boss_relics":[{"not_picked":["Empty Cage","Coffee Dripper"],"picked":"Velvet Choker"},{"not_picked":["Lizard Tail","Runic Cube"],"picked":"Mark of Pain"}],"items_purged_floors":[30],"is_endless":false,"potions_floor_spawned":[2,7,16,24,25,33,36],"killed_by":"Awakened One","ascension_level":5}