{"gold_per_floor":[113,130,150,163,213,213,245,205],"floor_reached":8,"playtime":866,"items_purged":[],"score":113,"play_id":"e7cb4633-b931-439f-875e-86a6eb1638b6","local_time":"20190316120905","is_ascension_mode":true,"campfire_choices":[{"data":"Zap","floor":6.0,"key":"SMITH"}],"neow_cost":"TEN_PERCENT_HP_LOSS","seed_source_timestamp":306381240550400,"circlet_count":0,"master_deck":["AscendersBane","Strike_B","Strike_B","Strike_B","Strike_B","Defend_B","Defend_B","Defend_B","Defend_B","Zap+1","Dualcast","Hologram","Cold Snap","Conserve Battery","Ball Lightning"],"special_seed":0,"relics":["Cracked Core","Ginger","Shovel"],"potions_floor_usage":[],"damage_taken":[{"damage":1.0,"enemies":"Cultist","floor":1.0,"turns":4.0},{"damage":0.0,"enemies":"2 Louse","floor":2.0,"turns":2.0},{"damage":2.0,"enemies":"Jaw Worm","floor":3.0,"turns":4.0},{"damage":23.0,"enemies":"Large Slime","floor":4.0,"turns":8.0},{"damage":12.0,"enemies":"3 Sentries","floor":7.0,"turns":8.0},{"damage":34,"enemies":"Exordium Thugs","floor":8,"turns":2}],"seed_played":"2299409633414007884","potions_obtained":[{"floor":4.0,"key":"EssenceOfSteel"},{"floor":7.0,"key":"GamblersBrew"}],"is_trial":false,"path_per_floor":["M","M","M","M","?","R","E","M"],"character_chosen":"DEFECT","items_purchased":[],"campfire_rested":0,"item_purchase_floors":[],"current_hp_per_floor":[63,63,61,38,38,38,26,0],"gold":205,"neow_bonus":"ONE_RARE_RELIC","is_prod":false,"is_daily":false,"chose_seed":false,"campfire_upgraded":1,"win_rate":0,"timestamp":1552734545,"path_taken":["M","?","M","M","?","R","E","?"],"build_version":"2019-01-23","purchased_purges":0,"victory":false,"max_hp_per_floor":[64,64,64,64,64,64,64,64],"card_choices":[{"not_picked":["Compile Driver","Rebound"],"picked":"Hologram","floor":1.0},{"not_picked":["Skim","Blizzard"],"picked":"Cold Snap","floor":2.0},{"not_picked":["Leap","Coolheaded"],"picked":"Conserve Battery","floor":3.0},{"not_picked":["Heatsinks","Barrage"],"picked":"Ball Lightning","floor":4.0},{"not_picked":["Reinforced Body","Streamline","Coolheaded"],"picked":"SKIP","floor":7.0}],"player_experience":512136,"relics_obtained":[{"floor":7.0,"key":"Shovel"}],"event_choices":[{"damage_healed":0.0,"max_hp_gain":0.0,"max_hp_loss":0.0,"gold_gain":50.0,"event_name":"Golden Shrine","player_choice":"Pray","floor":5.0,"gold_loss":0.0,"damage_taken":0.0}],"is_beta":false,"boss_relics":[],"items_purged_floors":[],"is_endless":false,"potions_floor_spawned":[4,7],"killed_by":"Exordium Thugs","ascension_level":19}