{"gold_per_floor":[110,129,149,167,242,242,270,270,270,305,322,335,366,386,386,459,459,429,354,36,36,36,36],"floor_reached":23,"playtime":789,"items_purged":[],"score":428,"play_id":"7ac933c5-a3f7-4115-a353-55291dcb2cf5","local_time":"20180826113649","is_ascension_mode":true,"campfire_choices":[{"data":"Zap","floor":6.0,"key":"SMITH"},{"data":"Dualcast","floor":8.0,"key":"SMITH"},{"data":"Doom and Gloom","floor":15,"key":"SMITH"}],"neow_cost":"NONE","seed_source_timestamp":0,"circlet_count":0,"master_deck":["Strike_B","Strike_B","Defend_B","Defend_B","Defend_B","Defend_B","Zap+1","Dualcast+1","AscendersBane","Ball Lightning","Ball Lightning","Steam","Conserve Battery","Ball Lightning","Doom and Gloom+1","Chill","Thunder Strike","Go for the Eyes","Loop"],"special_seed":0,"relics":["Cracked Core","Symbiotic Virus","Ancient Tea Set","Bottled Lightning","Gremlin Horn","Centennial Puzzle","Ectoplasm","Runic Capacitor"],"potions_floor_usage":[16,16,16],"damage_taken":[{"damage":0.0,"enemies":"Cultist","floor":1.0,"turns":2.0},{"damage":1.0,"enemies":"2 Louse","floor":2.0,"turns":2.0},{"damage":0.0,"enemies":"Small Slimes","floor":3.0,"turns":4.0},{"damage":3.0,"enemies":"Blue Slaver","floor":4.0,"turns":3.0},{"damage":19.0,"enemies":"Lagavulin","floor":7.0,"turns":5.0},{"damage":0.0,"enemies":"3 Sentries","floor":10.0,"turns":4.0},{"damage":0.0,"enemies":"Red Slaver","floor":11.0,"turns":2.0},{"damage":1.0,"enemies":"Looter","floor":12.0,"turns":2.0},{"damage":6.0,"enemies":"Gremlin Nob","floor":13.0,"turns":3.0},{"damage":8,"enemies":"Gremlin Gang","floor":14,"turns":2},{"damage":9,"enemies":"Slime Boss","floor":16,"turns":6},{"damage":9,"enemies":"2 Thieves","floor":18,"turns":2},{"damage":1,"enemies":"Chosen","floor":22,"turns":3},{"damage":48,"enemies":"Slavers","floor":23,"turns":4}],"seed_played":"4323512538410366937","potions_obtained":[{"floor":2.0,"key":"AttackPotion"},{"floor":4.0,"key":"Weak Potion"},{"floor":10.0,"key":"EntropicBrew"},{"floor":13,"key":"Dexterity Potion"}],"is_trial":false,"path_per_floor":["M","M","M","M","T","R","E","R","T","E","M","M","E","M","R","B",null,"M","?","$","?","M"],"character_chosen":"DEFECT","items_purchased":["Runic Capacitor","Loop"],"campfire_rested":0,"item_purchase_floors":[20,20],"current_hp_per_floor":[64,63,63,60,60,60,41,41,41,41,41,40,34,26,26,17,58,49,49,49,49,48,0],"gold":36,"neow_bonus":"TRANSFORM_CARD","is_prod":false,"is_daily":false,"chose_seed":false,"campfire_upgraded":3,"win_rate":0,"timestamp":1535308609,"path_taken":["M","M","?","M","?","R","E","R","T","E","?","M","E","M","R","BOSS","M","?","$","?","?","E"],"build_version":"2018-08-23v2","purchased_purges":0,"victory":false,"max_hp_per_floor":[71,71,71,71,71,71,71,71,71,71,71,71,71,71,71,71,71,71,71,71,71,71,71],"card_choices":[{"not_picked":["Hologram","Static Discharge","Stack"],"picked":"SKIP","floor":1.0},{"not_picked":["Turbo","Beam Cell","Gash"],"picked":"SKIP","floor":2.0},{"not_picked":["Force Field","Lockon"],"picked":"Ball Lightning","floor":3.0},{"not_picked":["Reboot","Streamline"],"picked":"Steam","floor":4.0},{"not_picked":["Turbo","Melter","Barrage"],"picked":"SKIP","floor":7.0},{"not_picked":["Stack","Rebound","Compile Driver"],"picked":"SKIP","floor":10.0},{"not_picked":["Rebound","Steam"],"picked":"Conserve Battery","floor":11.0},{"not_picked":["Recycle","Consume"],"picked":"Ball Lightning","floor":12.0},{"not_picked":["Redo","Hologram"],"picked":"Doom and Gloom","floor":13},{"not_picked":["White Noise","Rip and Tear"],"picked":"Chill","floor":14},{"not_picked":["Hyperbeam","All For One"],"picked":"Thunder Strike","floor":16},{"not_picked":["Turbo","Heatsinks"],"picked":"Go for the Eyes","floor":18},{"not_picked":["Beam Cell","Chill","Hologram"],"picked":"SKIP","floor":22}],"player_experience":800195,"relics_obtained":[{"floor":5.0,"key":"Symbiotic Virus"},{"floor":7.0,"key":"Ancient Tea Set"},{"floor":9.0,"key":"Bottled Lightning"},{"floor":10.0,"key":"Gremlin Horn"},{"floor":13,"key":"Centennial Puzzle"}],"event_choices":[{"event_name":"Beggar","player_choice":"Gave Gold","floor":19,"damage_taken":0},{"event_name":"Golden Shrine","player_choice":"Pray","floor":21,"damage_taken":0}],"is_beta":false,"boss_relics":[{"not_picked":["Coffee Dripper","Eternal Feather"],"picked":"Ectoplasm"}],"items_purged_floors":[],"is_endless":false,"potions_floor_spawned":[2,4,10,13],"killed_by":"Slavers","ascension_level":16}