{"gold_per_floor":[109,41,216,64,139,164,164,180,180,198,233,243,262,272,272,370,370,386,64,78,89,105,138,155,155,231,112,147,147,147,39,39,140,140,153,153,170,270,106,106,140,140,140,140,152,165,179,179,179,179,179,179,71,104,104],"floor_reached":55,"playtime":5212,"items_purged":["Doubt","Strike_B","Defend_B","Defend_B","Defend_B","Strike_B"],"score":989,"play_id":"003d6b68-4a3a-4011-88ad-5e16fdb99c4c","local_time":"20190428184113","is_ascension_mode":true,"campfire_choices":[{"data":"Zap","floor":15,"key":"SMITH"},{"data":"Defragment","floor":25,"key":"SMITH"},{"floor":32,"key":"REST"},{"data":"Defragment","floor":40,"key":"SMITH"},{"data":"Defragment","floor":42,"key":"SMITH"},{"floor":44,"key":"RECALL"},{"data":"Strike_B","floor":49,"key":"PURGE"},{"data":"Self Repair","floor":52,"key":"PURGE"}],"neow_cost":"NONE","seed_source_timestamp":1550702167257409,"circlet_count":0,"master_deck":["Strike_B","Defend_B","Zap+1","Dualcast","Echo Form","Defragment+1","Defragment+1","Seek+1","Glacier+1","Self Repair","Echo Form","Glacier+1","Defragment","Coolheaded+1","White Noise+1","Defragment+1","Buffer","Defragment+1","Double Energy+1","Lockon","Zap+1","Loop"],"relics":["Cracked Core","NeowsBlessing","Smiling Mask","Juzu Bracelet","Toxic Egg 2","Pen Nib","Sozu","DollysMirror","Sundial","Letter Opener","The Courier","Nuclear Battery","Gambling Chip","Lantern","Peace Pipe","Symbiotic Virus"],"potions_floor_usage":[16,16],"damage_taken":[{"damage":0,"enemies":"2 Louse","floor":1,"turns":1},{"damage":0,"enemies":"3 Sentries","floor":6,"turns":1},{"damage":0,"enemies":"Cultist","floor":8,"turns":1},{"damage":6,"enemies":"Jaw Worm","floor":10,"turns":4},{"damage":25,"enemies":"Lagavulin","floor":11,"turns":7},{"damage":19,"enemies":"Large Slime","floor":12,"turns":6},{"damage":12,"enemies":"Exordium Thugs","floor":13,"turns":5},{"damage":9,"enemies":"2 Fungi Beasts","floor":14,"turns":4},{"damage":21,"enemies":"Hexaghost","floor":16,"turns":8},{"damage":7,"enemies":"Chosen","floor":18,"turns":6},{"damage":6,"enemies":"Spheric Guardian","floor":20,"turns":8},{"damage":43,"enemies":"Chosen and Byrds","floor":21,"turns":12},{"damage":21,"enemies":"Shelled Parasite and Fungi","floor":22,"turns":9},{"damage":46,"enemies":"Book of Stabbing","floor":23,"turns":11},{"damage":2,"enemies":"Snecko","floor":24,"turns":9},{"damage":54,"enemies":"Slavers","floor":28,"turns":7},{"damage":35,"enemies":"Collector","floor":33,"turns":10},{"damage":10,"enemies":"3 Darklings","floor":35,"turns":6},{"damage":5,"enemies":"Orb Walker","floor":37,"turns":5},{"damage":0,"enemies":"Mind Bloom Boss Battle","floor":38,"turns":5},{"damage":1,"enemies":"Nemesis","floor":41,"turns":9},{"damage":3,"enemies":"Transient","floor":45,"turns":5},{"damage":0,"enemies":"Writhing Mass","floor":46,"turns":6},{"damage":13,"enemies":"4 Shapes","floor":47,"turns":4},{"damage":42,"enemies":"Time Eater","floor":50,"turns":10},{"damage":46,"enemies":"Shield and Spear","floor":54,"turns":7},{"damage":38,"enemies":"The Heart","floor":55,"turns":3}],"seed_played":"4681893158834216005","potions_obtained":[{"floor":1,"key":"Fire Potion"},{"floor":10,"key":"Poison Potion"},{"floor":11,"key":"Poison Potion"},{"floor":13,"key":"FairyPotion"}],"is_trial":false,"path_per_floor":["M","$","?","$","?","E","?","M","T","M","E","M","M","M","R","B",null,"M","$","M","M","M","E","M","R","T","$","E","?","?","$","R","B",null,"M","?","M","?","$","R","E","R","T","R","M","M","M","?","R","B",null,"R","$","E","B"],"character_chosen":"DEFECT","items_purchased":["Echo Form","Defragment","Glacier+1","DollysMirror","White Noise+1","Defragment","Lantern","Loop"],"campfire_rested":1,"item_purchase_floors":[2,4,19,19,27,31,39,53],"current_hp_per_floor":[68,68,68,68,57,57,57,57,57,58,47,42,44,42,42,21,62,62,62,75,53,60,42,68,68,68,68,42,42,35,35,57,36,65,75,71,71,71,71,71,71,71,71,71,71,71,71,71,71,43,64,64,64,25,0],"gold":104,"neow_bonus":"THREE_ENEMY_KILL","is_prod":false,"is_daily":false,"chose_seed":false,"campfire_upgraded":4,"win_rate":0,"timestamp":1556491273,"path_taken":["M","$","?","$","?","E","?","M","T","M","E","M","M","M","R","BOSS","M","$","M","M","M","E","M","R","T","$","E","?","?","?","R","BOSS","M","?","M","?","$","R","E","R","T","R","M","M","M","?","R","BOSS","R","$","E","BOSS"],"build_version":"2019-01-23","purchased_purges":6,"victory":false,"max_hp_per_floor":[75,75,75,75,75,75,75,75,75,75,75,75,75,75,75,75,75,75,75,75,75,75,75,75,75,75,75,75,75,75,75,75,75,75,75,71,71,71,71,71,71,71,71,71,71,71,71,71,71,71,71,71,71,71,71],"card_choices":[{"not_picked":["Turbo","Cold Snap"],"picked":"Self Repair","floor":1},{"not_picked":["Redo","Turbo"],"picked":"Defragment","floor":6},{"not_picked":["Force Field","Cold Snap","Heatsinks"],"picked":"SKIP","floor":8},{"not_picked":["Blizzard","Fusion+1"],"picked":"Seek+1","floor":10},{"not_picked":["Reprogram+1","Hologram+1","Streamline"],"picked":"SKIP","floor":11},{"not_picked":["Capacitor","Coolheaded+1"],"picked":"Glacier+1","floor":12},{"not_picked":["Ball Lightning","Beam Cell","Rebound"],"picked":"SKIP","floor":13},{"not_picked":["Turbo+1","Barrage"],"picked":"Self Repair","floor":14},{"not_picked":["Rainbow+1","All For One"],"picked":"Echo Form","floor":16},{"not_picked":["Darkness+1","Redo+1","Barrage"],"picked":"SKIP","floor":18},{"not_picked":["Go for the Eyes","Storm","Lockon"],"picked":"SKIP","floor":20},{"not_picked":["Conserve Battery+1","Chaos+1","Glacier+1"],"picked":"SKIP","floor":21},{"not_picked":["Melter","Turbo+1","Reprogram+1"],"picked":"SKIP","floor":22},{"not_picked":["Rebound+1","Hologram+1","Go for the Eyes"],"picked":"SKIP","floor":23},{"not_picked":["Compile Driver","Force Field+1"],"picked":"Coolheaded+1","floor":24},{"not_picked":["Rip and Tear","Redo+1","Seek+1"],"picked":"SKIP","floor":28},{"not_picked":["Echo Form","Reboot+1"],"picked":"Buffer","floor":33},{"not_picked":["Gash+1","Steam+1","Darkness+1"],"picked":"SKIP","floor":35},{"not_picked":["Conserve Battery+1","Rip and Tear+1","Force Field+1"],"picked":"SKIP","floor":37},{"not_picked":["Fusion+1","Hyperbeam","Redo+1"],"picked":"SKIP","floor":41},{"not_picked":["Melter+1","Streamline"],"picked":"Defragment+1","floor":45},{"not_picked":["Hologram+1","Stack+1","Static Discharge+1"],"picked":"SKIP","floor":46},{"not_picked":["Hello World+1","Leap+1"],"picked":"Double Energy+1","floor":47},{"not_picked":["Go for the Eyes","Core Surge","Steam Power+1"],"picked":"SKIP","floor":54}],"player_experience":112221,"relics_obtained":[{"floor":6,"key":"Smiling Mask"},{"floor":9,"key":"Toxic Egg 2"},{"floor":11,"key":"Pen Nib"},{"floor":23,"key":"Sundial"},{"floor":26,"key":"Letter Opener"},{"floor":28,"key":"The Courier"},{"floor":38,"key":"Gambling Chip"},{"floor":41,"key":"Peace Pipe"},{"floor":54,"key":"Symbiotic Virus"}],"event_choices":[{"damage_healed":0,"gold_gain":175,"player_choice":"AGREE","damage_taken":0,"max_hp_gain":0,"max_hp_loss":0,"event_name":"Liars Game","floor":3,"gold_loss":0,"cards_obtained":["Doubt"]},{"damage_healed":0,"gold_gain":75,"player_choice":"Gather Gold","damage_taken":11,"max_hp_gain":0,"max_hp_loss":0,"event_name":"World of Goop","floor":5,"gold_loss":0},{"damage_healed":0,"gold_gain":0,"player_choice":"Gave Potion","damage_taken":0,"relics_obtained":["Juzu Bracelet"],"max_hp_gain":0,"max_hp_loss":0,"event_name":"WeMeetAgain","floor":7,"gold_loss":0},{"damage_healed":0,"gold_gain":0,"player_choice":"Got Potions","damage_taken":0,"max_hp_gain":0,"max_hp_loss":0,"event_name":"Lab","floor":29,"gold_loss":0},{"damage_healed":0,"gold_gain":0,"player_choice":"","damage_taken":7,"max_hp_gain":0,"max_hp_loss":0,"event_name":"Knowing Skull","floor":30,"potions_obtained":[],"gold_loss":0,"cards_obtained":[]},{"damage_healed":0,"gold_gain":0,"player_choice":"Max HP","damage_taken":0,"max_hp_gain":0,"max_hp_loss":4,"event_name":"Winding Halls","floor":36,"gold_loss":0},{"damage_healed":0,"gold_gain":0,"player_choice":"Fight","damage_taken":0,"max_hp_gain":0,"max_hp_loss":0,"event_name":"MindBloom","floor":38,"gold_loss":0},{"damage_healed":0,"gold_gain":0,"player_choice":"2 cards matched","damage_taken":0,"max_hp_gain":0,"max_hp_loss":0,"event_name":"Match and Keep!","floor":48,"gold_loss":0,"cards_obtained":["Lockon","Zap"]}],"is_beta":false,"boss_relics":[{"not_picked":["Velvet Choker","Runic Pyramid"],"picked":"Sozu"},{"not_picked":["Eternal Feather","Busted Crown"],"picked":"Nuclear Battery"}],"items_purged_floors":[4,19,27,31,39,53],"is_endless":false,"potions_floor_spawned":[1,10,11,13,14,18,21,23,24,28,33,37,41,45,46],"killed_by":"The Heart","ascension_level":6}