{"gold_per_floor":[119,133,133,83,98,129,140,158,205,175,185,185,195,208,208,309,309,284,297,309,328,60,60,77,87,87,105,123,123,150,161,161,266,266,278,291,67,82,96,96,144,144,144,175,194,210,3,17,17,17],"floor_reached":51,"playtime":3260,"items_purged":["Fiend Fire","Strike_R","Strike_R"],"score":763,"play_id":"e8bc0f49-41c3-4173-9546-5c69876cbb34","local_time":"20190427031735","is_ascension_mode":false,"campfire_choices":[{"data":"Metallicize","floor":12.0,"key":"SMITH"},{"data":"Bash","floor":15.0,"key":"SMITH"},{"data":"Bludgeon","floor":23.0,"key":"SMITH"},{"data":"Metallicize","floor":29.0,"key":"SMITH"},{"data":"Clothesline","floor":32.0,"key":"SMITH"},{"data":"Limit Break","floor":40.0,"key":"SMITH"},{"data":"Heavy Blade","floor":42.0,"key":"SMITH"},{"data":"Metallicize","floor":49,"key":"SMITH"}],"neow_cost":"NONE","seed_source_timestamp":51717301177600,"circlet_count":0,"master_deck":["Strike_R","Strike_R+1","Defend_R","Defend_R","Defend_R","Defend_R","Bash+1","Metallicize+1","Clothesline+1","Iron Wave+1","Disarm","Iron Wave","Reaper","Metallicize+1","Shockwave","Bludgeon+1","Shrug It Off","Impervious","True Grit+1","Shrug It Off+1","Limit Break+1","Sever Soul+1","Sword Boomerang","Heavy Blade+1","Headbutt+1","Armaments+1","Metallicize+1","Parasite","Disarm+1"],"special_seed":0,"relics":["Burning Blood","Whetstone","Ancient Tea Set","Velvet Choker","Vajra","Juzu Bracelet","Busted Crown","Turnip","Sundial","Shuriken"],"potions_floor_usage":[50,50],"damage_taken":[{"damage":0.0,"enemies":"Cultist","floor":1.0,"turns":2.0},{"damage":0.0,"enemies":"2 Louse","floor":2.0,"turns":4.0},{"damage":3.0,"enemies":"Small Slimes","floor":5.0,"turns":3.0},{"damage":8.0,"enemies":"Gremlin Nob","floor":6.0,"turns":4.0},{"damage":5.0,"enemies":"2 Fungi Beasts","floor":7.0,"turns":5.0},{"damage":4.0,"enemies":"Blue Slaver","floor":8.0,"turns":4.0},{"damage":5.0,"enemies":"Looter","floor":10.0,"turns":4.0},{"damage":9.0,"enemies":"Lots of Slimes","floor":11.0,"turns":2.0},{"damage":1.0,"enemies":"Large Slime","floor":13.0,"turns":6.0},{"damage":6.0,"enemies":"2 Fungi Beasts","floor":14.0,"turns":5.0},{"damage":0.0,"enemies":"Hexaghost","floor":16.0,"turns":11.0},{"damage":17.0,"enemies":"2 Thieves","floor":18.0,"turns":5.0},{"damage":17.0,"enemies":"Spheric Guardian","floor":19.0,"turns":5.0},{"damage":15.0,"enemies":"Snake Plant","floor":20.0,"turns":6.0},{"damage":10.0,"enemies":"Chosen and Byrds","floor":21.0,"turns":8.0},{"damage":3.0,"enemies":"Cultist and Chosen","floor":24.0,"turns":6.0},{"damage":8.0,"enemies":"Shelled Parasite and Fungi","floor":25.0,"turns":6.0},{"damage":4.0,"enemies":"Snecko","floor":27.0,"turns":4.0},{"damage":15.0,"enemies":"Centurion and Healer","floor":28.0,"turns":7.0},{"damage":12.0,"enemies":"Gremlin Leader","floor":30.0,"turns":9.0},{"damage":8.0,"enemies":"Shelled Parasite and Fungi","floor":31.0,"turns":8.0},{"damage":78.0,"enemies":"Automaton","floor":33.0,"turns":15.0},{"damage":0.0,"enemies":"3 Darklings","floor":35.0,"turns":7.0},{"damage":7.0,"enemies":"Orb Walker","floor":36.0,"turns":4.0},{"damage":17.0,"enemies":"Maw","floor":38.0,"turns":8.0},{"damage":28.0,"enemies":"Sphere and 2 Shapes","floor":39.0,"turns":8.0},{"damage":17.0,"enemies":"2 Orb Walkers","floor":41.0,"turns":5.0},{"damage":54.0,"enemies":"Reptomancer","floor":44.0,"turns":11.0},{"damage":28.0,"enemies":"3 Darklings","floor":45.0,"turns":6.0},{"damage":7.0,"enemies":"4 Shapes","floor":46.0,"turns":6.0},{"damage":12,"enemies":"Writhing Mass","floor":48,"turns":7},{"damage":26,"enemies":"Time Eater","floor":50,"turns":12}],"seed_played":"-7675276206081828517","potions_obtained":[{"floor":1.0,"key":"SteroidPotion"},{"floor":6.0,"key":"PowerPotion"},{"floor":8.0,"key":"SpeedPotion"},{"floor":11.0,"key":"Dexterity Potion"},{"floor":14.0,"key":"Poison Potion"},{"floor":19.0,"key":"PowerPotion"},{"floor":21.0,"key":"Energy Potion"},{"floor":25.0,"key":"SkillPotion"},{"floor":27.0,"key":"AttackPotion"},{"floor":33.0,"key":"Fruit Juice"},{"floor":35.0,"key":"BloodPotion"},{"floor":38.0,"key":"Swift Potion"},{"floor":41.0,"key":"Strength Potion"},{"floor":45.0,"key":"Swift Potion"},{"floor":48,"key":"SneckoOil"}],"is_trial":false,"path_per_floor":["M","M","T","?","M","E","M","M","T","M","M","R","M","M","R","B",null,"M","M","M","M","$","R","M","M","T","M","M","R","E","M","R","B",null,"M","M","$","M","M","R","?","R","T","E","M","M","$","M","R","B",null],"character_chosen":"IRONCLAD","items_purchased":["Bludgeon","Shrug It Off","Sword Boomerang","Heavy Blade","PowerPotion","Metallicize"],"campfire_rested":0,"item_purchase_floors":[22,22,37,37,37,47],"current_hp_per_floor":[80,80,80,80,80,78,79,80,80,80,77,77,80,80,80,80,80,75,68,63,68,68,68,79,80,80,80,78,78,78,79,79,14,80,80,79,79,79,65,65,72,72,72,37,30,61,61,55,55,47],"gold":17,"neow_bonus":"ONE_RANDOM_RARE_CARD","is_prod":false,"is_daily":false,"chose_seed":false,"campfire_upgraded":8,"win_rate":0,"timestamp":1556360255,"path_taken":["M","M","?","?","M","E","M","M","T","M","M","R","M","M","R","BOSS","M","M","M","M","$","R","M","M","T","M","M","R","E","M","R","BOSS","M","M","$","M","M","R","?","R","T","E","M","M","$","M","R","BOSS"],"build_version":"2019-01-23","purchased_purges":3,"victory":true,"max_hp_per_floor":[80,80,80,80,80,80,80,80,80,80,80,80,80,80,80,80,80,80,80,80,80,80,80,80,80,80,80,80,80,80,80,80,80,80,80,80,80,85,85,85,85,85,85,85,85,85,85,85,85,85],"card_choices":[{"not_picked":["Pummel","Armaments"],"picked":"Metallicize","floor":1.0},{"not_picked":["Blood for Blood","Cleave"],"picked":"Clothesline","floor":2.0},{"not_picked":["Heavy Blade","Rupture","Flex"],"picked":"SKIP","floor":5.0},{"not_picked":["Headbutt","Burning Pact"],"picked":"Iron Wave","floor":6.0},{"not_picked":["Feed","Flex"],"picked":"Disarm","floor":7.0},{"not_picked":["Warcry","Sword Boomerang","Clothesline"],"picked":"SKIP","floor":8.0},{"not_picked":["Rage","Heavy Blade","Clash"],"picked":"SKIP","floor":10.0},{"not_picked":["Heavy Blade","Anger","Evolve"],"picked":"SKIP","floor":11.0},{"not_picked":["Combust","Burning Pact"],"picked":"Iron Wave","floor":13.0},{"not_picked":["Corruption","Dual Wield","Cleave"],"picked":"SKIP","floor":14.0},{"not_picked":["Impervious","Fiend Fire"],"picked":"Reaper","floor":16.0},{"not_picked":["Thunderclap+1","Havoc+1"],"picked":"Metallicize","floor":18.0},{"not_picked":["Headbutt+1","Armaments","Heavy Blade"],"picked":"SKIP","floor":19.0},{"not_picked":["Infernal Blade","Shrug It Off"],"picked":"Shockwave","floor":20.0},{"not_picked":["Body Slam","Flex+1","Twin Strike+1"],"picked":"SKIP","floor":21.0},{"not_picked":["Havoc","Headbutt","Second Wind+1"],"picked":"SKIP","floor":24.0},{"not_picked":["Clothesline+1","Thunderclap+1","Headbutt"],"picked":"SKIP","floor":25.0},{"not_picked":["Power Through","Clash","Searing Blow+1"],"picked":"SKIP","floor":27.0},{"not_picked":["Havoc","Armaments+1"],"picked":"Impervious","floor":28.0},{"not_picked":["Heavy Blade","Clothesline"],"picked":"True Grit+1","floor":30.0},{"not_picked":["Dark Embrace","Pommel Strike"],"picked":"Shrug It Off+1","floor":31.0},{"not_picked":["Exhume","Fiend Fire"],"picked":"Limit Break","floor":33.0},{"not_picked":["Infernal Blade"],"picked":"SKIP","floor":35.0},{"not_picked":[],"picked":"Sever Soul+1","floor":36.0},{"not_picked":["Clothesline+1"],"picked":"SKIP","floor":38.0},{"not_picked":["Sever Soul"],"picked":"SKIP","floor":39.0},{"not_picked":[],"picked":"Headbutt+1","floor":41.0},{"not_picked":[],"picked":"Armaments+1","floor":44.0},{"not_picked":["Flex+1"],"picked":"SKIP","floor":45.0},{"not_picked":["Pommel Strike"],"picked":"SKIP","floor":46.0},{"not_picked":[],"picked":"Disarm+1","floor":48}],"player_experience":1274865,"relics_obtained":[{"floor":6.0,"key":"Whetstone"},{"floor":9.0,"key":"Ancient Tea Set"},{"floor":26.0,"key":"Vajra"},{"floor":30.0,"key":"Juzu Bracelet"},{"floor":41.0,"key":"Turnip"},{"floor":43.0,"key":"Sundial"},{"floor":44.0,"key":"Shuriken"}],"event_choices":[{"cards_removed":["Strike_R"],"damage_healed":0.0,"max_hp_gain":0.0,"max_hp_loss":0.0,"gold_gain":0.0,"event_name":"The Cleric","player_choice":"Card Removal","floor":4.0,"gold_loss":50.0,"damage_taken":0.0},{"damage_healed":0.0,"max_hp_gain":0.0,"max_hp_loss":0.0,"gold_gain":0.0,"event_name":"Mysterious Sphere","player_choice":"Fight","floor":41.0,"gold_loss":0.0,"damage_taken":0.0}],"is_beta":false,"boss_relics":[{"not_picked":["Fusion Hammer","Black Star"],"picked":"Velvet Choker"},{"not_picked":["Tiny House","Calling Bell"],"picked":"Busted Crown"}],"items_purged_floors":[22,37,47],"is_endless":false,"potions_floor_spawned":[1,6,8,11,14,19,21,25,27,33,35,38,41,45,48],"ascension_level":0}