{"gold_per_floor":[119,44,44,63,63,93,93,106,106,118,118,118,129,163,163,163],"floor_reached":16,"playtime":936,"items_purged":["Strike_G"],"score":121,"play_id":"04583d50-4cdc-4e27-9044-25dc5fcb9a51","local_time":"20190421164136","is_ascension_mode":true,"campfire_choices":[{"data":"Dash","floor":7,"key":"SMITH"},{"data":"Leg Sweep","floor":12,"key":"SMITH"},{"data":"Flechettes","floor":15,"key":"SMITH"}],"neow_cost":"NONE","seed_source_timestamp":942955536717247,"circlet_count":0,"master_deck":["Defend_G","Defend_G","Defend_G","Defend_G","Defend_G","Strike_G","Strike_G","Strike_G","Strike_G","Survivor","Neutralize","Leg Sweep+1","Dash+1","Blur","Cloak And Dagger","Backflip","Dodge and Roll","Deadly Poison","Flechettes+1"],"relics":["Ring of the Snake","Question Card","Prayer Wheel","Juzu Bracelet","Vajra"],"potions_floor_usage":[16],"damage_taken":[{"damage":0,"enemies":"2 Louse","floor":1,"turns":3},{"damage":0,"enemies":"Jaw Worm","floor":4,"turns":5},{"damage":33,"enemies":"3 Sentries","floor":6,"turns":19},{"damage":0,"enemies":"Cultist","floor":8,"turns":5},{"damage":5,"enemies":"2 Fungi Beasts","floor":10,"turns":6},{"damage":0,"enemies":"Looter","floor":13,"turns":5},{"damage":1,"enemies":"Gremlin Nob","floor":14,"turns":7},{"damage":25,"enemies":"Slime Boss","floor":16,"turns":7}],"seed_played":"-440642130625392693","potions_obtained":[{"floor":4,"key":"Ancient Potion"},{"floor":13,"key":"AttackPotion"}],"is_trial":false,"path_per_floor":["M","$","?","M","$","E","R","M","T","M","?","R","M","E","R","B"],"character_chosen":"THE_SILENT","items_purchased":[],"campfire_rested":0,"item_purchase_floors":[],"current_hp_per_floor":[77,77,70,70,70,37,37,37,37,32,25,25,25,24,24,0],"gold":163,"neow_bonus":"TEN_PERCENT_HP_BONUS","is_prod":false,"is_daily":false,"chose_seed":false,"campfire_upgraded":3,"win_rate":0,"timestamp":1555879296,"path_taken":["M","$","?","M","$","E","R","M","T","M","?","R","M","E","R","BOSS"],"build_version":"2019-01-23","purchased_purges":1,"victory":false,"max_hp_per_floor":[77,77,77,77,77,77,77,77,77,77,77,77,77,77,77,77],"card_choices":[{"not_picked":["Underhanded Strike","Poisoned Stab"],"picked":"Leg Sweep","floor":1},{"not_picked":["Dagger Spray","Flying Knee","Heel Hook","Poisoned Stab"],"picked":"SKIP","floor":4},{"not_picked":["Crippling Poison","Masterful Stab","Choke"],"picked":"Dash","floor":6},{"not_picked":["Heel Hook","Deflect","Poisoned Stab"],"picked":"Blur","floor":8},{"not_picked":["Underhanded Strike","Dagger Throw","Outmaneuver"],"picked":"Cloak And Dagger","floor":8},{"not_picked":["Crippling Poison","Quick Slash","Masterful Stab"],"picked":"Backflip","floor":10},{"not_picked":["Bullet Time","Sucker Punch","Concentrate"],"picked":"Dodge and Roll","floor":10},{"not_picked":["Choke","Prepared","Riddle With Holes"],"picked":"Deadly Poison","floor":13},{"not_picked":["Endless Agony","Backflip","Quick Slash","Sucker Punch"],"picked":"SKIP","floor":13},{"not_picked":["Deflect","Sucker Punch","Deadly Poison"],"picked":"Flechettes","floor":14}],"player_experience":68620,"relics_obtained":[{"floor":6,"key":"Prayer Wheel"},{"floor":9,"key":"Juzu Bracelet"},{"floor":14,"key":"Vajra"}],"event_choices":[{"damage_healed":0,"gold_gain":0,"player_choice":"Success","damage_taken":7,"relics_obtained":["Question Card"],"max_hp_gain":0,"max_hp_loss":0,"event_name":"Scrap Ooze","floor":3,"gold_loss":0},{"damage_healed":0,"gold_gain":0,"player_choice":"Damaged","damage_taken":7,"max_hp_gain":0,"max_hp_loss":0,"event_name":"Wheel of Change","floor":11,"gold_loss":0}],"is_beta":false,"boss_relics":[],"items_purged_floors":[2],"is_endless":false,"potions_floor_spawned":[4,13],"killed_by":"Slime Boss","ascension_level":2}