{"gold_per_floor":[119,134,154,174,186,186,198,198,198,198,211,211,211,50,50,146,146,165,178,178,178,178,178,196,221,221,221,239,260,260,275,275,275],"floor_reached":33,"playtime":1824,"items_purged":["Injury"],"score":466,"play_id":"ed835b20-ff8a-445c-a992-47cfbdcf0d16","local_time":"20190131232207","is_ascension_mode":true,"campfire_choices":[{"data":"Crippling Poison","floor":6,"key":"SMITH"},{"floor":8,"key":"REST"},{"floor":15,"key":"REST"},{"floor":23,"key":"REST"},{"data":"Envenom","floor":27,"key":"SMITH"},{"floor":30,"key":"REST"},{"data":"Noxious Fumes","floor":32,"key":"SMITH"}],"neow_cost":"NONE","seed_source_timestamp":31496064210462,"circlet_count":0,"master_deck":["AscendersBane","Defend_G+1","Defend_G+1","Defend_G+1","Defend_G+1","Defend_G+1","Strike_G+1","Strike_G+1","Strike_G+1","Strike_G+1","Strike_G+1","Survivor","Neutralize","Bouncing Flask","Crippling Poison+1","Backstab","Noxious Fumes+1","Envenom+1","Predator+1","Backflip","Deflect","Well Laid Plans","PiercingWail"],"relics":["Ring of the Snake","Bottled Lightning","Golden Idol","Sozu","Enchiridion","Mummified Hand"],"potions_floor_usage":[13,16,25],"damage_taken":[{"damage":4,"enemies":"Jaw Worm","floor":1,"turns":5},{"damage":13,"enemies":"Small Slimes","floor":2,"turns":5},{"damage":1,"enemies":"Cultist","floor":3,"turns":4},{"damage":21,"enemies":"Large Slime","floor":4,"turns":7},{"damage":10,"enemies":"2 Fungi Beasts","floor":5,"turns":4},{"damage":6,"enemies":"Looter","floor":7,"turns":4},{"damage":5,"enemies":"Exordium Wildlife","floor":11,"turns":4},{"damage":0,"enemies":"Red Slaver","floor":13,"turns":1},{"damage":12,"enemies":"Hexaghost","floor":16,"turns":8},{"damage":11,"enemies":"Chosen","floor":18,"turns":5},{"damage":0,"enemies":"3 Byrds","floor":19,"turns":4},{"damage":9,"enemies":"Centurion and Healer","floor":24,"turns":6},{"damage":8,"enemies":"Chosen and Byrds","floor":25,"turns":5},{"damage":3,"enemies":"Snecko","floor":28,"turns":4},{"damage":0,"enemies":"3 Cultists","floor":29,"turns":4},{"damage":5,"enemies":"Snake Plant","floor":31,"turns":3},{"damage":44,"enemies":"Automaton","floor":33,"turns":6}],"seed_played":"3748759801582861306","potions_obtained":[{"floor":4,"key":"Swift Potion"},{"floor":5,"key":"SmokeBomb"},{"floor":11,"key":"Poison Potion"},{"floor":16,"key":"GamblersBrew"}],"is_trial":false,"path_per_floor":["M","M","M","M","M","R","M","R","T","?","M","?","M","$","R","B",null,"M","M","?","?","?","R","M","M","T","R","M","M","R","M","R","B"],"character_chosen":"THE_SILENT","items_purchased":["Noxious Fumes"],"campfire_rested":4,"item_purchase_floors":[14],"current_hp_per_floor":[61,48,47,26,16,16,10,31,31,9,4,4,4,4,25,13,57,46,46,46,46,25,46,37,29,29,29,26,26,47,42,42,0],"gold":275,"neow_bonus":"TEN_PERCENT_HP_BONUS","is_prod":false,"is_daily":false,"chose_seed":false,"campfire_upgraded":3,"win_rate":0,"timestamp":1549005727,"path_taken":["M","M","M","M","M","R","M","R","T","?","M","?","?","?","R","BOSS","M","M","?","?","?","R","M","M","T","R","?","M","R","M","R","BOSS"],"build_version":"2019-01-23","purchased_purges":1,"victory":false,"max_hp_per_floor":[72,72,72,72,72,72,72,72,72,72,72,72,72,72,72,72,72,72,72,72,72,72,72,72,72,72,72,72,72,72,72,72,72],"card_choices":[{"not_picked":["Bane","Dagger Spray"],"picked":"Bouncing Flask","floor":1},{"not_picked":["Blade Dance","Slice","Accuracy"],"picked":"SKIP","floor":2},{"not_picked":["Poisoned Stab","Concentrate","Blade Dance"],"picked":"SKIP","floor":3},{"not_picked":["Finisher","Quick Slash","Flying Knee"],"picked":"SKIP","floor":4},{"not_picked":["Dash","Poisoned Stab"],"picked":"Crippling Poison","floor":5},{"not_picked":["Cloak And Dagger","Slice"],"picked":"Backstab","floor":7},{"not_picked":["Reflex","Predator","Blade Dance"],"picked":"SKIP","floor":11},{"not_picked":["Night Terror","Wraith Form v2"],"picked":"Envenom","floor":16},{"not_picked":["Predator","Tactician","Bane"],"picked":"SKIP","floor":18},{"not_picked":["Setup","Cloak And Dagger"],"picked":"Predator+1","floor":19},{"not_picked":["All Out Attack","Underhanded Strike+1","Choke"],"picked":"SKIP","floor":24},{"not_picked":["Terror","Deadly Poison"],"picked":"Backflip","floor":25},{"not_picked":["Bane","Blade Dance"],"picked":"Deflect","floor":28},{"not_picked":["Backflip","Terror"],"picked":"Well Laid Plans","floor":29},{"not_picked":["Eviscerate","Underhanded Strike"],"picked":"PiercingWail","floor":31}],"player_experience":1196253,"relics_obtained":[{"floor":9,"key":"Bottled Lightning"},{"floor":22,"key":"Enchiridion"},{"floor":26,"key":"Mummified Hand"}],"event_choices":[{"damage_healed":0,"gold_gain":0,"player_choice":"Entered Light","damage_taken":22,"max_hp_gain":0,"max_hp_loss":0,"event_name":"Shining Light","floor":10,"gold_loss":0,"cards_upgraded":["Strike_G","Strike_G"]},{"damage_healed":0,"gold_gain":0,"player_choice":"Take Wound","damage_taken":0,"relics_obtained":["Golden Idol"],"max_hp_gain":0,"max_hp_loss":0,"event_name":"Golden Idol","floor":12,"gold_loss":0,"cards_obtained":["Injury"]},{"damage_healed":0,"gold_gain":0,"player_choice":"Simplicity","damage_taken":0,"max_hp_gain":0,"max_hp_loss":0,"event_name":"Back to Basics","floor":20,"gold_loss":0,"cards_upgraded":["Defend_G","Defend_G","Defend_G","Defend_G","Defend_G","Strike_G","Strike_G","Strike_G"]},{"damage_healed":0,"gold_gain":0,"player_choice":"Ignored","damage_taken":0,"max_hp_gain":0,"max_hp_loss":0,"event_name":"Ghosts","floor":21,"gold_loss":0},{"damage_healed":0,"gold_gain":0,"player_choice":"Obtained Book","damage_taken":21,"max_hp_gain":0,"max_hp_loss":0,"event_name":"Cursed Tome","floor":22,"gold_loss":0}],"is_beta":false,"boss_relics":[{"not_picked":["Ectoplasm","Busted Crown"],"picked":"Sozu"}],"items_purged_floors":[14],"is_endless":false,"potions_floor_spawned":[4,5,11,16,24,28,31],"killed_by":"Automaton","ascension_level":18}