{"gold_per_floor":[111,36,36,36,51,51,64,77,101,101,118,136,136,11,11,114,114,128,128,3,19,19,19,39,39,39,39,55,55,154,168,168,168],"floor_reached":33,"playtime":2182,"items_purged":["Strike_R","Strike_R"],"score":312,"play_id":"6432580b-557a-4084-bf05-33b0c66b8d6a","local_time":"20180826221035","is_ascension_mode":false,"campfire_choices":[{"data":"Bash","floor":6.0,"key":"SMITH"},{"data":"Twin Strike","floor":10.0,"key":"SMITH"},{"data":"Metallicize","floor":13.0,"key":"SMITH"},{"data":"Clothesline","floor":15.0,"key":"SMITH"},{"data":"Reaper","floor":23.0,"key":"SMITH"},{"floor":25.0,"key":"REST"},{"floor":27.0,"key":"REST"},{"data":"Barricade","floor":32,"key":"SMITH"}],"neow_cost":"NONE","seed_source_timestamp":0,"circlet_count":0,"master_deck":["Defend_R+1","Defend_R","Defend_R","Bash+1","Warcry","Twin Strike+1","Clothesline+1","Metallicize+1","Shrug It Off","Barricade+1","Reaper+1","Shrug It Off","Flame Barrier","Bite","Bite","Bite","Bite","Bite"],"special_seed":0,"relics":["Lizard Tail"],"potions_floor_usage":[33],"damage_taken":[{"damage":4.0,"enemies":"Small Slimes","floor":1.0,"turns":4.0},{"damage":5.0,"enemies":"Jaw Worm","floor":5.0,"turns":4.0},{"damage":1.0,"enemies":"2 Louse","floor":7.0,"turns":3.0},{"damage":2.0,"enemies":"Blue Slaver","floor":8.0,"turns":4.0},{"damage":2.0,"enemies":"Looter","floor":11.0,"turns":3.0},{"damage":8.0,"enemies":"Exordium Wildlife","floor":12.0,"turns":3.0},{"damage":0.0,"enemies":"Slime Boss","floor":16.0,"turns":8.0},{"damage":26.0,"enemies":"2 Thieves","floor":18.0,"turns":5.0},{"damage":28.0,"enemies":"3 Byrds","floor":21.0,"turns":8.0},{"damage":87.0,"enemies":"3 Cultists","floor":24.0,"turns":8.0},{"damage":37.0,"enemies":"Sentry and Sphere","floor":28.0,"turns":12.0},{"damage":11.0,"enemies":"Centurion and Healer","floor":31.0,"turns":14.0},{"damage":63,"enemies":"Collector","floor":33,"turns":8}],"seed_played":"8796811420615030915","potions_obtained":[{"floor":5.0,"key":"Dexterity Potion"},{"floor":7.0,"key":"Strength Potion"},{"floor":18.0,"key":"PowerPotion"}],"is_trial":false,"path_per_floor":["M","$","?","?","M","R","M","M","T","R","M","M","R","$","R","B",null,"M","T","$","M","?","R","M","R","T","R","M","?","?","M","R"],"character_chosen":"IRONCLAD","items_purchased":["Shrug It Off","Reaper","SkillPotion"],"campfire_rested":2,"item_purchase_floors":[14,20,20],"current_hp_per_floor":[76,76,76,60,55,55,54,52,52,52,50,42,42,42,42,42,80,54,54,54,32,32,32,10,34,34,58,26,26,26,54,54,0],"gold":168,"neow_bonus":"BOSS_RELIC","is_prod":false,"is_daily":false,"chose_seed":false,"campfire_upgraded":6,"win_rate":0,"timestamp":1535339435,"path_taken":["M","$","?","?","M","R","?","M","T","R","M","M","R","$","R","BOSS","M","?","$","M","?","R","M","R","T","R","M","?","?","M","R","BOSS"],"build_version":"2018-08-23v2","purchased_purges":2,"victory":false,"max_hp_per_floor":[80,80,80,80,80,80,80,80,80,80,80,80,80,80,80,80,80,80,80,80,80,80,80,80,80,80,80,80,56,56,56,56,56],"card_choices":[{"not_picked":["Warcry","Flex","Burning Pact"],"picked":"SKIP","floor":1.0},{"not_picked":["Heavy Blade","Wild Strike","Corruption"],"picked":"SKIP","floor":5.0},{"not_picked":["Reckless Charge","Body Slam"],"picked":"Warcry","floor":7.0},{"not_picked":["Wild Strike","Body Slam"],"picked":"Twin Strike","floor":8.0},{"not_picked":["Sword Boomerang","Disarm"],"picked":"Clothesline","floor":11.0},{"not_picked":["Thunderclap","Disarm"],"picked":"Metallicize","floor":12.0},{"not_picked":["Immolate","Brutality"],"picked":"Barricade","floor":16.0},{"not_picked":["Pummel","Clothesline","Havoc+1"],"picked":"SKIP","floor":18.0},{"not_picked":["Warcry","Armaments","Blood for Blood"],"picked":"SKIP","floor":21.0},{"not_picked":["Heavy Blade","Anger"],"picked":"Shrug It Off","floor":24.0},{"not_picked":["Evolve","Infernal Blade+1"],"picked":"Flame Barrier","floor":28.0},{"not_picked":["Clash","Carnage","Fire Breathing"],"picked":"SKIP","floor":31.0}],"player_experience":370573,"relics_obtained":[],"event_choices":[{"event_name":"Living Wall","player_choice":"Forget","floor":3.0,"damage_taken":0.0},{"event_name":"Shining Light","player_choice":"Entered Light","floor":4.0,"damage_taken":0.0},{"event_name":"Cursed Tome","player_choice":"Ignored","floor":22.0,"damage_taken":0.0},{"event_name":"Vampires","player_choice":"Became a vampire","floor":29.0,"damage_taken":0.0},{"event_name":"Nest","player_choice":"Stole From Cult","floor":30.0,"damage_taken":0.0}],"is_beta":false,"boss_relics":[{"not_picked":["Orrery","Empty Cage","Eternal Feather"]}],"items_purged_floors":[2,14],"is_endless":false,"potions_floor_spawned":[5,7,18],"killed_by":"Collector","ascension_level":0}