{"gold_per_floor":[115,132,132,57,72,86,86,118,141,141,141,91,91,101,101,101],"floor_reached":16,"playtime":422,"items_purged":["Defend_B"],"score":120,"play_id":"895f6e06-5e7a-4c4c-a2a4-ecee91036371","local_time":"20190423215032","is_ascension_mode":true,"campfire_choices":[{"data":"Loop","floor":10,"key":"SMITH"},{"floor":15,"key":"REST"}],"neow_cost":"NONE","seed_source_timestamp":1134844532117357,"circlet_count":0,"master_deck":["Strike_B","Strike_B","Defend_B+1","Defend_B","Zap","Dualcast+1","Conserve Battery","Genetic Algorithm","Loop+1","Glacier"],"relics":["Cracked Core","NeowsBlessing","PreservedInsect","Bag of Preparation"],"potions_floor_usage":[16],"damage_taken":[{"damage":0,"enemies":"Small Slimes","floor":1,"turns":1},{"damage":0,"enemies":"Cultist","floor":2,"turns":1},{"damage":0,"enemies":"Jaw Worm","floor":5,"turns":1},{"damage":9,"enemies":"2 Fungi Beasts","floor":6,"turns":3},{"damage":33,"enemies":"Lagavulin","floor":8,"turns":6},{"damage":0,"enemies":"Large Slime","floor":14,"turns":4},{"damage":46,"enemies":"Hexaghost","floor":16,"turns":10}],"seed_played":"-7240919536988666748","potions_obtained":[{"floor":5,"key":"SneckoOil"}],"is_trial":false,"path_per_floor":["M","M","?","$","M","M","?","E","T","R","?","?","$","M","R","B"],"character_chosen":"DEFECT","items_purchased":[],"campfire_rested":1,"item_purchase_floors":[],"current_hp_per_floor":[75,75,75,75,75,66,66,33,33,33,18,18,18,18,40,0],"gold":101,"neow_bonus":"THREE_ENEMY_KILL","is_prod":false,"is_daily":false,"chose_seed":false,"campfire_upgraded":1,"win_rate":0,"timestamp":1556070632,"path_taken":["M","M","?","$","?","M","?","E","T","R","?","?","$","?","R","BOSS"],"build_version":"2019-01-23","purchased_purges":1,"victory":false,"max_hp_per_floor":[75,75,75,75,75,75,75,75,75,75,75,75,75,75,75,75],"card_choices":[{"not_picked":["Turbo","Fusion","Scrape"],"picked":"SKIP","floor":1},{"not_picked":["Compile Driver","Turbo"],"picked":"Conserve Battery","floor":2},{"not_picked":["Doom and Gloom","Reinforced Body"],"picked":"Genetic Algorithm","floor":5},{"not_picked":["Fusion","Genetic Algorithm","Sweeping Beam"],"picked":"SKIP","floor":6},{"not_picked":["Go for the Eyes","Steam"],"picked":"Loop","floor":8},{"not_picked":["White Noise","Stack"],"picked":"Glacier","floor":14}],"player_experience":95908,"relics_obtained":[{"floor":8,"key":"PreservedInsect"},{"floor":9,"key":"Bag of Preparation"}],"event_choices":[{"cards_removed":["Strike_B"],"damage_healed":0,"gold_gain":0,"player_choice":"Offered Basic","damage_taken":0,"max_hp_gain":0,"max_hp_loss":0,"event_name":"Bonfire Elementals","floor":3,"gold_loss":0},{"cards_removed":["Strike_B"],"damage_healed":0,"gold_gain":0,"player_choice":"Forget","damage_taken":0,"max_hp_gain":0,"max_hp_loss":0,"event_name":"Living Wall","floor":7,"gold_loss":0},{"damage_healed":0,"gold_gain":0,"player_choice":"Entered Light","damage_taken":15,"max_hp_gain":0,"max_hp_loss":0,"event_name":"Shining Light","floor":11,"gold_loss":0,"cards_upgraded":["Defend_B","Dualcast"]},{"cards_removed":["Defend_B"],"damage_healed":0,"gold_gain":0,"player_choice":"Card Removal","damage_taken":0,"max_hp_gain":0,"max_hp_loss":0,"event_name":"The Cleric","floor":12,"gold_loss":50}],"is_beta":false,"boss_relics":[],"items_purged_floors":[4],"is_endless":false,"potions_floor_spawned":[5],"killed_by":"Hexaghost","ascension_level":4}