{"path_per_floor":["M","?","M","T","?","E","R","M","T","M","R","M","R","?","R","B",null,"M","M","?","?","M","R","M","R","T","?","M","$","M","M","R","B",null,"M","M","$","M","M","E","$","?","T","E","M","E","T","E","R","B"],"character_chosen":"IRONCLAD","items_purchased":["Thread and Needle","Oddly Smooth Stone","Vajra","Flex"],"gold_per_floor":[116,116,132,432,432,458,458,474,474,488,488,500,500,500,500,602,602,612,584,499,499,514,514,526,526,526,526,544,165,180,190,190,294,294,308,327,174,191,205,233,39,39,39,66,80,105,105,140,140,140],"floor_reached":51,"campfire_rested":3,"playtime":3540,"current_hp_per_floor":[80,68,74,74,74,80,80,80,80,70,70,63,63,73,73,36,78,46,32,32,32,25,53,44,72,72,53,50,50,58,64,64,54,91,95,96,96,61,65,56,56,56,63,67,71,45,45,61,101,77],"items_purged":["Regret"],"gold":140,"score":1099,"play_id":"b306f4f5-e2b2-4fd4-baa2-8fac92a70006","local_time":"20180419230724","is_prod":false,"is_daily":false,"chose_seed":false,"is_ascension_mode":true,"campfire_upgraded":5,"timestamp":1524204444,"path_taken":["M","?","M","?","?","E","R","M","T","?","R","M","R","?","R","BOSS","M","M","?","?","M","R","M","R","T","?","M","$","M","M","R","BOSS","M","M","$","M","M","E","$","?","T","E","M","E","?","E","R","BOSS"],"build_version":"2018-04-19","seed_source_timestamp":694088747504122,"purchased_purges":2,"victory":true,"master_deck":["Strike_R","Strike_R","Strike_R","Defend_R","Defend_R","Defend_R","Defend_R","Bash+1","Demon Form+1","Shockwave+1","Dropkick","Iron Wave+1","Cleave","Impervious","Fire Breathing+1","Battle Trance+1","Power Through+1","Pommel Strike+1","Iron Wave","Offering","Iron Wave+1","Body Slam+1","Flex","Blood for Blood+1"],"max_hp_per_floor":[80,80,80,80,80,80,80,80,80,82,82,82,82,92,92,92,92,92,94,94,94,96,96,96,96,96,101,101,101,103,103,103,103,103,105,105,105,105,107,109,109,109,116,118,120,122,122,136,136,136],"relics":["Burning Blood","NeowsBlessing","Singing Bowl","Old Coin","Toolbox","Mummified Hand","Pear","Mark of Pain","Ancient Tea Set","Lantern","Thread and Needle","Runic Dome","Oddly Smooth Stone","Anchor","Vajra","Strawberry","Letter Opener","Ornamental Fan","Centennial Puzzle","Mango"],"card_choices":[{"not_picked":["Seeing Red","Armaments"],"picked":"Demon Form","floor":3},{"not_picked":["Flex","Clothesline"],"picked":"Dropkick","floor":6},{"not_picked":["Feel No Pain","True Grit"],"picked":"Iron Wave","floor":8},{"not_picked":["Flex","Seeing Red"],"picked":"Cleave","floor":12},{"not_picked":["Brutality","Bludgeon"],"picked":"Impervious","floor":16},{"not_picked":["Pommel Strike","Cleave"],"picked":"Fire Breathing","floor":18},{"not_picked":["Battle Trance","Carnage"],"picked":"Power Through","floor":24},{"not_picked":["Body Slam","Wild Strike"],"picked":"Pommel Strike","floor":28},{"not_picked":["Fire Breathing","Double Tap"],"picked":"Iron Wave","floor":31},{"not_picked":["Feed","Bludgeon"],"picked":"Offering","floor":33},{"not_picked":["Hemokinesis","Clash"],"picked":"Iron Wave","floor":36},{"not_picked":["Cleave","Armaments"],"picked":"Body Slam","floor":38},{"not_picked":["Twin Strike","Feel No Pain"],"picked":"Blood for Blood","floor":48}],"player_experience":313743,"potions_floor_usage":[16,22,33,33,50,50],"damage_taken":[{"damage":0,"enemies":"Jaw Worm","floor":1,"turns":1},{"damage":0,"enemies":"2 Louse","floor":3,"turns":1},{"damage":0,"enemies":"Gremlin Nob","floor":6,"turns":1},{"damage":2,"enemies":"Small Slimes","floor":8,"turns":5},{"damage":18,"enemies":"Red Slaver","floor":10,"turns":5},{"damage":13,"enemies":"Lots of Slimes","floor":12,"turns":5},{"damage":43,"enemies":"Hexaghost","floor":16,"turns":6},{"damage":38,"enemies":"Chosen","floor":18,"turns":6},{"damage":22,"enemies":"2 Thieves","floor":19,"turns":5},{"damage":15,"enemies":"Centurion and Healer","floor":22,"turns":6},{"damage":15,"enemies":"Cultist and Chosen","floor":24,"turns":4},{"damage":9,"enemies":"Chosen and Byrds","floor":28,"turns":5},{"damage":0,"enemies":"Sentry and Sphere","floor":30,"turns":5},{"damage":0,"enemies":"Snecko","floor":31,"turns":4},{"damage":16,"enemies":"Automaton","floor":33,"turns":7},{"damage":4,"enemies":"3 Darklings","floor":35,"turns":4},{"damage":5,"enemies":"3 Shapes","floor":36,"turns":6},{"damage":41,"enemies":"3 Darklings","floor":38,"turns":5},{"damage":4,"enemies":"Maw","floor":39,"turns":7},{"damage":17,"enemies":"Giant Head","floor":40,"turns":6},{"damage":4,"enemies":"2 Orb Walkers","floor":44,"turns":5},{"damage":4,"enemies":"4 Shapes","floor":45,"turns":5},{"damage":34,"enemies":"Nemesis","floor":46,"turns":7},{"damage":4,"enemies":"Giant Head","floor":48,"turns":5},{"damage":30,"enemies":"Awakened One","floor":50,"turns":11}],"event_choices":[{"event_name":"Scrap Ooze","player_choice":"success","floor":2,"damage_taken":12},{"event_name":"Transmorgrifier","player_choice":"Transform","floor":5,"damage_taken":0},{"event_name":"Big Fish","player_choice":"Box","floor":14,"damage_taken":0},{"event_name":"Addict","player_choice":"Obtained Relic","floor":20,"damage_taken":0},{"event_name":"The Library","player_choice":"Read","floor":21,"damage_taken":0},{"event_name":"Forgotten Altar","player_choice":"Shed Blood","floor":27,"damage_taken":0},{"event_name":"Purifier","player_choice":"One Purge","floor":42,"damage_taken":0}],"boss_relics":[{"not_picked":["Philosopher\u0027s Stone","Sozu"],"picked":"Mark of Pain"},{"not_picked":["Runic Cube","Tiny House"],"picked":"Runic Dome"}],"potions_floor_spawned":[1,8,16,24,28,31,33,36,39,44,45],"seed_played":"-6440940433916647584","ascension_level":5,"is_trial":false}