{"gold_per_floor":[111,91,109,24,24,24,36,36,82,82,100,115,115,150,150,227,227,227,227,227,227,227,227,227,227,227,227,227,227,227,227,227,227,227,227,227,227,227,227,227,227,227],"floor_reached":42,"playtime":2122,"items_purged":[],"score":772,"play_id":"f7248e59-08ef-4725-8888-fd9986ede00e","local_time":"20180831140155","is_ascension_mode":true,"campfire_choices":[{"data":"Bash","floor":6,"key":"SMITH"},{"data":"Metallicize","floor":8,"key":"SMITH"},{"data":"Iron Wave","floor":13,"key":"SMITH"},{"floor":15,"key":"REST"},{"floor":23,"key":"REST"},{"floor":29,"key":"REST"},{"floor":32,"key":"REST"},{"data":"Demon Form","floor":40,"key":"SMITH"}],"neow_cost":"CURSE","seed_source_timestamp":2484664529917,"circlet_count":0,"master_deck":["Strike_R","Strike_R","Strike_R","Strike_R","Strike_R","Defend_R+1","Defend_R","Defend_R","Defend_R+1","Bash+1","AscendersBane","Iron Wave","Disarm+1","Metallicize+1","Power Through+1","Iron Wave+1","Demon Form+1","Heavy Blade","Uppercut","Iron Wave","Whirlwind","Decay","Shrug It Off","Offering","Exhume","Spot Weakness","Flame Barrier"],"relics":["Burning Blood","Spirit Poop","Lantern","Matryoshka","Ectoplasm","Red Mask","Juzu Bracelet","War Paint","Regal Pillow","Tiny House"],"potions_floor_usage":[12,20,22,24,33,35,35,35,42],"damage_taken":[{"damage":4,"enemies":"Small Slimes","floor":1,"turns":4},{"damage":1,"enemies":"Cultist","floor":3,"turns":4},{"damage":15,"enemies":"Jaw Worm","floor":7,"turns":5},{"damage":41,"enemies":"Gremlin Gang","floor":11,"turns":8},{"damage":0,"enemies":"Lots of Slimes","floor":12,"turns":2},{"damage":37,"enemies":"3 Sentries","floor":14,"turns":13},{"damage":41,"enemies":"Hexaghost","floor":16,"turns":19},{"damage":12,"enemies":"Spheric Guardian","floor":18,"turns":6},{"damage":25,"enemies":"Shell Parasite","floor":19,"turns":6},{"damage":52,"enemies":"Masked Bandits","floor":20,"turns":7},{"damage":8,"enemies":"Snake Plant","floor":21,"turns":6},{"damage":9,"enemies":"Centurion and Healer","floor":22,"turns":6},{"damage":19,"enemies":"Book of Stabbing","floor":24,"turns":7},{"damage":24,"enemies":"Shelled Parasite and Fungi","floor":25,"turns":8},{"damage":9,"enemies":"Snecko","floor":28,"turns":7},{"damage":10,"enemies":"Centurion and Healer","floor":31,"turns":7},{"damage":64,"enemies":"Collector","floor":33,"turns":10},{"damage":70,"enemies":"3 Darklings","floor":35,"turns":7},{"damage":27,"enemies":"3 Shapes","floor":41,"turns":8},{"damage":61,"enemies":"Transient","floor":42,"turns":4}],"seed_played":"6469976095721378563","potions_obtained":[{"floor":2,"key":"FairyPotion"},{"floor":3,"key":"Energy Potion"},{"floor":11,"key":"Explosive Potion"},{"floor":12,"key":"Block Potion"},{"floor":21,"key":"BloodPotion"},{"floor":22,"key":"SkillPotion"},{"floor":25,"key":"Weak Potion"},{"floor":34,"key":"EntropicBrew"},{"floor":41,"key":"Energy Potion"}],"is_trial":false,"path_per_floor":["M","?","M","$","?","R","M","R","T","?","M","M","R","E","R","B",null,"M","M","?","M","M","R","E","M","T","?","M","R","?","M","R","B",null,"M","?","?","?","?","R","M"],"character_chosen":"IRONCLAD","items_purchased":["Disarm"],"campfire_rested":4,"item_purchase_floors":[4],"current_hp_per_floor":[84,84,89,89,89,89,80,80,80,80,45,51,51,20,46,11,70,64,45,12,10,15,41,28,10,10,10,7,48,48,44,85,27,79,29,77,77,77,77,77,56,0],"gold":227,"neow_bonus":"TWENTY_PERCENT_HP_BONUS","is_prod":false,"is_daily":false,"chose_seed":false,"campfire_upgraded":4,"win_rate":0,"timestamp":1535749315,"path_taken":["M","?","M","$","?","R","M","R","T","?","?","M","R","E","R","BOSS","M","M","?","M","M","R","E","M","T","?","M","R","?","M","R","BOSS","M","?","?","?","?","R","M","M"],"build_version":"2018-08-30","purchased_purges":0,"victory":false,"max_hp_per_floor":[89,89,89,89,89,89,89,89,89,89,89,89,89,89,89,89,89,89,89,89,89,89,89,89,89,89,89,89,89,89,89,89,89,94,94,77,77,77,77,77,77,77],"card_choices":[{"not_picked":["Dropkick","Pummel"],"picked":"Iron Wave","floor":1},{"not_picked":["Perfected Strike","Rage","Hemokinesis"],"picked":"SKIP","floor":3},{"not_picked":["True Grit","Bloodletting"],"picked":"Metallicize","floor":7},{"not_picked":["Reckless Charge","Heavy Blade"],"picked":"Power Through","floor":11},{"not_picked":["Heavy Blade","Fire Breathing"],"picked":"Iron Wave","floor":12},{"not_picked":["Heavy Blade","Clash","Dual Wield"],"picked":"SKIP","floor":14},{"not_picked":["Bludgeon","Brutality"],"picked":"Demon Form","floor":16},{"not_picked":["Flex","Twin Strike"],"picked":"Heavy Blade","floor":18},{"not_picked":["Evolve","Spot Weakness"],"picked":"Uppercut","floor":19},{"not_picked":["Body Slam","Entrench+1"],"picked":"Iron Wave","floor":20},{"not_picked":["Body Slam","Wild Strike+1","Twin Strike"],"picked":"SKIP","floor":21},{"not_picked":["Bloodletting+1","Evolve"],"picked":"Whirlwind","floor":22},{"not_picked":["Whirlwind","Twin Strike+1","Intimidate"],"picked":"SKIP","floor":24},{"not_picked":["Twin Strike","Clash","Wild Strike+1"],"picked":"SKIP","floor":25},{"not_picked":["Fire Breathing","Body Slam"],"picked":"Shrug It Off","floor":28},{"not_picked":["Wild Strike","Pommel Strike"],"picked":"Offering","floor":31},{"not_picked":["Berserk","Bludgeon"],"picked":"Exhume","floor":33},{"not_picked":["Wild Strike","Rupture"],"picked":"Spot Weakness","floor":34},{"not_picked":["Combust","Thunderclap"],"picked":"Flame Barrier","floor":35},{"not_picked":["Wild Strike","Anger","Twin Strike"],"picked":"SKIP","floor":41}],"player_experience":818192,"relics_obtained":[{"floor":9,"key":"Lantern"},{"floor":14,"key":"Matryoshka"},{"floor":20,"key":"Red Mask"},{"floor":24,"key":"Juzu Bracelet"},{"floor":26,"key":"War Paint"},{"floor":26,"key":"Regal Pillow"}],"event_choices":[{"event_name":"The Woman in Blue","player_choice":"Bought 1 Potion","floor":2,"damage_taken":0},{"event_name":"Bonfire Elementals","player_choice":"CURSE","floor":5,"damage_taken":0},{"event_name":"Upgrade Shrine","player_choice":"Upgraded","floor":10,"damage_taken":0},{"event_name":"Masked Bandits","player_choice":"Fought Bandits","floor":20,"damage_taken":0},{"event_name":"Forgotten Altar","player_choice":"Smashed Altar","floor":27,"damage_taken":0},{"event_name":"Nest","player_choice":"Stole From Cult","floor":30,"damage_taken":0},{"event_name":"The Moai Head","player_choice":"Heal","floor":36,"damage_taken":0},{"event_name":"Tomb of Lord Red Mask","player_choice":"Wore Mask","floor":37,"damage_taken":0},{"event_name":"Mysterious Sphere","player_choice":"Ignore","floor":38,"damage_taken":0},{"event_name":"SensoryStone","player_choice":"Memory 1","floor":39,"damage_taken":0}],"is_beta":false,"boss_relics":[{"not_picked":["Coffee Dripper","Eternal Feather"],"picked":"Ectoplasm"},{"not_picked":["Lizard Tail","White Beast Statue"],"picked":"Tiny House"}],"items_purged_floors":[],"is_endless":false,"potions_floor_spawned":[3,11,12,14,18,19,21,22,25,41],"killed_by":"Transient","ascension_level":17}