{"gold_per_floor":[112,128,208,11,26,26,54,54,77,88,88,108,137,192,192,192],"floor_reached":16,"playtime":530,"items_purged":[],"score":220,"play_id":"d19aaf98-70ea-432c-a88a-7d4e6b0fecdc","local_time":"20190411154938","is_ascension_mode":true,"campfire_choices":[{"data":"Unload","floor":6.0,"key":"SMITH"},{"data":"Crippling Poison","floor":8.0,"key":"SMITH"},{"data":"Choke","floor":11.0,"key":"SMITH"},{"data":"Neutralize","floor":15.0,"key":"SMITH"}],"neow_cost":"NONE","seed_source_timestamp":101115503409916,"circlet_count":0,"master_deck":["AscendersBane","Defend_G","Defend_G","Defend_G","Defend_G","Defend_G","Strike_G","Strike_G","Strike_G","Strike_G","Strike_G","Survivor","Neutralize+1","Leg Sweep","Backstab","Deflect","Unload+1","Dagger Throw","Crippling Poison+1","Choke+1","Slice","PiercingWail"],"special_seed":0,"relics":["Ring of the Snake","Regal Pillow","Potion Belt","Orichalcum","Mummified Hand","Blood Vial"],"potions_floor_usage":[16,16,16],"damage_taken":[{"damage":1.0,"enemies":"2 Louse","floor":1.0,"turns":3.0},{"damage":0.0,"enemies":"Small Slimes","floor":2.0,"turns":5.0},{"damage":0.0,"enemies":"Jaw Worm","floor":5.0,"turns":3.0},{"damage":14.0,"enemies":"Lagavulin","floor":7.0,"turns":6.0},{"damage":4.0,"enemies":"3 Louse","floor":10.0,"turns":2.0},{"damage":1.0,"enemies":"Red Slaver","floor":12.0,"turns":3.0},{"damage":10.0,"enemies":"Gremlin Nob","floor":13.0,"turns":4.0},{"damage":2.0,"enemies":"Gremlin Nob","floor":14.0,"turns":3.0},{"damage":32,"enemies":"Slime Boss","floor":16,"turns":7}],"seed_played":"4692999508864681936","potions_obtained":[{"floor":5.0,"key":"Strength Potion"},{"floor":10.0,"key":"Dexterity Potion"},{"floor":12.0,"key":"SpeedPotion"},{"floor":13.0,"key":"SteroidPotion"}],"is_trial":false,"path_per_floor":["M","M","?","$","M","R","E","R","T","M","R","M","E","?","R","B"],"character_chosen":"THE_SILENT","items_purchased":["Deflect","Unload","Block Potion"],"campfire_rested":0,"item_purchase_floors":[4,4,4],"current_hp_per_floor":[58,58,58,58,58,58,44,44,44,40,40,39,29,27,27,0],"gold":192,"neow_bonus":"RANDOM_COMMON_RELIC","is_prod":false,"is_daily":false,"chose_seed":false,"campfire_upgraded":4,"win_rate":0,"timestamp":1554990578,"path_taken":["M","M","?","$","M","R","E","R","T","M","R","M","E","?","R","BOSS"],"build_version":"2019-01-23","purchased_purges":0,"victory":false,"max_hp_per_floor":[66,66,66,66,66,66,66,66,66,66,66,66,66,66,66,66],"card_choices":[{"not_picked":["Sucker Punch","Dodge and Roll"],"picked":"Leg Sweep","floor":1.0},{"not_picked":["Deflect","Prepared"],"picked":"Backstab","floor":2.0},{"not_picked":["PiercingWail","Deflect"],"picked":"Dagger Throw","floor":5.0},{"not_picked":["Dodge and Roll","Dagger Spray"],"picked":"Crippling Poison","floor":7.0},{"not_picked":["Terror","Malaise"],"picked":"Choke","floor":10.0},{"not_picked":["Sucker Punch","Bane"],"picked":"Slice","floor":12.0},{"not_picked":["Riddle With Holes","Dodge and Roll"],"picked":"PiercingWail","floor":13.0}],"player_experience":595336,"relics_obtained":[{"floor":7.0,"key":"Potion Belt"},{"floor":9.0,"key":"Orichalcum"},{"floor":13.0,"key":"Mummified Hand"},{"floor":14.0,"key":"Blood Vial"}],"event_choices":[{"damage_healed":0.0,"max_hp_gain":0.0,"max_hp_loss":0.0,"gold_gain":80.0,"event_name":"Golden Wing","player_choice":"Gained Gold","floor":3.0,"gold_loss":0.0,"damage_taken":0.0},{"damage_healed":0.0,"max_hp_gain":0.0,"max_hp_loss":0.0,"gold_gain":30.0,"event_name":"Dead Adventurer","player_choice":"Searched \u00272\u0027 times","floor":14.0,"gold_loss":0.0,"damage_taken":0.0}],"is_beta":false,"boss_relics":[],"items_purged_floors":[],"is_endless":false,"potions_floor_spawned":[5,10,12,13,14],"killed_by":"Slime Boss","ascension_level":20}