{"gold_per_floor":[119,132,382,382,355,355,64,64,90,125,136,150,150,50,50,147,147,157,157,157,170,269,269,286,299,299,299,319,353,55,75,75,75],"floor_reached":33,"playtime":1566,"items_purged":["Regret","Regret"],"score":398,"play_id":"2f28aab4-6722-42a3-9311-65095c973618","local_time":"20180729210625","is_ascension_mode":true,"campfire_choices":[{"floor":6.0,"key":"REST"},{"floor":8.0,"key":"REST"},{"data":"Loop","floor":13.0,"key":"SMITH"},{"floor":15.0,"key":"REST"},{"floor":23,"key":"REST"},{"floor":27,"key":"REST"},{"floor":32,"key":"REST"}],"neow_cost":"FIFTY_PERCENT_DAMAGE","seed_source_timestamp":0,"circlet_count":0,"master_deck":["Strike_B","Strike_B","Strike_B","Strike_B","Defend_B","Defend_B","Defend_B","Defend_B","Zap+1","Dualcast+1","AscendersBane","Loop+1","Ball Lightning","Go for the Eyes","Ball Lightning","Cold Snap","Coolheaded","Thunder Strike","Conserve Battery+1","Writhe","Static Discharge","Steam+1","Conserve Battery","Auto Shields","Cold Snap+1","Cold Snap+1"],"special_seed":0,"relics":["Cracked Core","Nunchaku","Gambling Chip","Vajra","War Paint","Matryoshka","Sozu","Molten Egg 2","Enchiridion","Oddly Smooth Stone","Mercury Hourglass","Emotion Chip","Mango"],"potions_floor_usage":[29,29],"damage_taken":[{"damage":1.0,"enemies":"Cultist","floor":1.0,"turns":3.0},{"damage":19.0,"enemies":"Jaw Worm","floor":2.0,"turns":4.0},{"damage":16.0,"enemies":"Lagavulin","floor":10.0,"turns":6.0},{"damage":6.0,"enemies":"2 Louse","floor":11.0,"turns":2.0},{"damage":8.0,"enemies":"Exordium Wildlife","floor":12.0,"turns":3.0},{"damage":25.0,"enemies":"The Guardian","floor":16.0,"turns":11.0},{"damage":17,"enemies":"2 Thieves","floor":18,"turns":4},{"damage":21,"enemies":"3 Byrds","floor":21,"turns":4},{"damage":8,"enemies":"Snake Plant","floor":24,"turns":3},{"damage":19,"enemies":"Snecko","floor":25,"turns":6},{"damage":2,"enemies":"Centurion and Healer","floor":28,"turns":5},{"damage":17,"enemies":"Slavers","floor":29,"turns":4},{"damage":7,"enemies":"3 Cultists","floor":31,"turns":3},{"damage":41,"enemies":"Champ","floor":33,"turns":7}],"seed_played":"-3125205771087747486","potions_obtained":[{"floor":11.0,"key":"Strength Potion"},{"floor":16.0,"key":"FocusPotion"}],"is_trial":false,"path_per_floor":["M","M","?","?","?","R","$","R","T","E","M","M","R","$","R","B",null,"M","?","?","M","?","R","M","M","T","R","M","E","$","M","R"],"character_chosen":"DEFECT","items_purchased":["Go for the Eyes","Vajra","Ball Lightning","Mango"],"campfire_rested":6,"item_purchase_floors":[7,7,7,30],"current_hp_per_floor":[33,14,14,14,14,36,36,58,58,42,36,28,28,28,50,25,63,46,46,30,9,9,31,23,4,4,26,24,7,21,14,40,0],"gold":75,"neow_bonus":"ONE_RARE_RELIC","is_prod":false,"is_daily":false,"chose_seed":false,"campfire_upgraded":1,"win_rate":0,"timestamp":1532923585,"path_taken":["M","?","?","?","?","R","$","R","T","E","?","M","R","$","R","BOSS","M","?","?","M","?","R","M","?","T","R","?","E","$","M","R","BOSS"],"build_version":"2018-07-26","purchased_purges":2,"victory":false,"max_hp_per_floor":[75,75,75,75,75,75,75,75,75,75,75,75,75,75,75,75,75,75,75,75,75,75,75,75,75,75,75,75,75,89,89,89,89],"card_choices":[{"not_picked":["Compile Driver","Capacitor"],"picked":"Loop","floor":1.0},{"not_picked":["Consume","Coolheaded"],"picked":"Ball Lightning","floor":2.0},{"not_picked":["Go for the Eyes","Gash"],"picked":"Cold Snap","floor":10.0},{"not_picked":["Stack","Fusion","Redo"],"picked":"SKIP","floor":11.0},{"not_picked":["Lockon","Rebound"],"picked":"Coolheaded","floor":12.0},{"not_picked":["Hyperbeam","Buffer"],"picked":"Thunder Strike","floor":16.0},{"not_picked":["Gash+1","Stack"],"picked":"Conserve Battery+1","floor":18},{"not_picked":["Beam Cell+1","Scrape+1"],"picked":"Static Discharge","floor":21},{"not_picked":["White Noise","Chill"],"picked":"Steam+1","floor":24},{"not_picked":["Leap","Compile Driver+1"],"picked":"Conserve Battery","floor":25},{"not_picked":["Defragment","Storm"],"picked":"Auto Shields","floor":28},{"not_picked":["Conserve Battery","FTL+1"],"picked":"Cold Snap+1","floor":29},{"not_picked":["Redo+1","Rainbow"],"picked":"Cold Snap+1","floor":31}],"player_experience":698120,"relics_obtained":[{"floor":9.0,"key":"War Paint"},{"floor":10.0,"key":"Matryoshka"},{"floor":20,"key":"Enchiridion"},{"floor":26,"key":"Oddly Smooth Stone"},{"floor":26,"key":"Mercury Hourglass"},{"floor":29,"key":"Emotion Chip"}],"event_choices":[{"event_name":"Golden Shrine","player_choice":"Desecrate","floor":3.0,"damage_taken":0.0},{"event_name":"Big Fish","player_choice":"Box","floor":4.0,"damage_taken":0.0},{"event_name":"World of Goop","player_choice":"Left","floor":5.0,"damage_taken":0.0},{"event_name":"The Mausoleum","player_choice":"Yes","floor":19,"damage_taken":0},{"event_name":"Cursed Tome","player_choice":"Obtained Book","floor":20,"damage_taken":0},{"event_name":"Nest","player_choice":"Stole From Cult","floor":22,"damage_taken":0}],"is_beta":false,"boss_relics":[{"not_picked":["Philosopher\u0027s Stone","Ectoplasm"],"picked":"Sozu"}],"items_purged_floors":[7,14],"is_endless":false,"potions_floor_spawned":[11,16,18,21,29],"killed_by":"Champ","ascension_level":10}