{"gold_per_floor":[119,194,209,55,68,68,95,95,169,181,193,211,231,249,249,328,328,344,259,259,273,23,23,23,23,95,120,131,131,131,141,141,218,218,235,235,235,246,246,271,5,20,44,62,62,82,82,111,111,111],"floor_reached":50,"playtime":1970,"items_purged":["Strike_B","Strike_B+1"],"score":1062,"play_id":"8ec75166-e40d-4673-bd5e-5e89bcebac7a","local_time":"20181107151816","is_ascension_mode":true,"campfire_choices":[{"data":"Zap","floor":6.0,"key":"SMITH"},{"floor":8.0,"key":"REST"},{"floor":15.0,"key":"REST"},{"floor":23.0,"key":"REST"},{"data":"Dualcast","floor":25.0,"key":"SMITH"},{"data":"Biased Cognition","floor":32.0,"key":"SMITH"},{"floor":47.0,"key":"REST"},{"floor":49.0,"key":"REST"}],"neow_cost":"NONE","seed_source_timestamp":0,"circlet_count":0,"master_deck":["AscendersBane","Strike_B+1","Strike_B+1","Defend_B+1","Defend_B+1","Defend_B+1","Defend_B+1","Zap+1","Dualcast+1","Ball Lightning","Defragment","Defragment","Cold Snap","Capacitor","Go for the Eyes","Electrodynamics","Self Repair","Biased Cognition+1","FTL+1","Cold Snap","Hologram","Chill","Thunder Strike","Conserve Battery+1","Ball Lightning","Cold Snap"],"special_seed":0,"relics":["Cracked Core","Centennial Puzzle","Question Card","Busted Crown","Pen Nib","ClockworkSouvenir","Pantograph","Potion Belt","Inserter","Ancient Tea Set","Bronze Scales","Boot","Ornamental Fan"],"potions_floor_usage":[50],"damage_taken":[{"damage":4.0,"enemies":"Small Slimes","floor":1.0,"turns":3.0},{"damage":2.0,"enemies":"2 Louse","floor":3.0,"turns":2.0},{"damage":7.0,"enemies":"Jaw Worm","floor":5.0,"turns":3.0},{"damage":30.0,"enemies":"3 Sentries","floor":7.0,"turns":6.0},{"damage":18.0,"enemies":"Exordium Wildlife","floor":10.0,"turns":4.0},{"damage":1.0,"enemies":"2 Fungi Beasts","floor":11.0,"turns":3.0},{"damage":3.0,"enemies":"Blue Slaver","floor":12.0,"turns":3.0},{"damage":4.0,"enemies":"3 Louse","floor":13.0,"turns":4.0},{"damage":11.0,"enemies":"Large Slime","floor":14.0,"turns":4.0},{"damage":17.0,"enemies":"The Guardian","floor":16.0,"turns":10.0},{"damage":14.0,"enemies":"Chosen","floor":18.0,"turns":4.0},{"damage":20.0,"enemies":"Shell Parasite","floor":21.0,"turns":5.0},{"damage":24.0,"enemies":"Book of Stabbing","floor":27.0,"turns":6.0},{"damage":10.0,"enemies":"Snecko","floor":28.0,"turns":4.0},{"damage":2.0,"enemies":"Snake Plant","floor":31.0,"turns":4.0},{"damage":0.0,"enemies":"Collector","floor":33.0,"turns":9.0},{"damage":11.0,"enemies":"3 Shapes","floor":35.0,"turns":2.0},{"damage":17.0,"enemies":"Orb Walker","floor":38.0,"turns":5.0},{"damage":30.0,"enemies":"Reptomancer","floor":40.0,"turns":5.0},{"damage":18.0,"enemies":"Sphere and 2 Shapes","floor":42.0,"turns":4.0},{"damage":17.0,"enemies":"Spire Growth","floor":44.0,"turns":5.0},{"damage":14.0,"enemies":"Jaw Worm Horde","floor":46.0,"turns":3.0},{"damage":14.0,"enemies":"Giant Head","floor":48.0,"turns":7.0},{"damage":81,"enemies":"Time Eater","floor":50,"turns":7}],"seed_played":"7482838396990438913","potions_obtained":[{"floor":5.0,"key":"SpeedPotion"},{"floor":7.0,"key":"Fire Potion"},{"floor":14.0,"key":"FocusPotion"},{"floor":21.0,"key":"Fire Potion"},{"floor":27.0,"key":"Explosive Potion"},{"floor":31.0,"key":"Dexterity Potion"},{"floor":42.0,"key":"PowerPotion"},{"floor":44.0,"key":"Fire Potion"},{"floor":46.0,"key":"Dexterity Potion"}],"is_trial":false,"path_per_floor":["M","?","M","$","M","R","E","R","T","M","M","M","M","M","R","B",null,"M","?","?","M","$","R","$","R","T","E","M","?","?","M","R","B",null,"M","?","?","M","?","E","$","M","T","M","$","M","R","E","R","B"],"character_chosen":"DEFECT","items_purchased":["Defragment","Cold Snap","ClockworkSouvenir","Bronze Scales"],"campfire_rested":5,"item_purchase_floors":[4,22,22,41],"current_hp_per_floor":[67,56,54,54,47,47,17,40,40,22,21,18,14,3,26,16,63,56,56,56,43,43,66,66,66,66,49,46,46,46,51,51,78,78,74,74,74,64,64,41,41,30,30,20,20,13,36,29,52,0],"gold":111,"neow_bonus":"TEN_PERCENT_HP_BONUS","is_prod":false,"is_daily":false,"chose_seed":false,"campfire_upgraded":3,"win_rate":0,"timestamp":1541632696,"path_taken":["M","?","M","$","M","R","E","R","T","M","M","M","M","M","R","BOSS","M","?","?","?","$","R","$","R","T","E","M","?","?","M","R","BOSS","M","?","?","M","?","E","$","M","T","M","?","M","R","E","R","BOSS"],"build_version":"2018-11-01","purchased_purges":2,"victory":false,"max_hp_per_floor":[78,78,78,78,78,78,78,78,78,78,78,78,78,78,78,78,78,78,78,78,78,78,78,78,78,78,78,78,78,78,78,78,78,78,78,78,78,78,78,78,78,78,78,78,78,78,78,78,78,78],"card_choices":[{"not_picked":["Streamline","Aggregate"],"picked":"Ball Lightning","floor":1.0},{"not_picked":["Streamline","Ball Lightning"],"picked":"Defragment","floor":3.0},{"not_picked":["Beam Cell","Gash","Storm"],"picked":"SKIP","floor":5.0},{"not_picked":["Scrape","Sunder"],"picked":"Cold Snap","floor":7.0},{"not_picked":["Conserve Battery","Gash","Reinforced Body"],"picked":"Capacitor","floor":10.0},{"not_picked":["Redo","Barrage","Stack","Consume"],"picked":"SKIP","floor":11.0},{"not_picked":["Hello World","Force Field","Stack"],"picked":"Go for the Eyes","floor":12.0},{"not_picked":["Coolheaded","Leap","Rebound"],"picked":"Electrodynamics","floor":13.0},{"not_picked":["Double Energy","Leap","Turbo"],"picked":"Self Repair","floor":14.0},{"not_picked":["Fission","Multi-Cast","Reboot"],"picked":"Biased Cognition","floor":16.0},{"not_picked":["Sweeping Beam","Gash"],"picked":"SKIP","floor":18.0},{"not_picked":["Compile Driver"],"picked":"FTL+1","floor":21.0},{"not_picked":["Rebound"],"picked":"Hologram","floor":27.0},{"not_picked":["Hello World","Sweeping Beam"],"picked":"SKIP","floor":28.0},{"not_picked":["Tempest","Stack"],"picked":"SKIP","floor":31.0},{"not_picked":["Reboot"],"picked":"Thunder Strike","floor":33.0},{"not_picked":["Redo"],"picked":"Conserve Battery+1","floor":35.0},{"not_picked":["Sweeping Beam","Streamline+1"],"picked":"SKIP","floor":38.0},{"not_picked":["Chaos","Hologram"],"picked":"SKIP","floor":40.0},{"not_picked":["Chill"],"picked":"Ball Lightning","floor":42.0},{"not_picked":["Streamline","Compile Driver"],"picked":"SKIP","floor":44.0},{"not_picked":["Rebound","Compile Driver+1"],"picked":"SKIP","floor":46.0},{"not_picked":["Consume"],"picked":"Cold Snap","floor":48.0}],"player_experience":1034850,"relics_obtained":[{"floor":7.0,"key":"Centennial Puzzle"},{"floor":9.0,"key":"Question Card"},{"floor":26.0,"key":"Pantograph"},{"floor":27.0,"key":"Potion Belt"},{"floor":40.0,"key":"Ancient Tea Set"},{"floor":43.0,"key":"Boot"},{"floor":48.0,"key":"Ornamental Fan"}],"event_choices":[{"damage_healed":0.0,"max_hp_gain":0.0,"max_hp_loss":0.0,"gold_gain":75.0,"event_name":"World of Goop","player_choice":"Gather Gold","floor":2.0,"gold_loss":0.0,"damage_taken":11.0},{"damage_healed":0.0,"max_hp_gain":0.0,"max_hp_loss":0.0,"gold_gain":0.0,"event_name":"Addict","player_choice":"Obtained Relic","floor":19.0,"gold_loss":85.0,"damage_taken":0.0,"relics_obtained":["Pen Nib"]},{"damage_healed":0.0,"max_hp_gain":0.0,"max_hp_loss":0.0,"gold_gain":0.0,"event_name":"Cursed Tome","player_choice":"Ignored","floor":20.0,"gold_loss":0.0,"damage_taken":0.0},{"damage_healed":0.0,"max_hp_gain":0.0,"max_hp_loss":0.0,"gold_gain":0.0,"event_name":"The Library","player_choice":"Read","floor":29.0,"gold_loss":0.0,"damage_taken":0.0,"cards_obtained":["Chill"]},{"damage_healed":0.0,"max_hp_gain":0.0,"max_hp_loss":0.0,"gold_gain":0.0,"event_name":"Back to Basics","player_choice":"Simplicity","floor":30.0,"gold_loss":0.0,"damage_taken":0.0,"cards_upgraded":["Strike_B","Strike_B","Strike_B","Defend_B","Defend_B","Defend_B","Defend_B"]},{"damage_healed":0.0,"max_hp_gain":0.0,"max_hp_loss":0.0,"gold_gain":0.0,"event_name":"SensoryStone","player_choice":"Memory 1","floor":36.0,"gold_loss":0.0,"damage_taken":0.0},{"damage_healed":0.0,"max_hp_gain":0.0,"max_hp_loss":0.0,"gold_gain":0.0,"event_name":"Mysterious Sphere","player_choice":"Ignored","floor":37.0,"gold_loss":0.0,"damage_taken":0.0},{"damage_healed":0.0,"max_hp_gain":0.0,"max_hp_loss":0.0,"gold_gain":0.0,"event_name":"Tomb of Lord Red Mask","player_choice":"Ignored","floor":39.0,"gold_loss":0.0,"damage_taken":0.0}],"is_beta":false,"boss_relics":[{"not_picked":["Coffee Dripper","Runic Dome"],"picked":"Busted Crown"},{"not_picked":["Snecko Eye","Runic Pyramid"],"picked":"Inserter"}],"items_purged_floors":[4,41],"is_endless":false,"potions_floor_spawned":[5,7,10,14,21,27,31,40,42,44,46],"killed_by":"Time Eater","ascension_level":17}