{"gold_per_floor":[119,38,38,56,70,100,120,153,153,153,172,29,45,61,61,165,165,165,165,165,165,17,17,17,17,17,17,17,17,17,17,17,17,17,17,17,17,17],"floor_reached":38,"playtime":2584,"items_purged":["Strike_R","Defend_R"],"score":497,"play_id":"c8c9a5fa-9d3a-4190-9fa0-f5a313d28fec","local_time":"20181204231913","is_ascension_mode":true,"campfire_choices":[{"floor":10,"key":"REST"},{"floor":15,"key":"REST"},{"data":"Armaments","floor":29,"key":"SMITH"},{"data":"Flame Barrier","floor":32,"key":"SMITH"}],"neow_cost":"CURSE","seed_source_timestamp":1051552752274900,"circlet_count":0,"master_deck":["Strike_R","Strike_R","Strike_R","Defend_R","Defend_R","Defend_R","Bash","Decay","Uppercut","Flame Barrier+1","Uppercut","Pommel Strike","Inflame","Whirlwind","Metallicize","Clothesline","True Grit","Barricade","Shrug It Off+1","Fiend Fire","Cleave+1","Whirlwind","Reaper","Armaments+1","Limit Break","Heavy Blade+1"],"relics":["Burning Blood","Gambling Chip","Ginger","Peace Pipe","Champion Belt","Ectoplasm","MutagenicStrength","StoneCalendar","Ancient Tea Set","Sozu"],"potions_floor_usage":[7,8,8,16,16,24,25,31,33,33,33,36],"damage_taken":[{"damage":5,"enemies":"Cultist","floor":1,"turns":4},{"damage":7,"enemies":"Small Slimes","floor":4,"turns":3},{"damage":0,"enemies":"2 Louse","floor":5,"turns":3},{"damage":47,"enemies":"Lagavulin","floor":6,"turns":6},{"damage":9,"enemies":"Exordium Thugs","floor":7,"turns":3},{"damage":8,"enemies":"Gremlin Nob","floor":8,"turns":3},{"damage":16,"enemies":"Lots of Slimes","floor":11,"turns":4},{"damage":24,"enemies":"Gremlin Gang","floor":13,"turns":4},{"damage":8,"enemies":"3 Louse","floor":14,"turns":3},{"damage":50,"enemies":"Hexaghost","floor":16,"turns":13},{"damage":6,"enemies":"3 Byrds","floor":18,"turns":5},{"damage":22,"enemies":"Spheric Guardian","floor":21,"turns":4},{"damage":11,"enemies":"Gremlin Leader","floor":23,"turns":5},{"damage":0,"enemies":"Snake Plant","floor":24,"turns":2},{"damage":8,"enemies":"Snecko","floor":25,"turns":4},{"damage":19,"enemies":"Cultist and Chosen","floor":27,"turns":5},{"damage":13,"enemies":"Snake Plant","floor":30,"turns":3},{"damage":5,"enemies":"Chosen and Byrds","floor":31,"turns":7},{"damage":60,"enemies":"Automaton","floor":33,"turns":11},{"damage":12,"enemies":"3 Shapes","floor":35,"turns":4},{"damage":0,"enemies":"3 Darklings","floor":36,"turns":1},{"damage":72,"enemies":"Spire Growth","floor":37,"turns":6},{"damage":27,"enemies":"4 Shapes","floor":38,"turns":2}],"seed_played":"964936963457449336","potions_obtained":[{"floor":1,"key":"Explosive Potion"},{"floor":3,"key":"Swift Potion"},{"floor":3,"key":"GamblersBrew"},{"floor":6,"key":"AttackPotion"},{"floor":7,"key":"SkillPotion"},{"floor":13,"key":"SpeedPotion"},{"floor":16,"key":"SteroidPotion"},{"floor":18,"key":"Regen Potion"},{"floor":23,"key":"Poison Potion"},{"floor":24,"key":"Fruit Juice"},{"floor":30,"key":"SkillPotion"},{"floor":31,"key":"Strength Potion"},{"floor":33,"key":"AttackPotion"}],"is_trial":false,"path_per_floor":["M","$","?","M","M","E","M","E","T","R","M","$","M","M","R","B",null,"M","?","?","M","$","E","M","M","T","M","$","R","M","M","R","B",null,"M","M","M","M"],"character_chosen":"IRONCLAD","items_purchased":["Flame Barrier","Metallicize","AttackPotion"],"campfire_rested":2,"item_purchase_floors":[2,12,22],"current_hp_per_floor":[80,80,80,79,80,39,36,34,34,58,48,48,30,28,52,8,80,80,80,80,64,64,59,65,77,77,73,73,73,72,73,73,43,85,79,85,25,0],"gold":17,"neow_bonus":"ONE_RARE_RELIC","is_prod":false,"is_daily":false,"chose_seed":false,"campfire_upgraded":2,"win_rate":0,"timestamp":1543961953,"path_taken":["M","$","?","M","M","E","M","E","T","R","?","$","M","M","R","BOSS","M","?","?","M","$","E","M","?","T","M","$","R","M","M","R","BOSS","M","?","?","M"],"build_version":"2018-11-15","purchased_purges":2,"victory":false,"max_hp_per_floor":[80,80,80,80,80,80,80,80,80,80,80,80,80,80,80,80,80,80,80,80,80,80,80,80,85,85,85,85,85,85,85,85,85,85,85,85,85,85],"card_choices":[{"not_picked":["Anger","Armaments"],"picked":"Uppercut","floor":1},{"not_picked":["Twin Strike","True Grit"],"picked":"Uppercut","floor":4},{"not_picked":["Sever Soul","Twin Strike"],"picked":"Pommel Strike","floor":5},{"not_picked":["Power Through","Sword Boomerang"],"picked":"Inflame","floor":6},{"not_picked":["Twin Strike","Corruption","Wild Strike"],"picked":"SKIP","floor":7},{"not_picked":["Warcry","Perfected Strike","Feel No Pain"],"picked":"SKIP","floor":8},{"not_picked":["Perfected Strike","Power Through"],"picked":"Whirlwind","floor":11},{"not_picked":["Twin Strike","Rupture"],"picked":"Clothesline","floor":13},{"not_picked":["Combust","Dark Embrace"],"picked":"True Grit","floor":14},{"not_picked":["Berserk","Bludgeon"],"picked":"Barricade","floor":16},{"not_picked":["Carnage","Entrench"],"picked":"Shrug It Off+1","floor":18},{"not_picked":["Headbutt","Sword Boomerang"],"picked":"Cleave+1","floor":21},{"not_picked":["Twin Strike","Headbutt"],"picked":"Whirlwind","floor":23},{"not_picked":["Pommel Strike","Perfected Strike"],"picked":"Reaper","floor":24},{"not_picked":["Wild Strike","Rupture","Cleave"],"picked":"SKIP","floor":25},{"not_picked":["Inflame","Warcry+1"],"picked":"Armaments","floor":27},{"not_picked":["Thunderclap","Dropkick","Headbutt"],"picked":"SKIP","floor":30},{"not_picked":["Sentinel","Dual Wield","Flex"],"picked":"SKIP","floor":31},{"not_picked":["Bludgeon","Brutality"],"picked":"Limit Break","floor":33},{"not_picked":["Evolve","Twin Strike+1"],"picked":"Heavy Blade+1","floor":35},{"not_picked":["Cleave+1","Flex+1","True Grit"],"picked":"SKIP","floor":36},{"not_picked":["Seeing Red+1","Reckless Charge","Headbutt"],"picked":"SKIP","floor":37}],"player_experience":142633,"relics_obtained":[{"floor":6,"key":"Ginger"},{"floor":8,"key":"Peace Pipe"},{"floor":9,"key":"Champion Belt"},{"floor":23,"key":"StoneCalendar"},{"floor":26,"key":"Ancient Tea Set"}],"event_choices":[{"damage_healed":0,"gold_gain":0,"player_choice":"Got Potions","damage_taken":0,"max_hp_gain":0,"max_hp_loss":0,"event_name":"Lab","floor":3,"gold_loss":0},{"damage_healed":0,"gold_gain":0,"player_choice":"Inject Mutagens","damage_taken":0,"relics_obtained":["MutagenicStrength"],"max_hp_gain":0,"max_hp_loss":0,"event_name":"Drug Dealer","floor":19,"gold_loss":0},{"damage_healed":0,"gold_gain":0,"cards_transformed":["Strike_R"],"player_choice":"Transformed","damage_taken":0,"max_hp_gain":0,"max_hp_loss":0,"event_name":"Transmorgrifier","floor":20,"gold_loss":0,"cards_obtained":["Fiend Fire"]}],"is_beta":false,"boss_relics":[{"not_picked":["Astrolabe","Black Star"],"picked":"Ectoplasm"},{"not_picked":["Tiny House","Runic Cube"],"picked":"Sozu"}],"items_purged_floors":[12,22],"is_endless":false,"potions_floor_spawned":[1,6,7,13,16,18,23,24,30,31,33,35,37],"killed_by":"4 Shapes","ascension_level":4}