{"gold_per_floor":[119,16,32,49,127,127,138,164,164,164,164,66,66,93,93,197,197,213,228,153,170,200,235,235,31,55,55,67,67,100,123,123,219,219,231,5,5,24,36,36,48,60,86,101,101,116,338,355,355,355],"floor_reached":51,"playtime":4290,"items_purged":["Strike_R"],"score":706,"play_id":"29430ce1-17f8-4bee-aa0e-a2486aad5670","local_time":"20190116084950","is_ascension_mode":true,"campfire_choices":[{"data":"Bash","floor":6.0,"key":"SMITH"},{"data":"Armaments","floor":11.0,"key":"SMITH"},{"data":"Shrug It Off","floor":13.0,"key":"SMITH"},{"data":"Reckless Charge","floor":15.0,"key":"SMITH"},{"data":"Double Tap","floor":27.0,"key":"SMITH"},{"data":"Clothesline","floor":29.0,"key":"SMITH"},{"floor":32.0,"key":"REST"},{"data":"Heavy Blade","floor":40.0,"key":"SMITH"},{"data":"Madness","floor":45.0,"key":"SMITH"},{"floor":49.0,"key":"REST"}],"neow_cost":"NONE","seed_source_timestamp":0,"circlet_count":0,"master_deck":["Strike_R","Strike_R","Strike_R","Defend_R","Defend_R","Defend_R","Defend_R","Bash+1","Bludgeon","Thunderclap","Shrug It Off+1","Cleave","Armaments+1","Reckless Charge+1","Impervious","Dark Shackles","Flex+1","Limit Break+1","Clothesline+1","Infernal Blade+1","Shrug It Off","Headbutt","Writhe","Double Tap+1","Disarm","Pummel+1","Pommel Strike+1","Spot Weakness","Dropkick","Madness+1","Heavy Blade+1"],"special_seed":0,"relics":["Burning Blood","Self Forming Clay","Letter Opener","Mercury Hourglass","Philosopher\u0027s Stone","Red Mask","Strawberry","Omamori","Orichalcum","Vajra","War Paint","Runic Cube","Centennial Puzzle"],"potions_floor_usage":[50,50,50],"damage_taken":[{"damage":11.0,"enemies":"Jaw Worm","floor":1.0,"turns":2.0},{"damage":5.0,"enemies":"Small Slimes","floor":3.0,"turns":2.0},{"damage":0.0,"enemies":"Cultist","floor":4.0,"turns":3.0},{"damage":12.0,"enemies":"2 Fungi Beasts","floor":7.0,"turns":4.0},{"damage":27.0,"enemies":"Lagavulin","floor":8.0,"turns":7.0},{"damage":17.0,"enemies":"3 Sentries","floor":14.0,"turns":8.0},{"damage":35.0,"enemies":"Hexaghost","floor":16.0,"turns":11.0},{"damage":0.0,"enemies":"Chosen","floor":18.0,"turns":4.0},{"damage":12.0,"enemies":"Shell Parasite","floor":19.0,"turns":5.0},{"damage":22.0,"enemies":"Centurion and Healer","floor":21.0,"turns":7.0},{"damage":0.0,"enemies":"Masked Bandits","floor":22.0,"turns":2.0},{"damage":20.0,"enemies":"Slavers","floor":23.0,"turns":4.0},{"damage":6.0,"enemies":"Snake Plant","floor":28.0,"turns":5.0},{"damage":29.0,"enemies":"Book of Stabbing","floor":30.0,"turns":6.0},{"damage":33.0,"enemies":"Collector","floor":33.0,"turns":6.0},{"damage":0.0,"enemies":"Orb Walker","floor":35.0,"turns":2.0},{"damage":6.0,"enemies":"3 Shapes","floor":38.0,"turns":3.0},{"damage":18.0,"enemies":"Spire Growth","floor":39.0,"turns":5.0},{"damage":22.0,"enemies":"Jaw Worm Horde","floor":41.0,"turns":2.0},{"damage":10.0,"enemies":"3 Darklings","floor":42.0,"turns":5.0},{"damage":15.0,"enemies":"Sphere and 2 Shapes","floor":44.0,"turns":4.0},{"damage":0.0,"enemies":"Jaw Worm Horde","floor":46.0,"turns":3.0},{"damage":16.0,"enemies":"Spire Growth","floor":48.0,"turns":3.0},{"damage":22,"enemies":"Donu and Deca","floor":50,"turns":4}],"seed_played":"-4923414465190058906","potions_obtained":[{"floor":3.0,"key":"Ancient Potion"},{"floor":7.0,"key":"FearPotion"},{"floor":8.0,"key":"Ancient Potion"},{"floor":16.0,"key":"Weak Potion"},{"floor":18.0,"key":"Poison Potion"},{"floor":22.0,"key":"Weak Potion"},{"floor":30.0,"key":"GamblersBrew"},{"floor":35.0,"key":"Strength Potion"},{"floor":39.0,"key":"SteroidPotion"}],"is_trial":false,"path_per_floor":["M","$","M","M","?","R","M","E","T","?","R","$","R","E","R","B",null,"M","M","$","M","?","E","?","$","T","R","M","R","E","T","R","B",null,"M","$","?","M","M","R","M","M","T","M","R","M","?","M","R","B",null],"character_chosen":"IRONCLAD","items_purchased":["Shrug It Off","Block Potion","Dark Shackles","Double Tap","Disarm","Spot Weakness","Dropkick","Madness"],"campfire_rested":2,"item_purchase_floors":[2,2,12,25,25,36,36,36],"current_hp_per_floor":[75,75,76,80,80,80,74,53,53,53,53,53,53,42,42,13,80,80,74,74,58,64,57,57,57,57,57,57,57,34,34,60,33,87,87,87,83,83,71,71,55,51,51,42,42,48,48,38,62,46],"gold":355,"neow_bonus":"ONE_RANDOM_RARE_CARD","is_prod":false,"is_daily":false,"chose_seed":false,"campfire_upgraded":8,"win_rate":0,"timestamp":1547624990,"path_taken":["M","$","M","M","?","R","M","E","T","?","R","$","R","E","R","BOSS","M","M","$","?","?","E","?","$","T","R","M","R","E","?","R","BOSS","M","$","?","M","M","R","M","M","T","M","R","M","?","M","R","BOSS"],"build_version":"2018-12-20","purchased_purges":1,"victory":true,"max_hp_per_floor":[80,80,80,80,80,80,80,80,80,80,80,80,80,80,80,80,80,80,80,80,80,80,87,87,87,87,87,87,87,87,87,87,87,87,87,87,83,83,83,83,83,83,83,83,83,83,83,83,83,83],"card_choices":[{"not_picked":["Sword Boomerang","Entrench"],"picked":"Thunderclap","floor":1.0},{"not_picked":["Twin Strike","Headbutt"],"picked":"Cleave","floor":3.0},{"not_picked":["Feel No Pain","Fire Breathing"],"picked":"Armaments","floor":4.0},{"not_picked":["Uppercut","Burning Pact"],"picked":"Reckless Charge","floor":7.0},{"not_picked":["Thunderclap","Anger"],"picked":"Impervious","floor":8.0},{"not_picked":["Feed","Uppercut"],"picked":"Flex","floor":14.0},{"not_picked":["Offering","Juggernaut"],"picked":"Limit Break","floor":16.0},{"not_picked":["Sword Boomerang","Heavy Blade"],"picked":"Clothesline","floor":18.0},{"not_picked":["Corruption","True Grit"],"picked":"Infernal Blade+1","floor":19.0},{"not_picked":["Flex","Perfected Strike+1"],"picked":"Shrug It Off","floor":21.0},{"not_picked":["Shrug It Off","Fire Breathing"],"picked":"Headbutt","floor":23.0},{"not_picked":["Warcry+1","Offering","Armaments"],"picked":"SKIP","floor":28.0},{"not_picked":["Searing Blow","Corruption+1"],"picked":"Pummel+1","floor":30.0},{"not_picked":["Clash+1","Thunderclap+1"],"picked":"Pommel Strike+1","floor":35.0},{"not_picked":["Combust","Warcry","Pummel"],"picked":"SKIP","floor":38.0},{"not_picked":["Warcry","Flex"],"picked":"Heavy Blade","floor":39.0},{"not_picked":["Anger","Clothesline+1","Berserk"],"picked":"SKIP","floor":41.0},{"not_picked":["Warcry","Blood for Blood","Rampage+1"],"picked":"SKIP","floor":42.0},{"not_picked":["Bloodletting","Iron Wave","Reckless Charge"],"picked":"SKIP","floor":44.0},{"not_picked":["Pommel Strike","Anger+1","Blood for Blood+1"],"picked":"SKIP","floor":46.0},{"not_picked":["Sword Boomerang+1","Body Slam+1","Searing Blow+1"],"picked":"SKIP","floor":48.0}],"player_experience":18055,"relics_obtained":[{"floor":8.0,"key":"Self Forming Clay"},{"floor":9.0,"key":"Letter Opener"},{"floor":14.0,"key":"Mercury Hourglass"},{"floor":22.0,"key":"Red Mask"},{"floor":23.0,"key":"Strawberry"},{"floor":26.0,"key":"Orichalcum"},{"floor":30.0,"key":"Vajra"},{"floor":31.0,"key":"War Paint"},{"floor":43.0,"key":"Centennial Puzzle"}],"event_choices":[{"damage_healed":0.0,"max_hp_gain":0.0,"max_hp_loss":0.0,"gold_gain":78.0,"event_name":"Golden Wing","player_choice":"Gained Gold","floor":5.0,"gold_loss":0.0,"damage_taken":0.0},{"cards_removed":["Strike_R"],"damage_healed":0.0,"max_hp_gain":0.0,"max_hp_loss":0.0,"gold_gain":0.0,"event_name":"Purifier","player_choice":"Purged","floor":10.0,"gold_loss":0.0,"damage_taken":0.0},{"damage_healed":0.0,"max_hp_gain":0.0,"max_hp_loss":0.0,"gold_gain":0.0,"event_name":"Masked Bandits","player_choice":"Fought Bandits","floor":22.0,"gold_loss":0.0,"damage_taken":0.0},{"damage_healed":0.0,"max_hp_gain":0.0,"max_hp_loss":0.0,"gold_gain":0.0,"event_name":"The Mausoleum","player_choice":"Opened","floor":24.0,"gold_loss":0.0,"damage_taken":0.0,"relics_obtained":["Omamori"],"cards_obtained":["Writhe"]},{"damage_healed":0.0,"max_hp_gain":0.0,"max_hp_loss":4.0,"gold_gain":0.0,"event_name":"Winding Halls","player_choice":"Max HP","floor":37.0,"gold_loss":0.0,"damage_taken":0.0},{"damage_healed":0.0,"max_hp_gain":0.0,"max_hp_loss":0.0,"gold_gain":222.0,"event_name":"Tomb of Lord Red Mask","player_choice":"Wore Mask","floor":47.0,"gold_loss":0.0,"damage_taken":0.0}],"is_beta":false,"boss_relics":[{"not_picked":["Coffee Dripper","Tiny House"],"picked":"Philosopher\u0027s Stone"},{"not_picked":["Fusion Hammer","Snecko Eye"],"picked":"Runic Cube"}],"items_purged_floors":[20],"is_endless":false,"potions_floor_spawned":[3,7,8,16,18,22,30,35,38,39,46],"ascension_level":1}