{"gold_per_floor":[117,127,142,44,194,194,194,209,233,233,14,14,28,58,58,137,137,148,168,181,181,196,229,229,59,59,86,13,13,27,42,42,120,120,136,38,138,151,151,161,190,52,75,75,94,94,104,104,104,104],"floor_reached":51,"playtime":4913,"items_purged":["Pain","Strike_B"],"score":1167,"play_id":"4e957135-d636-4126-9879-c0285579cf79","local_time":"20190302173338","is_ascension_mode":true,"campfire_choices":[{"data":"Tempest","floor":6.0,"key":"SMITH"},{"data":"Hologram","floor":15.0,"key":"SMITH"},{"floor":24.0,"key":"REST"},{"data":"Reboot","floor":29.0,"key":"SMITH"},{"floor":32.0,"key":"REST"},{"floor":44.0,"key":"REST"},{"data":"Lockon","floor":46.0,"key":"SMITH"},{"floor":49.0,"key":"REST"}],"neow_cost":"NONE","seed_source_timestamp":0,"circlet_count":0,"master_deck":["AscendersBane","Strike_B+1","Strike_B","Defend_B","Defend_B","Defend_B","Defend_B","Zap+1","Dualcast","Tempest+1","Ball Lightning","Undo","Rip and Tear","Turbo","Conserve Battery","Go for the Eyes","Hologram+1","Core Surge+1","Doom and Gloom","Coolheaded","Reboot+1","Glacier+1","Self Repair","Conserve Battery+1","Genetic Algorithm","Undo","Seek","Ball Lightning+1","Lockon+1","Compile Driver+1","Multi-Cast","Barrage","Double Energy"],"special_seed":0,"relics":["Cracked Core","WarpedTongs","Orichalcum","Anchor","Potion Belt","Nuclear Battery","Gremlin Horn","Singing Bowl","Whetstone","Inserter","Ice Cream","Vajra","Dream Catcher","Torii"],"potions_floor_usage":[50,50,50],"damage_taken":[{"damage":1.0,"enemies":"Cultist","floor":1.0,"turns":3.0},{"damage":0.0,"enemies":"Small Slimes","floor":2.0,"turns":3.0},{"damage":7.0,"enemies":"Jaw Worm","floor":3.0,"turns":2.0},{"damage":4.0,"enemies":"Exordium Thugs","floor":8.0,"turns":4.0},{"damage":0.0,"enemies":"3 Louse","floor":13.0,"turns":2.0},{"damage":10.0,"enemies":"Lagavulin","floor":14.0,"turns":6.0},{"damage":32.0,"enemies":"Slime Boss","floor":16.0,"turns":8.0},{"damage":0.0,"enemies":"Spheric Guardian","floor":18.0,"turns":3.0},{"damage":0.0,"enemies":"Chosen","floor":19.0,"turns":4.0},{"damage":14.0,"enemies":"Snake Plant","floor":20.0,"turns":3.0},{"damage":6.0,"enemies":"Shelled Parasite and Fungi","floor":22.0,"turns":9.0},{"damage":21.0,"enemies":"Slavers","floor":23.0,"turns":4.0},{"damage":26.0,"enemies":"Gremlin Leader","floor":27.0,"turns":6.0},{"damage":2.0,"enemies":"Snecko","floor":30.0,"turns":5.0},{"damage":22.0,"enemies":"3 Cultists","floor":31.0,"turns":7.0},{"damage":46.0,"enemies":"Automaton","floor":33.0,"turns":17.0},{"damage":3.0,"enemies":"3 Shapes","floor":35.0,"turns":3.0},{"damage":0.0,"enemies":"Mind Bloom Boss Battle","floor":37.0,"turns":10.0},{"damage":0.0,"enemies":"Orb Walker","floor":38.0,"turns":2.0},{"damage":25.0,"enemies":"Maw","floor":40.0,"turns":7.0},{"damage":48.0,"enemies":"Nemesis","floor":41.0,"turns":13.0},{"damage":16.0,"enemies":"Transient","floor":45.0,"turns":5.0},{"damage":0.0,"enemies":"Spire Growth","floor":47.0,"turns":5.0},{"damage":15,"enemies":"Awakened One","floor":50,"turns":18}],"seed_played":"-1736384076200035841","potions_obtained":[{"floor":3.0,"key":"SkillPotion"},{"floor":14.0,"key":"Explosive Potion"},{"floor":18.0,"key":"Poison Potion"},{"floor":20.0,"key":"Weak Potion"},{"floor":23.0,"key":"Regen Potion"},{"floor":30.0,"key":"GamblersBrew"},{"floor":31.0,"key":"SpeedPotion"},{"floor":37.0,"key":"SkillPotion"},{"floor":38.0,"key":"Swift Potion"},{"floor":41.0,"key":"SpeedPotion"},{"floor":45.0,"key":"Poison Potion"}],"is_trial":false,"path_per_floor":["M","M","M","$","?","R","?","M","T","?","$","?","M","E","R","B",null,"M","M","M","?","M","E","R","$","T","E","$","R","M","M","R","B",null,"M","$","?","M","?","M","E","$","T","R","M","R","M","T","R","B",null],"character_chosen":"DEFECT","items_purchased":["Rip and Tear","Turbo","Anchor","Self Repair","Genetic Algorithm","Fruit Juice","Multi-Cast"],"campfire_rested":4,"item_purchase_floors":[4,4,11,25,28,36,42],"current_hp_per_floor":[63,63,56,56,56,56,56,52,52,52,52,52,52,42,42,10,56,56,56,42,42,36,15,36,36,36,35,35,35,40,30,51,12,58,55,60,67,67,67,51,12,12,12,36,27,27,29,29,56,48],"gold":104,"neow_bonus":"UPGRADE_CARD","is_prod":false,"is_daily":false,"chose_seed":false,"campfire_upgraded":4,"win_rate":0,"timestamp":1551544418,"path_taken":["M","M","M","$","?","R","?","?","T","?","$","?","M","E","R","BOSS","M","M","M","?","M","E","R","$","T","E","?","R","M","M","R","BOSS","BOSS","M","$","?","M","?","M","E","$","T","R","M","R","M","?","R","BOSS"],"build_version":"2019-01-23","purchased_purges":2,"victory":true,"max_hp_per_floor":[71,71,71,71,71,71,71,71,71,71,71,71,71,71,71,71,71,71,71,71,71,71,71,71,71,71,71,71,71,71,73,73,73,73,73,78,78,78,78,80,82,82,82,82,82,82,84,84,86,86],"card_choices":[{"not_picked":["Rebound","Hologram"],"picked":"Tempest","floor":1.0},{"not_picked":["Hologram","Barrage"],"picked":"Ball Lightning","floor":2.0},{"not_picked":["Recycle","Echo Form"],"picked":"Undo","floor":3.0},{"not_picked":["Cold Snap","Ball Lightning"],"picked":"Conserve Battery","floor":8.0},{"not_picked":["Blizzard","Steam"],"picked":"Go for the Eyes","floor":13.0},{"not_picked":["Heatsinks","Stack"],"picked":"Hologram","floor":14.0},{"not_picked":["Amplify","Seek"],"picked":"Core Surge","floor":16.0},{"not_picked":["Static Discharge","Cold Snap+1"],"picked":"Doom and Gloom","floor":18.0},{"not_picked":["Gash+1","Go for the Eyes"],"picked":"Coolheaded","floor":19.0},{"not_picked":["Cold Snap+1","Hologram","Gash"],"picked":"SKIP","floor":20.0},{"not_picked":["Hologram","Aggregate+1"],"picked":"Reboot","floor":22.0},{"not_picked":["Ball Lightning","Steam"],"picked":"Glacier+1","floor":23.0},{"not_picked":["Stack","Tempest"],"picked":"Conserve Battery+1","floor":27.0},{"not_picked":["Streamline","Beam Cell+1"],"picked":"Undo","floor":30.0},{"not_picked":["Leap","Steam","Creative AI"],"picked":"Singing Bowl","floor":31.0},{"not_picked":["Meteor Strike","Core Surge"],"picked":"Seek","floor":33.0},{"not_picked":["Steam","Leap"],"picked":"Ball Lightning+1","floor":35.0},{"not_picked":["Cold Snap","Scrape"],"picked":"Lockon","floor":37.0},{"not_picked":["Beam Cell+1","Coolheaded"],"picked":"Compile Driver+1","floor":38.0},{"not_picked":["Redo","Steam+1","Reprogram+1"],"picked":"Singing Bowl","floor":40.0},{"not_picked":["Stack","Steam Power","Cold Snap"],"picked":"Singing Bowl","floor":41.0},{"not_picked":["Multi-Cast","Rebound+1"],"picked":"Barrage","floor":44.0},{"not_picked":["Leap","Coolheaded"],"picked":"Double Energy","floor":45.0},{"not_picked":["Steam","Cold Snap","Beam Cell"],"picked":"Singing Bowl","floor":47.0},{"not_picked":["Rebound","Redo","Go for the Eyes"],"picked":"Singing Bowl","floor":49.0}],"player_experience":427971,"relics_obtained":[{"floor":9.0,"key":"Orichalcum"},{"floor":14.0,"key":"Potion Belt"},{"floor":23.0,"key":"Gremlin Horn"},{"floor":26.0,"key":"Singing Bowl"},{"floor":27.0,"key":"Whetstone"},{"floor":37.0,"key":"Ice Cream"},{"floor":41.0,"key":"Vajra"},{"floor":43.0,"key":"Dream Catcher"},{"floor":48.0,"key":"Torii"}],"event_choices":[{"damage_healed":0.0,"max_hp_gain":0.0,"max_hp_loss":0.0,"gold_gain":150.0,"event_name":"Liars Game","player_choice":"AGREE","floor":5.0,"gold_loss":0.0,"damage_taken":0.0,"cards_obtained":["Doubt"]},{"damage_healed":0.0,"max_hp_gain":0.0,"max_hp_loss":0.0,"gold_gain":0.0,"event_name":"Accursed Blacksmith","player_choice":"Rummage","floor":7.0,"gold_loss":0.0,"damage_taken":0.0,"relics_obtained":["WarpedTongs"],"cards_obtained":["Pain"]},{"damage_healed":0.0,"max_hp_gain":0.0,"max_hp_loss":0.0,"gold_gain":0.0,"event_name":"The Cleric","player_choice":"Leave","floor":10.0,"gold_loss":0.0,"damage_taken":0.0},{"cards_removed":["Doubt"],"damage_healed":0.0,"max_hp_gain":0.0,"max_hp_loss":0.0,"gold_gain":0.0,"event_name":"Living Wall","player_choice":"Forget","floor":12.0,"gold_loss":0.0,"damage_taken":0.0},{"cards_removed":["Strike_B"],"damage_healed":0.0,"max_hp_gain":0.0,"max_hp_loss":0.0,"gold_gain":0.0,"event_name":"Purifier","player_choice":"Purged","floor":21.0,"gold_loss":0.0,"damage_taken":0.0},{"damage_healed":0.0,"max_hp_gain":0.0,"max_hp_loss":0.0,"gold_gain":0.0,"event_name":"MindBloom","player_choice":"Fight","floor":37.0,"gold_loss":0.0,"damage_taken":0.0},{"damage_healed":0.0,"max_hp_gain":0.0,"max_hp_loss":0.0,"gold_gain":0.0,"event_name":"Mysterious Sphere","player_choice":"Ignored","floor":39.0,"gold_loss":0.0,"damage_taken":0.0}],"is_beta":false,"boss_relics":[{"not_picked":["Cursed Key","Empty Cage"],"picked":"Nuclear Battery"},{"not_picked":["Runic Dome","Velvet Choker"],"picked":"Inserter"}],"items_purged_floors":[11,25],"is_endless":false,"potions_floor_spawned":[3,14,18,20,23,30,31,37,38,41,45],"ascension_level":15}