{"gold_per_floor":[112,125,141,141,216,216,230,245,245,245,395,422,422,440,440,519,519,534,534,548,548,416,416,429,52,76,76,76],"floor_reached":28,"playtime":832,"items_purged":["Doubt","Strike_B"],"score":425,"play_id":"9ec9a280-0534-473a-abe3-10b38d340b12","local_time":"20190302193030","is_ascension_mode":true,"campfire_choices":[{"data":"Zap","floor":6.0,"key":"SMITH"},{"data":"Dualcast","floor":10.0,"key":"SMITH"},{"data":"Steam","floor":13.0,"key":"SMITH"},{"data":"Defragment","floor":15.0,"key":"SMITH"},{"floor":23.0,"key":"REST"},{"floor":27,"key":"REST"}],"neow_cost":"NONE","seed_source_timestamp":13474317154050,"circlet_count":0,"master_deck":["AscendersBane","Strike_B+1","Strike_B","Strike_B","Defend_B","Defend_B","Defend_B","Defend_B","Zap+1","Dualcast+1","Ball Lightning+1","Leap","Steam+1","Ball Lightning","FTL","Defragment+1","Creative AI","Steam+1","Self Repair"],"special_seed":0,"relics":["Cracked Core","Happy Flower","Dodecahedron","Ornamental Fan","Inserter","Meat on the Bone","Whetstone"],"potions_floor_usage":[24,24],"damage_taken":[{"damage":1.0,"enemies":"Cultist","floor":1.0,"turns":3.0},{"damage":7.0,"enemies":"Jaw Worm","floor":2.0,"turns":2.0},{"damage":0.0,"enemies":"2 Louse","floor":3.0,"turns":3.0},{"damage":6.0,"enemies":"Large Slime","floor":7.0,"turns":4.0},{"damage":0.0,"enemies":"2 Fungi Beasts","floor":8.0,"turns":2.0},{"damage":15.0,"enemies":"Lagavulin","floor":12.0,"turns":6.0},{"damage":4.0,"enemies":"Blue Slaver","floor":14.0,"turns":3.0},{"damage":4.0,"enemies":"The Guardian","floor":16.0,"turns":7.0},{"damage":17.0,"enemies":"Chosen","floor":18.0,"turns":5.0},{"damage":38.0,"enemies":"3 Byrds","floor":20.0,"turns":4.0},{"damage":13,"enemies":"Cultist and Chosen","floor":24,"turns":7},{"damage":55,"enemies":"Slavers","floor":28,"turns":3}],"seed_played":"-2219198368114513307","potions_obtained":[{"floor":7.0,"key":"Fire Potion"},{"floor":8.0,"key":"PowerPotion"},{"floor":12.0,"key":"Poison Potion"},{"floor":16.0,"key":"Dexterity Potion"},{"floor":18.0,"key":"FearPotion"}],"is_trial":false,"path_per_floor":["M","M","M","?","?","R","M","M","T","R","?","E","R","M","R","B",null,"M","?","M","?","$","R","M","$","T","R","E"],"character_chosen":"DEFECT","items_purchased":["SkillPotion","Meat on the Bone"],"campfire_rested":2,"item_purchase_floors":[22,25],"current_hp_per_floor":[63,56,56,61,50,50,44,44,44,44,44,29,29,25,25,21,62,45,45,7,7,7,29,23,23,23,45,0],"gold":76,"neow_bonus":"RANDOM_COMMON_RELIC","is_prod":false,"is_daily":false,"chose_seed":false,"campfire_upgraded":4,"win_rate":0,"timestamp":1551583830,"path_taken":["M","M","M","?","?","R","M","M","T","R","?","E","R","M","R","BOSS","M","?","M","?","$","R","M","$","T","R","E"],"build_version":"2019-01-23","purchased_purges":2,"victory":false,"max_hp_per_floor":[71,71,71,76,76,76,76,76,76,76,76,76,76,76,76,76,76,76,76,76,76,76,76,76,76,76,76,76],"card_choices":[{"not_picked":["Go for the Eyes","Hologram"],"picked":"Ball Lightning","floor":1.0},{"not_picked":["Scrape","Storm"],"picked":"Leap","floor":2.0},{"not_picked":["Beam Cell","Scrape"],"picked":"Steam","floor":3.0},{"not_picked":["Compile Driver","Stack"],"picked":"Ball Lightning","floor":7.0},{"not_picked":["Static Discharge","Consume"],"picked":"FTL","floor":8.0},{"not_picked":["Steam Power","Reboot","Beam Cell"],"picked":"SKIP","floor":12.0},{"not_picked":["Compile Driver","Steam Power"],"picked":"Defragment","floor":14.0},{"not_picked":["Core Surge","Meteor Strike"],"picked":"Creative AI","floor":16.0},{"not_picked":["Stack","Undo"],"picked":"Steam+1","floor":18.0},{"not_picked":["Steam","Streamline"],"picked":"Self Repair","floor":20.0},{"not_picked":["Streamline","Gash","Tempest"],"picked":"SKIP","floor":24}],"player_experience":1242092,"relics_obtained":[{"floor":9.0,"key":"Dodecahedron"},{"floor":12.0,"key":"Ornamental Fan"},{"floor":26,"key":"Whetstone"}],"event_choices":[{"damage_healed":0.0,"max_hp_gain":5.0,"max_hp_loss":0.0,"gold_gain":0.0,"event_name":"Big Fish","player_choice":"Donut","floor":4.0,"gold_loss":0.0,"damage_taken":0.0},{"damage_healed":0.0,"max_hp_gain":0.0,"max_hp_loss":0.0,"gold_gain":75.0,"event_name":"World of Goop","player_choice":"Gather Gold","floor":5.0,"gold_loss":0.0,"damage_taken":11.0},{"damage_healed":0.0,"max_hp_gain":0.0,"max_hp_loss":0.0,"gold_gain":150.0,"event_name":"Liars Game","player_choice":"AGREE","floor":11.0,"gold_loss":0.0,"damage_taken":0.0,"cards_obtained":["Doubt"]},{"damage_healed":0.0,"max_hp_gain":0.0,"max_hp_loss":0.0,"gold_gain":0.0,"event_name":"Vampires","player_choice":"Ignored","floor":19.0,"gold_loss":0.0,"damage_taken":0.0},{"damage_healed":0.0,"max_hp_gain":0.0,"max_hp_loss":0.0,"gold_gain":0.0,"event_name":"Ghosts","player_choice":"Ignored","floor":21.0,"gold_loss":0.0,"damage_taken":0.0}],"is_beta":false,"boss_relics":[{"not_picked":["FrozenCore","Empty Cage"],"picked":"Inserter"}],"items_purged_floors":[22,25],"is_endless":false,"potions_floor_spawned":[7,8,12,16,18],"killed_by":"Slavers","ascension_level":19}