{"gold_per_floor":[116,0,0,0,20,20,41,80,80,80,104,104,34,49,49,49],"floor_reached":16,"playtime":1169,"items_purged":["Parasite"],"score":160,"play_id":"f6777b2a-bc1e-4aec-8cbf-59abf017a810","local_time":"20180910181123","is_ascension_mode":true,"campfire_choices":[{"data":"Zap","floor":6,"key":"SMITH"},{"data":"Redo","floor":12,"key":"SMITH"},{"floor":15,"key":"REST"}],"neow_cost":"CURSE","seed_source_timestamp":1670226966141,"circlet_count":0,"master_deck":["Strike_B","Strike_B","Defend_B","Defend_B","Defend_B","Defend_B","Zap+1","Dualcast","AscendersBane","Thunder Strike","Redo","Double Energy","Auto Shields","Redo+1","Lockon","Hologram"],"relics":["Cracked Core","Bird Faced Urn","Golden Idol","Letter Opener","WingedGreaves"],"potions_floor_usage":[8,14,16],"damage_taken":[{"damage":14,"enemies":"2 Louse","floor":1,"turns":3},{"damage":8,"enemies":"Small Slimes","floor":5,"turns":3},{"damage":0,"enemies":"Cultist","floor":7,"turns":3},{"damage":14,"enemies":"Lagavulin","floor":8,"turns":5},{"damage":1,"enemies":"2 Fungi Beasts","floor":11,"turns":2},{"damage":0,"enemies":"3 Louse","floor":14,"turns":2},{"damage":56,"enemies":"Slime Boss","floor":16,"turns":7}],"seed_played":"-3603672628666875489","potions_obtained":[{"floor":7,"key":"SkillPotion"},{"floor":8,"key":"Poison Potion"},{"floor":11,"key":"Block Potion"}],"is_trial":false,"path_per_floor":["M","$","?","?","M","R","M","E","T","?","M","R","$","M","R"],"character_chosen":"DEFECT","items_purchased":["Double Energy","Lockon"],"campfire_rested":1,"item_purchase_floors":[2,13],"current_hp_per_floor":[54,54,42,42,34,34,34,26,26,26,25,25,25,25,45,0],"gold":49,"neow_bonus":"TRANSFORM_TWO_CARDS","is_prod":false,"is_daily":false,"chose_seed":false,"campfire_upgraded":2,"win_rate":0,"timestamp":1536621083,"path_taken":["M","$","?","?","M","R","M","E","T","?","M","R","$","M","R","BOSS"],"build_version":"2018-09-06","purchased_purges":1,"victory":false,"max_hp_per_floor":[75,72,72,67,67,67,67,67,67,67,67,67,67,67,67,67],"card_choices":[{"not_picked":["Gash","Sweeping Beam"],"picked":"Redo","floor":1},{"not_picked":["Turbo","Steam"],"picked":"Auto Shields","floor":5},{"not_picked":["Stack","Steam","Sweeping Beam"],"picked":"SKIP","floor":7},{"not_picked":["Barrage","All For One","Steam"],"picked":"SKIP","floor":8},{"not_picked":["Chaos","Self Repair"],"picked":"Redo","floor":11},{"not_picked":["Chill","Steam Power"],"picked":"Hologram","floor":14}],"player_experience":408210,"relics_obtained":[{"floor":8,"key":"Letter Opener"},{"floor":9,"key":"WingedGreaves"}],"event_choices":[{"event_name":"Scrap Ooze","player_choice":"success","floor":3,"damage_taken":12},{"event_name":"Golden Idol","player_choice":"Lose Max HP","floor":4,"damage_taken":0},{"event_name":"Living Wall","player_choice":"Forget","floor":10,"damage_taken":0}],"is_beta":false,"boss_relics":[],"items_purged_floors":[2],"is_endless":false,"potions_floor_spawned":[7,8,11],"killed_by":"Slime Boss","ascension_level":12}