{"gold_per_floor":[15,28,39,50,125,125,161,161,229,245,270,270,283,283,283,402,402,423,228,242,255,280,324,324,338,338,371,384,299,299,323,323,323],"floor_reached":33,"playtime":1312,"items_purged":["Defend_R"],"score":343,"play_id":"c371edc7-1dce-4517-ae1c-f13a4a1e3a13","local_time":"20190428043949","is_ascension_mode":false,"campfire_choices":[{"data":"Feed","floor":8.0,"key":"SMITH"},{"data":"Immolate","floor":12.0,"key":"SMITH"},{"data":"Bash","floor":15.0,"key":"SMITH"},{"data":"Flame Barrier","floor":24,"key":"SMITH"},{"data":"Iron Wave","floor":30,"key":"SMITH"},{"data":"Iron Wave","floor":32,"key":"SMITH"}],"neow_cost":"NO_GOLD","seed_source_timestamp":63110642989061,"circlet_count":0,"master_deck":["Strike_R","Strike_R","Strike_R","Strike_R","Strike_R","Defend_R","Defend_R","Bash+1","Immolate+1","Shrug It Off","Feed+1","Iron Wave+1","Shrug It Off","Offering","Flame Barrier+1","Iron Wave+1","True Grit+1"],"special_seed":0,"relics":["Burning Blood","Golden Idol","Unceasing Top","Runic Dome","Ancient Tea Set","Ginger","Kunai","Red Skull"],"potions_floor_usage":[16,16,23,27,27,27,33,33],"damage_taken":[{"damage":1.0,"enemies":"Cultist","floor":1.0,"turns":3.0},{"damage":3.0,"enemies":"2 Louse","floor":2.0,"turns":2.0},{"damage":3.0,"enemies":"Jaw Worm","floor":3.0,"turns":3.0},{"damage":7.0,"enemies":"Exordium Thugs","floor":4.0,"turns":3.0},{"damage":27.0,"enemies":"Lagavulin","floor":7.0,"turns":7.0},{"damage":1.0,"enemies":"Exordium Wildlife","floor":10.0,"turns":2.0},{"damage":9.0,"enemies":"Red Slaver","floor":11.0,"turns":8.0},{"damage":2.0,"enemies":"Looter","floor":13.0,"turns":2.0},{"damage":42,"enemies":"Slime Boss","floor":16,"turns":11},{"damage":8,"enemies":"3 Byrds","floor":18,"turns":4},{"damage":6,"enemies":"Chosen","floor":20,"turns":3},{"damage":0,"enemies":"Snecko","floor":21,"turns":5},{"damage":6,"enemies":"3 Cultists","floor":22,"turns":4},{"damage":21,"enemies":"Book of Stabbing","floor":23,"turns":7},{"damage":6,"enemies":"Cultist and Chosen","floor":25,"turns":4},{"damage":33,"enemies":"Gremlin Leader","floor":27,"turns":5},{"damage":8,"enemies":"Shelled Parasite and Fungi","floor":28,"turns":6},{"damage":6,"enemies":"3 Cultists","floor":31,"turns":3},{"damage":79,"enemies":"Automaton","floor":33,"turns":14}],"seed_played":"-2577545483186338936","potions_obtained":[{"floor":1.0,"key":"Fire Potion"},{"floor":7.0,"key":"SpeedPotion"},{"floor":10.0,"key":"FearPotion"},{"floor":16,"key":"SpeedPotion"},{"floor":20,"key":"EntropicBrew"},{"floor":22,"key":"Strength Potion"},{"floor":25,"key":"PowerPotion"}],"is_trial":false,"path_per_floor":["M","M","M","M","?","?","E","R","T","M","M","R","M","?","R","B",null,"M","$","M","M","M","E","R","M","T","E","M","?","R","M","R","B"],"character_chosen":"IRONCLAD","items_purchased":["Flame Barrier","PowerPotion"],"campfire_rested":0,"item_purchase_floors":[19,19],"current_hp_per_floor":[80,80,80,79,68,48,27,27,27,36,37,37,41,41,41,9,92,94,94,98,100,104,89,89,93,93,70,72,72,72,76,76,0],"gold":323,"neow_bonus":"THREE_RARE_CARDS","is_prod":false,"is_daily":false,"chose_seed":false,"campfire_upgraded":6,"win_rate":0,"timestamp":1556451589,"path_taken":["M","M","M","M","?","?","E","R","T","M","M","R","M","?","R","BOSS","M","$","M","M","M","E","R","M","T","E","M","?","R","M","R","BOSS"],"build_version":"2019-01-23","purchased_purges":1,"victory":false,"max_hp_per_floor":[80,80,80,80,80,80,80,80,80,84,88,88,88,88,88,92,92,96,96,100,100,104,104,104,108,108,112,116,116,116,120,120,120],"card_choices":[{"not_picked":["Barricade","Bludgeon"],"picked":"Immolate","floor":0.0},{"not_picked":["Dropkick","Perfected Strike","Body Slam"],"picked":"SKIP","floor":1.0},{"not_picked":["Uppercut","Warcry"],"picked":"Shrug It Off","floor":2.0},{"not_picked":["Sword Boomerang","Wild Strike","Entrench"],"picked":"SKIP","floor":3.0},{"not_picked":["Twin Strike","Clash","Fire Breathing"],"picked":"SKIP","floor":4.0},{"not_picked":["Bloodletting","True Grit"],"picked":"Feed","floor":7.0},{"not_picked":["Clash","Thunderclap"],"picked":"Iron Wave","floor":10.0},{"not_picked":["Havoc","Anger","Combust"],"picked":"SKIP","floor":11.0},{"not_picked":["Armaments","Rage"],"picked":"Shrug It Off","floor":13.0},{"not_picked":["Dark Embrace","Juggernaut"],"picked":"Offering","floor":16},{"not_picked":["Anger","Cleave+1","Flex"],"picked":"SKIP","floor":18},{"not_picked":["Fiend Fire","Warcry","Body Slam"],"picked":"SKIP","floor":20},{"not_picked":["Clash","Perfected Strike"],"picked":"Iron Wave","floor":21},{"not_picked":["Cleave","Pommel Strike","Bloodletting"],"picked":"SKIP","floor":22},{"not_picked":["Wild Strike","Warcry","Cleave"],"picked":"SKIP","floor":23},{"not_picked":["Flex+1","Blood for Blood","Combust"],"picked":"SKIP","floor":25},{"not_picked":["Havoc","Brutality","Perfected Strike+1"],"picked":"SKIP","floor":27},{"not_picked":["Flex+1","Sword Boomerang+1"],"picked":"True Grit+1","floor":28},{"not_picked":["Wild Strike","Thunderclap","Anger+1"],"picked":"SKIP","floor":31}],"player_experience":1279896,"relics_obtained":[{"floor":7.0,"key":"Unceasing Top"},{"floor":23,"key":"Ancient Tea Set"},{"floor":26,"key":"Ginger"},{"floor":27,"key":"Kunai"}],"event_choices":[{"damage_healed":0.0,"max_hp_gain":0.0,"max_hp_loss":0.0,"gold_gain":75.0,"event_name":"World of Goop","player_choice":"Gather Gold","floor":5.0,"gold_loss":0.0,"damage_taken":11.0},{"damage_healed":0.0,"max_hp_gain":0.0,"max_hp_loss":0.0,"gold_gain":0.0,"event_name":"Golden Idol","player_choice":"Take Damage","floor":6.0,"gold_loss":0.0,"damage_taken":20.0,"relics_obtained":["Golden Idol"]},{"cards_removed":["Defend_R"],"damage_healed":0.0,"max_hp_gain":0.0,"max_hp_loss":0.0,"gold_gain":0.0,"event_name":"Purifier","player_choice":"Purged","floor":14.0,"gold_loss":0.0,"damage_taken":0.0},{"damage_healed":0,"gold_gain":0,"player_choice":"Obtained Relic","damage_taken":0,"relics_obtained":["Red Skull"],"max_hp_gain":0,"max_hp_loss":0,"event_name":"Addict","floor":29,"gold_loss":85}],"is_beta":false,"boss_relics":[{"not_picked":["Snecko Eye","Lizard Tail"],"picked":"Runic Dome"}],"items_purged_floors":[19],"is_endless":false,"potions_floor_spawned":[1,7,10,16,20,21,22,25,31],"killed_by":"Automaton","ascension_level":0}