{"gold_per_floor":[110,18,18,18,18,57,57,95,95,95,129,147,166,166,166,257,257,257,257,257,257,257,257,257,257,257,19,19],"floor_reached":28,"playtime":4942,"items_purged":["Writhe"],"score":543,"play_id":"3792f395-9f16-469b-af52-ae668100cc9d","local_time":"20190118011247","is_ascension_mode":true,"campfire_choices":[{"data":"Neutralize","floor":7.0,"key":"SMITH"},{"floor":15.0,"key":"REST"},{"floor":23.0,"key":"REST"}],"neow_cost":"NONE","seed_source_timestamp":0,"circlet_count":0,"master_deck":["AscendersBane","Defend_G","Defend_G","Defend_G","Defend_G","Strike_G","Strike_G","Strike_G","Strike_G","Strike_G","Survivor+1","Neutralize+1","Dash","Infinite Blades","Backflip+1","Terror","Slice","PiercingWail","Venomology","A Thousand Cuts","Cloak And Dagger","Blade Dance","Burst","Caltrops+1","Footwork"],"special_seed":0,"relics":["Ring of the Snake","NeowsBlessing","War Paint","Golden Idol","Centennial Puzzle","Pen Nib","Blue Candle","Potion Belt","Ectoplasm","Shuriken","Pantograph"],"potions_floor_usage":[28,28,28],"damage_taken":[{"damage":0.0,"enemies":"Jaw Worm","floor":1.0,"turns":1.0},{"damage":0.0,"enemies":"Lagavulin","floor":6.0,"turns":1.0},{"damage":0.0,"enemies":"3 Sentries","floor":8.0,"turns":1.0},{"damage":24.0,"enemies":"Gremlin Nob","floor":11.0,"turns":5.0},{"damage":4.0,"enemies":"2 Louse","floor":12.0,"turns":3.0},{"damage":0.0,"enemies":"Small Slimes","floor":13.0,"turns":3.0},{"damage":8.0,"enemies":"The Guardian","floor":16.0,"turns":10.0},{"damage":25.0,"enemies":"Spheric Guardian","floor":18.0,"turns":6.0},{"damage":7.0,"enemies":"Chosen","floor":20.0,"turns":5.0},{"damage":3.0,"enemies":"Snake Plant","floor":21.0,"turns":5.0},{"damage":8.0,"enemies":"Colosseum Slavers","floor":22.0,"turns":4.0},{"damage":14.0,"enemies":"Centurion and Healer","floor":24.0,"turns":7.0},{"damage":12.0,"enemies":"Cultist and Chosen","floor":25.0,"turns":7.0},{"damage":3,"enemies":"Snake Plant","floor":28,"turns":3}],"seed_played":"1152670779098508917","potions_obtained":[{"floor":12.0,"key":"GamblersBrew"},{"floor":13.0,"key":"PowerPotion"},{"floor":16.0,"key":"Strength Potion"},{"floor":24.0,"key":"SpeedPotion"},{"floor":25.0,"key":"SteroidPotion"}],"is_trial":false,"path_per_floor":["M","$","?","?","?","E","R","E","T","?","E","M","M","?","R","B",null,"M","?","M","M","?","R","M","M","T","$","M"],"character_chosen":"THE_SILENT","items_purchased":["Infinite Blades","Backflip","GhostInAJar","Footwork"],"campfire_rested":2,"item_purchase_floors":[2,2,27,27],"current_hp_per_floor":[59,59,59,36,29,29,29,29,29,29,5,1,1,1,20,12,53,28,28,21,18,10,29,15,3,3,3,0],"gold":19,"neow_bonus":"THREE_ENEMY_KILL","is_prod":false,"is_daily":false,"chose_seed":false,"campfire_upgraded":1,"win_rate":0,"timestamp":1547802767,"path_taken":["M","$","?","?","?","E","R","E","T","?","E","?","M","?","R","BOSS","M","?","M","M","?","R","?","M","T","$","M"],"build_version":"2019-01-17","purchased_purges":1,"victory":false,"max_hp_per_floor":[66,66,66,66,66,66,66,66,66,66,66,66,66,66,66,66,66,66,66,66,66,66,66,66,66,66,66,66],"card_choices":[{"not_picked":["Quick Slash","Dagger Spray"],"picked":"Dash","floor":1.0},{"not_picked":["Dodge and Roll","Distraction","Phantasmal Killer"],"picked":"SKIP","floor":6.0},{"not_picked":["Concentrate","Dagger Throw"],"picked":"Terror","floor":8.0},{"not_picked":["Masterful Stab","Flying Knee","Slice"],"picked":"SKIP","floor":11.0},{"not_picked":["Slice","Deflect"],"picked":"PiercingWail","floor":12.0},{"not_picked":["Underhanded Strike","Skewer"],"picked":"Venomology","floor":13.0},{"not_picked":["Phantasmal Killer","Doppelganger"],"picked":"A Thousand Cuts","floor":16.0},{"not_picked":["Outmaneuver+1","Slice"],"picked":"Cloak And Dagger","floor":18.0},{"not_picked":["Riddle With Holes","Bane"],"picked":"Blade Dance","floor":20.0},{"not_picked":["Riddle With Holes","Masterful Stab","Prepared"],"picked":"SKIP","floor":21.0},{"not_picked":["Deadly Poison","Underhanded Strike"],"picked":"Burst","floor":24.0},{"not_picked":["Choke","Blade Dance"],"picked":"Caltrops+1","floor":25.0}],"player_experience":1148841,"relics_obtained":[{"floor":6.0,"key":"Centennial Puzzle"},{"floor":8.0,"key":"Pen Nib"},{"floor":9.0,"key":"Blue Candle"},{"floor":11.0,"key":"Potion Belt"},{"floor":26.0,"key":"Pantograph"}],"event_choices":[{"damage_healed":0.0,"max_hp_gain":0.0,"max_hp_loss":0.0,"gold_gain":0.0,"event_name":"Big Fish","player_choice":"Box","floor":3.0,"gold_loss":0.0,"damage_taken":0.0,"relics_obtained":["War Paint"],"cards_obtained":["Regret"]},{"damage_healed":0.0,"max_hp_gain":0.0,"max_hp_loss":0.0,"gold_gain":0.0,"event_name":"Golden Idol","player_choice":"Take Damage","floor":4.0,"gold_loss":0.0,"damage_taken":23.0,"relics_obtained":["Golden Idol"]},{"cards_removed":["Regret"],"damage_healed":0.0,"max_hp_gain":0.0,"max_hp_loss":0.0,"gold_gain":0.0,"event_name":"Golden Wing","player_choice":"Card Removal","floor":5.0,"gold_loss":0.0,"damage_taken":7.0},{"damage_healed":0.0,"max_hp_gain":0.0,"max_hp_loss":0.0,"gold_gain":0.0,"cards_transformed":["Defend_G"],"event_name":"Transmorgrifier","player_choice":"Transformed","floor":10.0,"gold_loss":0.0,"damage_taken":0.0,"cards_obtained":["Slice"]},{"damage_healed":0.0,"max_hp_gain":0.0,"max_hp_loss":0.0,"gold_gain":0.0,"event_name":"Scrap Ooze","player_choice":"Fled","floor":14.0,"gold_loss":0.0,"damage_taken":0.0},{"damage_healed":0.0,"max_hp_gain":0.0,"max_hp_loss":0.0,"gold_gain":0.0,"event_name":"The Mausoleum","player_choice":"Opened","floor":19.0,"gold_loss":0.0,"damage_taken":0.0,"relics_obtained":["Shuriken"],"cards_obtained":["Writhe"]},{"damage_healed":0.0,"max_hp_gain":0.0,"max_hp_loss":0.0,"gold_gain":0.0,"event_name":"Colosseum","player_choice":"Fight","floor":22.0,"gold_loss":0.0,"damage_taken":0.0},{"damage_healed":0.0,"max_hp_gain":0.0,"max_hp_loss":0.0,"gold_gain":0.0,"event_name":"Colosseum","player_choice":"Fled From Nobs","floor":22.0,"gold_loss":0.0,"damage_taken":0.0}],"is_beta":false,"boss_relics":[{"not_picked":["Snecko Eye","Ring of the Serpent"],"picked":"Ectoplasm"}],"items_purged_floors":[27],"is_endless":false,"potions_floor_spawned":[12,13,16,22,24,25],"killed_by":"Snake Plant","ascension_level":18}