{"path_per_floor":["M","?","M","?","M","R","E","R","T","$","M","$","E","M","R","B",null,"M","$","$","?","M","E","R","M","T","M","R","?","M","M","R"],"character_chosen":"IRONCLAD","items_purchased":["Iron Wave","Metallicize","Dual Wield"],"gold_per_floor":[116,291,306,381,396,396,431,431,431,259,278,143,176,195,195,300,300,313,188,38,38,51,77,77,90,116,126,126,126,141,152,152,152],"floor_reached":33,"campfire_rested":3,"playtime":2728,"current_hp_per_floor":[80,80,80,69,70,70,31,31,31,31,29,29,19,20,44,37,80,57,57,57,80,60,42,42,34,34,16,40,40,26,24,48,0],"items_purged":["Strike_R","Doubt","Strike_R","Injury"],"gold":152,"score":277,"play_id":"ebbb33d5-2838-4c33-a5b2-c8444714dc29","local_time":"20180327223856","is_prod":false,"is_daily":false,"is_ascension_mode":false,"campfire_upgraded":3,"timestamp":1522215536,"path_taken":["M","?","M","?","M","R","E","R","T","$","M","$","E","M","R","BOSS","M","?","$","?","M","E","R","?","T","M","R","?","?","M","R","BOSS"],"build_version":"2018-03-22v2","purchased_purges":4,"victory":false,"master_deck":["Strike_R","Strike_R","Strike_R","Defend_R+1","Defend_R","Defend_R","Defend_R","Bash","Berserk","Spot Weakness","Searing Blow+3","Iron Wave","Metallicize","Dual Wield","Clothesline","Iron Wave","Limit Break+1","Flex"],"max_hp_per_floor":[80,80,80,80,80,80,80,80,80,80,80,80,80,80,80,80,80,80,80,80,80,80,80,80,80,80,80,80,80,80,80,80,80],"relics":["Black Blood","Torii","Prayer Wheel","Blood Vial","Mercury Hourglass","War Paint"],"card_choices":[{"not_picked":["Impervious","Brutality"],"picked":"Berserk","floor":0},{"not_picked":["Armaments","Flame Barrier"],"picked":"Spot Weakness","floor":1},{"not_picked":["Seeing Red","Spot Weakness"],"picked":"Searing Blow","floor":3},{"not_picked":["Cleave","Rampage"],"picked":"Clothesline","floor":13},{"not_picked":["Havoc","Cleave"],"picked":"Iron Wave","floor":14},{"not_picked":["Dark Embrace","Exhume"],"picked":"Limit Break","floor":16},{"not_picked":["Clash","Twin Strike"],"picked":"Flex","floor":25}],"player_experience":177749,"potions_floor_usage":[13,13,23,23,30,30],"damage_taken":[{"damage":6,"enemies":"Jaw Worm","floor":1,"turns":6},{"damage":3,"enemies":"Small Slimes","floor":3,"turns":3},{"damage":5,"enemies":"Cultist","floor":5,"turns":4},{"damage":45,"enemies":"3 Sentries","floor":7,"turns":10},{"damage":8,"enemies":"Large Slime","floor":11,"turns":7},{"damage":16,"enemies":"Gremlin Nob","floor":13,"turns":3},{"damage":7,"enemies":"Looter","floor":14,"turns":4},{"damage":15,"enemies":"Hexaghost","floor":16,"turns":10},{"damage":33,"enemies":"Spheric Guardian","floor":18,"turns":9},{"damage":30,"enemies":"3 Byrds","floor":22,"turns":8},{"damage":30,"enemies":"Book of Stabbing","floor":23,"turns":7},{"damage":20,"enemies":"Snake Plant","floor":25,"turns":6},{"damage":30,"enemies":"Sentry and Sphere","floor":27,"turns":7},{"damage":26,"enemies":"Slaver and Parasite","floor":30,"turns":7},{"damage":14,"enemies":"Snake Plant","floor":31,"turns":7},{"damage":56,"enemies":"Champ","floor":33,"turns":11}],"event_choices":[{"event_name":"Liars Game","player_choice":"agreed","floor":2,"damage_taken":0},{"event_name":"World of Goop","player_choice":"Gather Gold","floor":4,"damage_taken":0},{"event_name":"The Library","player_choice":"Heal","floor":21,"damage_taken":0},{"event_name":"Vampires","player_choice":"Ignored","floor":29,"damage_taken":0}],"boss_relics":[{"not_picked":["Tiny House","Snecko Eye"],"picked":"Black Blood"}],"potions_floor_spawned":[1,3,5,14,22,23],"seed_played":"-1673733670773225206","killed_by":"Champ","ascension_level":0,"is_trial":false}