{"gold_per_floor":[117,117,42,55,71,97,77,77,104,134,134],"floor_reached":11,"playtime":347,"items_purged":["Regret"],"score":89,"play_id":"71c96a45-9f2c-45bf-9bde-0dc6068c9711","local_time":"20190417225324","is_ascension_mode":true,"campfire_choices":[{"data":"Defragment","floor":8,"key":"SMITH"}],"neow_cost":"NONE","seed_source_timestamp":620276529924294,"circlet_count":0,"master_deck":["Strike_B","Strike_B","Strike_B","Strike_B","Defend_B","Defend_B","Defend_B","Defend_B","Zap","Dualcast","Heatsinks","Defragment+1","Genetic Algorithm","Consume"],"relics":["Cracked Core","NeowsBlessing","Bag of Marbles","Dream Catcher","Orichalcum","Sundial"],"potions_floor_usage":[11],"damage_taken":[{"damage":0,"enemies":"Cultist","floor":1,"turns":1},{"damage":0,"enemies":"2 Louse","floor":4,"turns":1},{"damage":0,"enemies":"Jaw Worm","floor":5,"turns":1},{"damage":34,"enemies":"Lagavulin","floor":6,"turns":7},{"damage":31,"enemies":"3 Sentries","floor":10,"turns":8},{"damage":15,"enemies":"2 Fungi Beasts","floor":11,"turns":3}],"seed_played":"1939529001023587929","potions_obtained":[{"floor":6,"key":"LiquidBronze"},{"floor":7,"key":"Ancient Potion"},{"floor":10,"key":"EssenceOfSteel"}],"is_trial":false,"path_per_floor":["M","?","$","M","M","E","?","R","T","E","M"],"character_chosen":"DEFECT","items_purchased":[],"campfire_rested":0,"item_purchase_floors":[],"current_hp_per_floor":[75,75,75,75,75,41,41,41,41,10,0],"gold":134,"neow_bonus":"THREE_ENEMY_KILL","is_prod":false,"is_daily":false,"chose_seed":false,"campfire_upgraded":1,"win_rate":0,"timestamp":1555556004,"path_taken":["M","?","$","M","M","E","?","R","T","E","?"],"build_version":"2019-01-23","purchased_purges":1,"victory":false,"max_hp_per_floor":[75,75,75,75,75,75,75,75,75,75,75],"card_choices":[{"not_picked":["Barrage","Steam"],"picked":"Heatsinks","floor":1},{"not_picked":["Conserve Battery","Compile Driver"],"picked":"Defragment","floor":4},{"not_picked":["Auto Shields","Leap"],"picked":"Genetic Algorithm","floor":5},{"not_picked":["Scrape","Force Field"],"picked":"Consume","floor":6},{"not_picked":["Doom and Gloom","Cold Snap","Reinforced Body"],"picked":"SKIP","floor":10}],"player_experience":53518,"relics_obtained":[{"floor":6,"key":"Dream Catcher"},{"floor":9,"key":"Orichalcum"},{"floor":10,"key":"Sundial"}],"event_choices":[{"damage_healed":0,"gold_gain":0,"player_choice":"Box","damage_taken":0,"relics_obtained":["Bag of Marbles"],"max_hp_gain":0,"max_hp_loss":0,"event_name":"Big Fish","floor":2,"gold_loss":0,"cards_obtained":["Regret"]},{"damage_healed":0,"gold_gain":0,"player_choice":"Bought 1 Potion","damage_taken":0,"max_hp_gain":0,"max_hp_loss":0,"event_name":"The Woman in Blue","floor":7,"gold_loss":0}],"is_beta":false,"boss_relics":[],"items_purged_floors":[3],"is_endless":false,"potions_floor_spawned":[6,10],"killed_by":"2 Fungi Beasts","ascension_level":2}