{"gold_per_floor":[110,110,128,128,147,147,167,167,191,206,206,240,240,253,253,253],"floor_reached":16,"playtime":702,"items_purged":[],"score":122,"play_id":"94e89b17-f60b-40ec-9c91-f221f2b0bb25","local_time":"20180719194309","is_ascension_mode":true,"campfire_choices":[{"data":"Genetic Algorithm","floor":6,"key":"SMITH"},{"data":"Zap","floor":8,"key":"SMITH"},{"data":"Go for the Eyes","floor":11,"key":"SMITH"},{"data":"Fusion","floor":15,"key":"SMITH"}],"neow_cost":"","seed_source_timestamp":6430149198732,"circlet_count":0,"master_deck":["Strike_B","Strike_B","Strike_B","Defend_B","Defend_B","Defend_B","Defend_B","Zap+1","Dualcast","Fusion+1","Tempest","Genetic Algorithm+1","Go for the Eyes+1","Leap","Parasite","Leap"],"relics":["Cracked Core","Golden Idol","Potion Belt","Centennial Puzzle"],"potions_floor_usage":[16,16,16,16],"damage_taken":[{"damage":0,"enemies":"2 Louse","floor":1,"turns":3},{"damage":0,"enemies":"Cultist","floor":3,"turns":4},{"damage":4,"enemies":"Small Slimes","floor":5,"turns":2},{"damage":4,"enemies":"Exordium Wildlife","floor":7,"turns":4},{"damage":5,"enemies":"2 Fungi Beasts","floor":10,"turns":4},{"damage":32,"enemies":"Lagavulin","floor":12,"turns":6},{"damage":2,"enemies":"3 Louse","floor":14,"turns":3},{"damage":21,"enemies":"Hexaghost","floor":16,"turns":9}],"seed_played":"6540147321482879169","potions_obtained":[{"floor":1,"key":"Strength Potion"},{"floor":3,"key":"Swift Potion"},{"floor":12,"key":"AttackPotion"},{"floor":14,"key":"LiquidBronze"}],"is_trial":false,"path_per_floor":["M","?","M","?","M","R","M","R","T","M","R","E","?","M","R"],"character_chosen":"DEFECT","items_purchased":[],"campfire_rested":0,"item_purchase_floors":[],"current_hp_per_floor":[75,68,68,50,46,46,42,42,42,37,37,5,23,21,21,0],"gold":253,"neow_bonus":"","is_prod":false,"is_daily":false,"chose_seed":false,"campfire_upgraded":4,"win_rate":0,"timestamp":1532054589,"path_taken":["M","?","?","?","M","R","M","R","T","M","R","E","?","M","R","BOSS"],"build_version":"2018-07-19","purchased_purges":0,"victory":false,"max_hp_per_floor":[75,75,75,75,75,75,75,75,75,75,75,75,75,75,75,75],"card_choices":[{"not_picked":["Recycle","Turbo"],"picked":"Fusion","floor":1},{"not_picked":["Stack","Compile Driver"],"picked":"Tempest","floor":3},{"not_picked":["Sweeping Beam","Darkness"],"picked":"Genetic Algorithm","floor":5},{"not_picked":["Steam","Skim","Rebound"],"picked":"SKIP","floor":7},{"not_picked":["Creative AI","Beam Cell"],"picked":"Go for the Eyes","floor":10},{"not_picked":["Rebound","FTL"],"picked":"Leap","floor":12},{"not_picked":["Steam Power","Compile Driver"],"picked":"Leap","floor":14}],"player_experience":638225,"relics_obtained":[{"floor":9,"key":"Potion Belt"},{"floor":12,"key":"Centennial Puzzle"}],"event_choices":[{"event_name":"Golden Wing","player_choice":"Card Removal","floor":2,"damage_taken":0},{"event_name":"Golden Idol","player_choice":"Take Damage","floor":4,"damage_taken":0},{"event_name":"Mushrooms","player_choice":"Healed and dodged fight","floor":13,"damage_taken":0}],"is_beta":false,"boss_relics":[],"items_purged_floors":[],"is_endless":false,"potions_floor_spawned":[1,3,12,14],"killed_by":"Hexaghost","ascension_level":4}