{"gold_per_floor":[110,110,35,0,13,28,28,39,39,69,87,87,87,103,103,103],"floor_reached":16,"playtime":415,"items_purged":["Regret"],"score":199,"play_id":"0c82421b-dec9-4ee5-bb92-6d63e0c53fd5","local_time":"20190227111501","is_ascension_mode":true,"campfire_choices":[{"data":"Zap","floor":7.0,"key":"SMITH"},{"data":"Dualcast","floor":13.0,"key":"SMITH"},{"data":"Consume","floor":15.0,"key":"SMITH"}],"neow_cost":"NONE","seed_source_timestamp":12670946542382,"circlet_count":0,"master_deck":["AscendersBane","Strike_B+1","Strike_B","Strike_B","Strike_B","Defend_B","Defend_B","Defend_B","Defend_B","Zap+1","Dualcast+1","BootSequence","Ball Lightning+1","Core Surge","Consume+1","Steam","Leap"],"special_seed":0,"relics":["Cracked Core","Potion Belt","Meat on the Bone","Whetstone","Molten Egg 2","Golden Idol"],"potions_floor_usage":[16],"damage_taken":[{"damage":2.0,"enemies":"Cultist","floor":1.0,"turns":4.0},{"damage":10.0,"enemies":"Small Slimes","floor":5.0,"turns":4.0},{"damage":0.0,"enemies":"2 Louse","floor":6.0,"turns":1.0},{"damage":8.0,"enemies":"Large Slime","floor":8.0,"turns":4.0},{"damage":9.0,"enemies":"Gremlin Nob","floor":10.0,"turns":3.0},{"damage":0.0,"enemies":"3 Louse","floor":11.0,"turns":2.0},{"damage":0.0,"enemies":"Red Slaver","floor":14.0,"turns":3.0},{"damage":32,"enemies":"Hexaghost","floor":16,"turns":10}],"seed_played":"-4988277493732147857","potions_obtained":[{"floor":1.0,"key":"AttackPotion"},{"floor":5.0,"key":"EssenceOfSteel"}],"is_trial":false,"path_per_floor":["M","?","$","?","M","M","R","M","T","E","M","?","R","M","R","B"],"character_chosen":"DEFECT","items_purchased":[],"campfire_rested":0,"item_purchase_floors":[],"current_hp_per_floor":[62,62,62,71,61,61,61,53,53,44,44,20,20,32,32,0],"gold":103,"neow_bonus":"RANDOM_COMMON_RELIC","is_prod":false,"is_daily":false,"chose_seed":false,"campfire_upgraded":3,"win_rate":0,"timestamp":1551294901,"path_taken":["M","?","$","?","M","M","R","M","T","E","M","?","R","M","R","BOSS"],"build_version":"2019-01-23","purchased_purges":1,"victory":false,"max_hp_per_floor":[71,71,71,71,71,71,71,71,71,71,71,71,71,71,71,71],"card_choices":[{"not_picked":["Ball Lightning","Aggregate"],"picked":"BootSequence","floor":1.0},{"not_picked":["Undo","Turbo"],"picked":"Ball Lightning","floor":5.0},{"not_picked":["Gash","Aggregate"],"picked":"Core Surge","floor":6.0},{"not_picked":["Conserve Battery","Static Discharge"],"picked":"Consume","floor":8.0},{"not_picked":["Redo","Turbo"],"picked":"Steam","floor":10.0},{"not_picked":["Beam Cell+1","Recycle","Streamline+1"],"picked":"SKIP","floor":11.0},{"not_picked":["Doom and Gloom+1","Tempest"],"picked":"Leap","floor":14.0}],"player_experience":1236615,"relics_obtained":[{"floor":9.0,"key":"Whetstone"},{"floor":10.0,"key":"Molten Egg 2"}],"event_choices":[{"damage_healed":0.0,"max_hp_gain":0.0,"max_hp_loss":0.0,"gold_gain":0.0,"event_name":"Big Fish","player_choice":"Box","floor":2.0,"gold_loss":0.0,"damage_taken":0.0,"relics_obtained":["Meat on the Bone"],"cards_obtained":["Regret"]},{"damage_healed":17.0,"max_hp_gain":0.0,"max_hp_loss":0.0,"gold_gain":0.0,"event_name":"The Cleric","player_choice":"Healed","floor":4.0,"gold_loss":35.0,"damage_taken":0.0},{"damage_healed":0.0,"max_hp_gain":0.0,"max_hp_loss":0.0,"gold_gain":0.0,"event_name":"Golden Idol","player_choice":"Take Damage","floor":12.0,"gold_loss":0.0,"damage_taken":24.0,"relics_obtained":["Golden Idol"]}],"is_beta":false,"boss_relics":[],"items_purged_floors":[3],"is_endless":false,"potions_floor_spawned":[1,5],"killed_by":"Hexaghost","ascension_level":19}