{"gold_per_floor":[111,111,128,128,140,169,130,130,183,183,212,212,212,226,226,328,328,328,268,268,268,126,126,126,126,126,26,26,26,26,26,26,26,26,26,26,26,26,0,0,0,0,0,0,0,0,0,0,0,0],"floor_reached":51,"playtime":5136,"items_purged":["Strike_B","Strike_B"],"score":947,"play_id":"12eded17-173f-4f7d-b45a-02566417b43c","local_time":"20180725222309","is_ascension_mode":true,"campfire_choices":[{"floor":8,"key":"REST"},{"floor":10,"key":"REST"},{"data":"Dualcast","floor":12,"key":"SMITH"},{"data":"Coolheaded","floor":15,"key":"SMITH"},{"data":"Tempest","floor":23,"key":"SMITH"},{"floor":28,"key":"REST"},{"floor":32,"key":"REST"},{"floor":40,"key":"REST"},{"floor":44,"key":"REST"},{"floor":49,"key":"REST"}],"neow_cost":"FIFTY_PERCENT_DAMAGE","seed_source_timestamp":0,"circlet_count":0,"master_deck":["Defend_B","Defend_B","Defend_B+1","Defend_B","Zap+1","Conserve Battery+1","Beam Cell","Doom and Gloom","Thunder Strike+1","Coolheaded+1","Rainbow+1","Glacier+1","Cold Snap+1","Tempest+1","Redo+1","Seek","Ball Lightning","Static Discharge","Defragment+1","Core Surge","Steam+1","Darkness+1","Steam Power+1"],"special_seed":0,"relics":["Cracked Core","War Paint","Regal Pillow","Dodecahedron","Ectoplasm","Du-Vu Doll","Happy Flower","Fusion Hammer","Bird Faced Urn","Red Mask","Calipers","Letter Opener","Incense Burner"],"potions_floor_usage":[6,6,29,33,33,33,50,50,50],"damage_taken":[{"damage":7.0,"enemies":"Jaw Worm","floor":1.0,"turns":3.0},{"damage":0.0,"enemies":"Cultist","floor":3.0,"turns":3.0},{"damage":3.0,"enemies":"2 Louse","floor":5.0,"turns":3.0},{"damage":19,"enemies":"Gremlin Nob","floor":6,"turns":4},{"damage":5,"enemies":"Lagavulin","floor":11,"turns":6},{"damage":2,"enemies":"2 Fungi Beasts","floor":14,"turns":3},{"damage":32,"enemies":"The Guardian","floor":16,"turns":12},{"damage":2,"enemies":"Chosen","floor":18,"turns":3},{"damage":9,"enemies":"2 Thieves","floor":19,"turns":4},{"damage":14,"enemies":"Snake Plant","floor":21,"turns":3},{"damage":0,"enemies":"Sentry and Sphere","floor":24,"turns":3},{"damage":38,"enemies":"Gremlin Leader","floor":25,"turns":5},{"damage":14,"enemies":"Slaver and Parasite","floor":29,"turns":4},{"damage":20,"enemies":"Snake Plant","floor":31,"turns":2},{"damage":9,"enemies":"Collector","floor":33,"turns":7},{"damage":9,"enemies":"3 Darklings","floor":35,"turns":5},{"damage":11,"enemies":"Flame Bruiser 1 Orb","floor":36,"turns":3},{"damage":35,"floor":38,"turns":3},{"damage":27,"enemies":"Giant Head","floor":41,"turns":8},{"damage":0,"enemies":"3 Darklings","floor":45,"turns":3},{"damage":28,"enemies":"Nemesis","floor":46,"turns":7},{"damage":4,"enemies":"Transient","floor":47,"turns":5},{"damage":0,"enemies":"Maw","floor":48,"turns":6},{"damage":19,"enemies":"Awakened One","floor":50,"turns":7}],"seed_played":"-5712788722618321546","potions_obtained":[{"floor":1.0,"key":"Swift Potion"},{"floor":3.0,"key":"EssenceOfSteel"},{"floor":6,"key":"Explosive Potion"},{"floor":16,"key":"Ancient Potion"},{"floor":25,"key":"PowerPotion"},{"floor":29,"key":"Strength Potion"},{"floor":33,"key":"Ancient Potion"},{"floor":35,"key":"SpeedPotion"},{"floor":38,"key":"FocusPotion"},{"floor":45,"key":"FearPotion"},{"floor":47,"key":"Regen Potion"}],"is_trial":false,"path_per_floor":["M","?","M","?","M","E","?","R","T","R","E","R","?","M","R","B",null,"M","M","?","M","$","R","M","E","T","$","R","M","?","M","R","B",null,"M","M","?","?","?","R","E","?","T","R","M","E","M","M","R","B"],"character_chosen":"DEFECT","items_purchased":["Seek"],"campfire_rested":7,"item_purchase_floors":[22],"current_hp_per_floor":[38,38,38,31,28,9,9,35,35,76,71,71,53,51,51,19,89,87,78,78,64,64,64,64,26,26,26,67,53,53,33,74,65,89,80,69,69,34,34,75,52,52,52,89,89,63,63,67,89,87],"gold":0,"neow_bonus":"TWENTY_PERCENT_HP_BONUS","is_prod":false,"is_daily":false,"chose_seed":false,"campfire_upgraded":3,"win_rate":0,"timestamp":1532582589,"path_taken":["M","?","?","?","M","E","?","R","T","R","E","R","?","M","R","BOSS","M","M","?","M","?","R","?","E","T","?","R","M","?","M","R","BOSS","M","M","?","?","?","R","E","?","T","R","?","E","?","M","R","BOSS"],"build_version":"2018-07-19v2","purchased_purges":2,"victory":true,"max_hp_per_floor":[89,89,89,89,89,89,89,89,89,89,89,89,89,89,89,89,89,89,89,89,89,89,89,89,89,89,89,89,89,89,89,89,89,89,89,89,89,89,89,89,89,89,89,89,89,89,89,89,89,89],"card_choices":[{"not_picked":["Hologram","Sweeping Beam"],"picked":"Conserve Battery","floor":1.0},{"not_picked":["Compile Driver","Aggregate","Force Field"],"picked":"SKIP","floor":3.0},{"not_picked":["Gash","Consume"],"picked":"Doom and Gloom","floor":5.0},{"not_picked":["Force Field","Hologram","Compile Driver"],"picked":"SKIP","floor":6},{"not_picked":["Barrage","Stack"],"picked":"Thunder Strike","floor":11},{"not_picked":["Force Field","Beam Cell"],"picked":"Coolheaded","floor":14},{"not_picked":["Fission","Amplify"],"picked":"Rainbow","floor":16},{"not_picked":["Beam Cell","Gash+1"],"picked":"Glacier+1","floor":18},{"not_picked":["Stack","Machine Learning"],"picked":"Cold Snap+1","floor":19},{"not_picked":["Skim","Turbo"],"picked":"Redo+1","floor":21},{"not_picked":["Leap","Hologram"],"picked":"Ball Lightning","floor":24},{"not_picked":["Melter+1","Cold Snap"],"picked":"Static Discharge","floor":25},{"not_picked":["Skim","Gash"],"picked":"Defragment+1","floor":29},{"not_picked":["Doom and Gloom","Cold Snap","Steam"],"picked":"SKIP","floor":31},{"not_picked":["Fission","Hyperbeam"],"picked":"Core Surge","floor":33},{"not_picked":["Turbo+1","Cold Snap","Sunder"],"picked":"SKIP","floor":35},{"not_picked":["Leap","Stack"],"picked":"Steam+1","floor":36},{"not_picked":["Turbo","Rebound","Defragment+1"],"picked":"SKIP","floor":41},{"not_picked":["All For One","Coolheaded","Heatsinks"],"picked":"SKIP","floor":45},{"not_picked":["Heatsinks","Hello World","Coolheaded"],"picked":"SKIP","floor":46},{"not_picked":["Double Energy","Sunder+1"],"picked":"Darkness+1","floor":47},{"not_picked":["Ball Lightning+1","Recycle"],"picked":"Steam Power+1","floor":48}],"player_experience":658298,"relics_obtained":[{"floor":6,"key":"War Paint"},{"floor":9,"key":"Regal Pillow"},{"floor":11,"key":"Dodecahedron"},{"floor":25,"key":"Du-Vu Doll"},{"floor":26,"key":"Happy Flower"},{"floor":38,"key":"Bird Faced Urn"},{"floor":41,"key":"Calipers"},{"floor":43,"key":"Letter Opener"},{"floor":46,"key":"Incense Burner"}],"event_choices":[{"event_name":"Living Wall","player_choice":"Change","floor":2.0,"damage_taken":0.0},{"event_name":"Golden Wing","player_choice":"Card Removal","floor":4.0,"damage_taken":0.0},{"event_name":"World of Goop","player_choice":"Left","floor":7,"damage_taken":0},{"event_name":"Shining Light","player_choice":"Entered Light","floor":13,"damage_taken":0},{"event_name":"The Library","player_choice":"Read","floor":20,"damage_taken":0},{"event_name":"Upgrade Shrine","player_choice":"Upgraded","floor":30,"damage_taken":0},{"event_name":"SecretPortal","player_choice":"Rejected Portal.","floor":37,"damage_taken":0},{"event_name":"Mysterious Sphere","player_choice":"Fight","floor":38,"damage_taken":0},{"event_name":"Tomb of Lord Red Mask","player_choice":"Paid","floor":39,"damage_taken":0},{"event_name":"Falling","player_choice":"Removed Skill","floor":42,"damage_taken":0}],"is_beta":false,"boss_relics":[{"not_picked":["Philosopher\u0027s Stone","Black Star"],"picked":"Ectoplasm"},{"not_picked":["Tiny House","Velvet Choker"],"picked":"Fusion Hammer"}],"items_purged_floors":[22,27],"is_endless":false,"potions_floor_spawned":[1,3,6,16,25,29,33,35,38,45,47,48],"ascension_level":4}