{"gold_per_floor":[209,209,209,209,224,257,257,286,312,332,46,71,82,82,82,159,159,173,272,286,286,296,296,328,344,344,374,374,0,0,27,27,104,154,166,29,42,54,54,87,87,115,115,115,163,191,201,227,227,227],"floor_reached":51,"playtime":4181,"items_purged":["Doubt","Strike_R"],"score":1594,"play_id":"4454d697-15bb-4d7c-b9e4-57765079576e","local_time":"20190402192838","is_ascension_mode":true,"campfire_choices":[{"data":"Wild Strike","floor":7,"key":"SMITH"},{"data":"Immolate","floor":15,"key":"SMITH"},{"data":"Shockwave","floor":23,"key":"SMITH"},{"data":"Pommel Strike","floor":30,"key":"SMITH"},{"floor":32,"key":"REST"},{"data":"True Grit","floor":41,"key":"SMITH"},{"data":"Heavy Blade","floor":44,"key":"SMITH"},{"floor":49,"key":"REST"}],"neow_cost":"NONE","seed_source_timestamp":13722346186705,"circlet_count":0,"master_deck":["AscendersBane","Strike_R+1","Strike_R+1","Defend_R","Defend_R","Defend_R","Bash+1","Sword Boomerang","Wild Strike+1","Shockwave+1","Cleave","Immolate+1","Offering","Feed","Headbutt+1","Pommel Strike+1","Armaments","Disarm","Demon Form","Infernal Blade+1","Fiend Fire","Heavy Blade+1","Flame Barrier","Finesse","Dark Shackles","True Grit+1","Spot Weakness+1","Regret","Dropkick"],"relics":["Burning Blood","Orichalcum","PreservedInsect","Blood Vial","Thread and Needle","Incense Burner","Cursed Key","Kunai","Blue Candle","Lantern","Bag of Marbles","Matryoshka","Tiny House","Vajra","Calipers","Happy Flower","Omamori","Charon\u0027s Ashes","Bottled Tornado","Strawberry"],"potions_floor_usage":[6,24,25,33,33,38,45,50,50],"damage_taken":[{"damage":0,"enemies":"Small Slimes","floor":1,"turns":5},{"damage":6,"enemies":"2 Louse","floor":5,"turns":3},{"damage":20,"enemies":"3 Sentries","floor":6,"turns":8},{"damage":28,"enemies":"Lagavulin","floor":8,"turns":5},{"damage":0,"enemies":"Cultist","floor":10,"turns":3},{"damage":0,"enemies":"3 Sentries","floor":12,"turns":4},{"damage":1,"enemies":"Looter","floor":13,"turns":3},{"damage":36,"enemies":"The Guardian","floor":16,"turns":8},{"damage":1,"enemies":"3 Byrds","floor":18,"turns":2},{"damage":0,"enemies":"Chosen","floor":20,"turns":3},{"damage":8,"enemies":"Snake Plant","floor":22,"turns":4},{"damage":21,"enemies":"Book of Stabbing","floor":24,"turns":3},{"damage":2,"enemies":"Shelled Parasite and Fungi","floor":25,"turns":4},{"damage":11,"enemies":"Slavers","floor":27,"turns":2},{"damage":26,"enemies":"Gremlin Leader","floor":31,"turns":4},{"damage":68,"enemies":"Champ","floor":33,"turns":12},{"damage":2,"enemies":"3 Shapes","floor":35,"turns":4},{"damage":20,"enemies":"3 Darklings","floor":37,"turns":3},{"damage":0,"enemies":"Transient","floor":38,"turns":5},{"damage":4,"enemies":"Giant Head","floor":40,"turns":5},{"damage":15,"enemies":"Nemesis","floor":42,"turns":5},{"damage":25,"enemies":"2 Orb Walkers","floor":45,"turns":4},{"damage":7,"enemies":"Giant Head","floor":46,"turns":5},{"damage":6,"enemies":"Maw","floor":47,"turns":5},{"damage":4,"enemies":"Reptomancer","floor":48,"turns":4},{"damage":47,"enemies":"Donu and Deca","floor":50,"turns":5}],"seed_played":"-6444342568548674747","potions_obtained":[{"floor":5,"key":"GamblersBrew"},{"floor":12,"key":"SpeedPotion"},{"floor":13,"key":"Fire Potion"},{"floor":24,"key":"AttackPotion"},{"floor":25,"key":"SpeedPotion"},{"floor":33,"key":"Energy Potion"},{"floor":34,"key":"GamblersBrew"},{"floor":37,"key":"PowerPotion"},{"floor":42,"key":"Strength Potion"},{"floor":48,"key":"Explosive Potion"}],"is_trial":false,"path_per_floor":["M","?","?","?","M","E","R","E","T","M","$","E","M","?","R","B",null,"M","?","M","?","M","R","E","M","T","E","?","$","R","E","R","B",null,"M","$","M","M","?","E","R","E","T","R","?","E","M","E","R","B",null],"character_chosen":"IRONCLAD","items_purchased":["Thread and Needle","Demon Form","Bag of Marbles","Flame Barrier"],"campfire_rested":2,"item_purchase_floors":[11,29,29,36],"current_hp_per_floor":[74,59,59,75,75,61,61,39,39,47,47,55,62,55,55,27,63,70,70,75,75,73,73,60,69,69,66,66,66,66,48,71,11,66,75,75,66,74,64,68,68,61,61,61,47,48,50,64,94,55],"gold":227,"neow_bonus":"HUNDRED_GOLD","is_prod":false,"is_daily":false,"chose_seed":false,"campfire_upgraded":6,"win_rate":0,"timestamp":1554251318,"path_taken":["M","?","?","?","M","E","R","E","T","?","$","E","M","?","R","BOSS","M","?","M","?","M","R","E","?","T","E","?","$","R","E","R","BOSS","M","$","M","M","?","E","R","E","T","R","?","E","M","E","R","BOSS"],"build_version":"2019-01-23","purchased_purges":2,"victory":true,"max_hp_per_floor":[75,75,75,75,75,75,75,75,75,75,75,75,75,75,75,75,75,75,75,75,75,75,75,75,78,78,78,78,78,78,78,78,78,83,86,86,89,89,89,89,89,89,89,89,92,92,92,102,102,102],"card_choices":[{"not_picked":["Perfected Strike","Combust"],"picked":"Sword Boomerang","floor":1},{"not_picked":["Reckless Charge","Second Wind"],"picked":"Wild Strike","floor":5},{"not_picked":["Sword Boomerang","Twin Strike","Exhume"],"picked":"SKIP","floor":6},{"not_picked":["Dual Wield","Blood for Blood"],"picked":"Shockwave","floor":8},{"not_picked":["Thunderclap","Uppercut"],"picked":"Cleave","floor":10},{"not_picked":["Warcry","Carnage","Havoc"],"picked":"SKIP","floor":12},{"not_picked":["Feel No Pain","Perfected Strike"],"picked":"Immolate","floor":13},{"not_picked":["Limit Break","Immolate"],"picked":"Offering","floor":16},{"not_picked":["Clothesline","Twin Strike","Power Through"],"picked":"SKIP","floor":18},{"not_picked":["Feel No Pain","Perfected Strike","Cleave"],"picked":"SKIP","floor":20},{"not_picked":["True Grit","Sword Boomerang"],"picked":"Headbutt","floor":22},{"not_picked":["Entrench","Clothesline"],"picked":"Pommel Strike","floor":24},{"not_picked":["Iron Wave+1","Clash","Seeing Red"],"picked":"SKIP","floor":25},{"not_picked":["Flex","Cleave+1","Intimidate"],"picked":"SKIP","floor":27},{"not_picked":["Corruption","Shockwave"],"picked":"Infernal Blade+1","floor":31},{"not_picked":["Bludgeon","Barricade"],"picked":"Fiend Fire","floor":33},{"not_picked":["Iron Wave","Sword Boomerang"],"picked":"Heavy Blade","floor":35},{"not_picked":["Heavy Blade+1","Perfected Strike","Fiend Fire"],"picked":"SKIP","floor":37},{"not_picked":["Flex+1","Body Slam","Uppercut"],"picked":"SKIP","floor":38},{"not_picked":["Purity","HandOfGreed"],"picked":"Finesse","floor":39},{"not_picked":["Bandage Up","Good Instincts"],"picked":"Dark Shackles","floor":39},{"not_picked":["Heavy Blade+1","Power Through"],"picked":"True Grit","floor":40},{"not_picked":["Feed","True Grit"],"picked":"Spot Weakness+1","floor":42},{"not_picked":["Warcry","Rage","Rupture+1"],"picked":"SKIP","floor":46},{"not_picked":["Heavy Blade","Anger"],"picked":"Dropkick","floor":47},{"not_picked":["Sword Boomerang+1","Corruption","Heavy Blade"],"picked":"SKIP","floor":48}],"player_experience":670905,"relics_obtained":[{"floor":6,"key":"Orichalcum"},{"floor":8,"key":"PreservedInsect"},{"floor":9,"key":"Blood Vial"},{"floor":12,"key":"Incense Burner"},{"floor":24,"key":"Kunai"},{"floor":26,"key":"Blue Candle"},{"floor":27,"key":"Lantern"},{"floor":31,"key":"Matryoshka"},{"floor":40,"key":"Vajra"},{"floor":42,"key":"Calipers"},{"floor":43,"key":"Happy Flower"},{"floor":43,"key":"Omamori"},{"floor":45,"key":"Charon\u0027s Ashes"},{"floor":46,"key":"Bottled Tornado"},{"floor":48,"key":"Strawberry"}],"event_choices":[{"damage_healed":0,"gold_gain":0,"player_choice":"Entered Light","damage_taken":15,"max_hp_gain":0,"max_hp_loss":0,"event_name":"Shining Light","floor":2,"gold_loss":0,"cards_upgraded":["Strike_R","Strike_R"]},{"damage_healed":0,"gold_gain":0,"player_choice":"Grow","damage_taken":0,"max_hp_gain":0,"max_hp_loss":0,"event_name":"Living Wall","floor":3,"gold_loss":0,"cards_upgraded":["Bash"]},{"damage_healed":16,"gold_gain":0,"player_choice":"Full Heal","damage_taken":0,"max_hp_gain":0,"max_hp_loss":0,"event_name":"Wheel of Change","floor":4,"gold_loss":0},{"cards_removed":["Strike_R"],"damage_healed":0,"gold_gain":0,"player_choice":"Card Removal","damage_taken":7,"max_hp_gain":0,"max_hp_loss":0,"event_name":"Golden Wing","floor":14,"gold_loss":0},{"damage_healed":0,"gold_gain":99,"player_choice":"Stole From Cult","damage_taken":0,"max_hp_gain":0,"max_hp_loss":0,"event_name":"Nest","floor":19,"gold_loss":0},{"damage_healed":0,"gold_gain":0,"player_choice":"1 cards matched","damage_taken":0,"max_hp_gain":0,"max_hp_loss":0,"event_name":"Match and Keep!","floor":21,"gold_loss":0,"cards_obtained":["Feed"]},{"damage_healed":0,"gold_gain":0,"cards_transformed":["Defend_R","Strike_R"],"player_choice":"Became Test Subject","damage_taken":0,"max_hp_gain":0,"max_hp_loss":0,"event_name":"Drug Dealer","floor":28,"gold_loss":0,"cards_obtained":["Armaments","Disarm"]},{"damage_healed":0,"gold_gain":0,"player_choice":"Memory 3","damage_taken":10,"max_hp_gain":0,"max_hp_loss":0,"event_name":"SensoryStone","floor":39,"gold_loss":0},{"damage_healed":0,"gold_gain":0,"player_choice":"Fight","damage_taken":0,"max_hp_gain":0,"max_hp_loss":0,"event_name":"Mysterious Sphere","floor":45,"gold_loss":0}],"is_beta":false,"boss_relics":[{"not_picked":["Sozu","Eternal Feather"],"picked":"Cursed Key"},{"not_picked":["Busted Crown","Empty Cage"],"picked":"Tiny House"}],"items_purged_floors":[29,36],"is_endless":false,"potions_floor_spawned":[5,12,13,16,20,22,24,25,33,35,37,42,48],"ascension_level":14}