{"gold_per_floor":[110,123,48,48,13,40,40,65,65,92,92,124,139,155,155,250,250,268,168,168,93,93,93,119,119,197,231,261,291,291,291,291,390,390,400,400,400,275,292,303,334,556,556,104,104,204,204,215,215,215,215,215,40,74,74],"floor_reached":55,"playtime":3202,"items_purged":["Strike_B","Strike_B","Gash","Defend_B","Strike_B"],"score":885,"play_id":"63f9cafd-4126-4b6f-b9b2-17265018e465","local_time":"20190423190622","is_ascension_mode":true,"campfire_choices":[{"data":"Zap","floor":7,"key":"SMITH"},{"data":"Dualcast","floor":11,"key":"SMITH"},{"data":"Scrape","floor":15,"key":"SMITH"},{"data":"Capacitor","floor":23,"key":"SMITH"},{"data":"Loop","floor":25,"key":"SMITH"},{"data":"Echo Form","floor":30,"key":"SMITH"},{"floor":32,"key":"REST"},{"floor":45,"key":"REST"},{"floor":47,"key":"REST"},{"floor":49,"key":"RECALL"},{"data":"Glacier","floor":52,"key":"SMITH"}],"neow_cost":"NONE","seed_source_timestamp":1122201794444260,"circlet_count":0,"master_deck":["Strike_B+1","Defend_B","Defend_B","Zap+1","Dualcast+1","Chill","Go for the Eyes+1","Capacitor+1","Genetic Algorithm","Glacier+1","Echo Form+1","Loop+1","Redo+1","Electrodynamics","Tempest+1"],"relics":["NeowsBlessing","Kunai","Mango","Bag of Marbles","Vajra","Mercury Hourglass","Blood Vial","Sozu","MutagenicStrength","Enchiridion","Toxic Egg 2","Dodecahedron","Whetstone","Red Mask","Juzu Bracelet","Nloth\u0027s Gift","Lizard Tail","Bronze Scales","Ginger","Emotion Chip","Bottled Tornado"],"potions_floor_usage":[50,50,54],"damage_taken":[{"damage":0,"enemies":"Cultist","floor":1,"turns":1},{"damage":0,"enemies":"Small Slimes","floor":2,"turns":1},{"damage":0,"enemies":"Lagavulin","floor":6,"turns":2},{"damage":35,"enemies":"Gremlin Nob","floor":8,"turns":5},{"damage":4,"enemies":"3 Sentries","floor":10,"turns":7},{"damage":5,"enemies":"Gremlin Nob","floor":12,"turns":3},{"damage":0,"enemies":"2 Louse","floor":13,"turns":1},{"damage":16,"enemies":"Exordium Thugs","floor":14,"turns":3},{"damage":3,"enemies":"Hexaghost","floor":16,"turns":11},{"damage":0,"enemies":"3 Byrds","floor":18,"turns":4},{"damage":11,"enemies":"Slavers","floor":24,"turns":5},{"damage":2,"enemies":"Gremlin Leader","floor":27,"turns":5},{"damage":12,"enemies":"Masked Bandits","floor":28,"turns":4},{"damage":15,"enemies":"Slavers","floor":29,"turns":5},{"damage":16,"enemies":"Collector","floor":33,"turns":9},{"damage":18,"enemies":"3 Shapes","floor":35,"turns":4},{"damage":8,"enemies":"3 Darklings","floor":39,"turns":4},{"damage":15,"enemies":"Sphere and 2 Shapes","floor":40,"turns":5},{"damage":79,"enemies":"Reptomancer","floor":41,"turns":6},{"damage":0,"enemies":"Mind Bloom Boss Battle","floor":46,"turns":7},{"damage":31,"enemies":"Writhing Mass","floor":48,"turns":4},{"damage":21,"enemies":"Donu and Deca","floor":50,"turns":8},{"damage":63,"enemies":"Shield and Spear","floor":54,"turns":8},{"damage":26,"enemies":"The Heart","floor":55,"turns":2}],"seed_played":"-1398127031765172938","potions_obtained":[{"floor":8,"key":"Regen Potion"},{"floor":10,"key":"Fire Potion"},{"floor":12,"key":"Ancient Potion"},{"floor":16,"key":"FocusPotion"}],"is_trial":false,"path_per_floor":["M","M","$","T","$","E","R","E","T","E","R","E","M","M","R","B",null,"M","$","?","?","?","R","E","R","T","E","?","E","R","?","R","B",null,"M","?","?","$","M","M","E","?","T","$","R","?","R","M","R","B",null,"R","$","E","B"],"character_chosen":"DEFECT","items_purchased":["Scrape","Ginger"],"campfire_rested":3,"item_purchase_floors":[5,44],"current_hp_per_floor":[75,75,75,75,75,89,89,54,54,50,50,45,47,33,33,32,89,89,89,89,89,73,73,64,64,64,64,54,41,41,41,67,53,89,71,71,71,71,65,52,22,22,22,22,47,49,74,45,45,38,85,85,85,22,0],"gold":74,"neow_bonus":"THREE_ENEMY_KILL","is_prod":false,"is_daily":false,"chose_seed":false,"campfire_upgraded":7,"win_rate":0,"timestamp":1556060782,"path_taken":["M","M","$","?","$","E","R","E","T","E","R","E","?","M","R","BOSS","M","$","?","?","?","R","E","R","T","E","?","E","R","?","R","BOSS","M","?","?","$","M","M","E","?","T","$","R","?","R","M","R","BOSS","R","$","E","BOSS"],"build_version":"2019-01-23","purchased_purges":5,"victory":false,"max_hp_per_floor":[75,75,75,75,75,89,89,89,89,89,89,89,89,89,89,89,89,89,89,89,89,89,89,89,89,89,89,89,89,89,89,89,89,89,89,89,85,85,85,85,85,85,85,85,85,85,85,85,85,85,85,85,85,85,85],"card_choices":[{"not_picked":["Hologram","Gash"],"picked":"Chill","floor":1},{"not_picked":["Sweeping Beam","Storm","Hologram"],"picked":"SKIP","floor":2},{"not_picked":["Leap","Hello World"],"picked":"Go for the Eyes","floor":6},{"not_picked":["BootSequence","Stack"],"picked":"Capacitor","floor":8},{"not_picked":["Stack","Redo","Compile Driver"],"picked":"SKIP","floor":10},{"not_picked":["Rebound","Turbo","BootSequence"],"picked":"SKIP","floor":12},{"not_picked":["Beam Cell","Double Energy"],"picked":"Genetic Algorithm","floor":13},{"not_picked":["Leap","Beam Cell"],"picked":"Glacier","floor":14},{"not_picked":["Rainbow","Core Surge"],"picked":"Echo Form","floor":16},{"not_picked":["Reinforced Body","Undo","Double Energy+1"],"picked":"SKIP","floor":18},{"not_picked":["Compile Driver","Ball Lightning"],"picked":"Loop","floor":24},{"not_picked":["Coolheaded+1","Redo+1"],"picked":"Gash","floor":27},{"not_picked":["Storm+1","Force Field+1"],"picked":"Redo+1","floor":28},{"not_picked":["Go for the Eyes","Melter+1","Leap+1"],"picked":"SKIP","floor":29},{"not_picked":["Biased Cognition","Fission+1"],"picked":"Electrodynamics","floor":33},{"not_picked":["Turbo+1","Go for the Eyes+1","Scrape+1"],"picked":"SKIP","floor":35},{"not_picked":["Ball Lightning","Turbo+1","Darkness+1"],"picked":"SKIP","floor":39},{"not_picked":["Gash","Steam+1","Hologram+1"],"picked":"SKIP","floor":40},{"not_picked":["Reboot+1","Redo+1","Stack+1"],"picked":"SKIP","floor":41},{"not_picked":["Heatsinks+1","Steam+1"],"picked":"Tempest+1","floor":46},{"not_picked":["All For One","Cold Snap","Gash"],"picked":"SKIP","floor":48},{"not_picked":["Sweeping Beam","Gash","Cold Snap+1"],"picked":"SKIP","floor":54}],"player_experience":86653,"relics_obtained":[{"floor":4,"key":"Kunai"},{"floor":6,"key":"Mango"},{"floor":8,"key":"Bag of Marbles"},{"floor":9,"key":"Vajra"},{"floor":10,"key":"Mercury Hourglass"},{"floor":12,"key":"Blood Vial"},{"floor":22,"key":"Enchiridion"},{"floor":24,"key":"Toxic Egg 2"},{"floor":26,"key":"Dodecahedron"},{"floor":27,"key":"Whetstone"},{"floor":28,"key":"Red Mask"},{"floor":29,"key":"Juzu Bracelet"},{"floor":41,"key":"Bronze Scales"},{"floor":46,"key":"Emotion Chip"},{"floor":54,"key":"Bottled Tornado"}],"event_choices":[{"damage_healed":0,"gold_gain":0,"player_choice":"Inject Mutagens","damage_taken":0,"relics_obtained":["MutagenicStrength"],"max_hp_gain":0,"max_hp_loss":0,"event_name":"Drug Dealer","floor":20,"gold_loss":0},{"cards_removed":["Defend_B"],"damage_healed":0,"gold_gain":0,"player_choice":"Gave Gold","damage_taken":0,"max_hp_gain":0,"max_hp_loss":0,"event_name":"Beggar","floor":21,"gold_loss":75},{"damage_healed":0,"gold_gain":0,"player_choice":"Obtained Book","damage_taken":16,"max_hp_gain":0,"max_hp_loss":0,"event_name":"Cursed Tome","floor":22,"gold_loss":0},{"damage_healed":0,"gold_gain":0,"player_choice":"Fought Bandits","damage_taken":0,"max_hp_gain":0,"max_hp_loss":0,"event_name":"Masked Bandits","floor":28,"gold_loss":0},{"damage_healed":0,"gold_gain":0,"player_choice":"Traded Relic","damage_taken":0,"relics_obtained":["Nloth\u0027s Gift"],"max_hp_gain":0,"max_hp_loss":0,"event_name":"N\u0027loth","floor":31,"relics_lost":["Cracked Core"],"gold_loss":0},{"cards_removed":["Scrape"],"damage_healed":0,"gold_gain":0,"player_choice":"Removed Attack","damage_taken":0,"max_hp_gain":0,"max_hp_loss":0,"event_name":"Falling","floor":36,"gold_loss":0},{"damage_healed":0,"gold_gain":0,"player_choice":"Max HP","damage_taken":0,"max_hp_gain":0,"max_hp_loss":4,"event_name":"Winding Halls","floor":37,"gold_loss":0},{"damage_healed":0,"gold_gain":222,"player_choice":"Wore Mask","damage_taken":0,"max_hp_gain":0,"max_hp_loss":0,"event_name":"Tomb of Lord Red Mask","floor":42,"gold_loss":0},{"damage_healed":0,"gold_gain":0,"player_choice":"Fight","damage_taken":0,"max_hp_gain":0,"max_hp_loss":0,"event_name":"MindBloom","floor":46,"gold_loss":0}],"is_beta":false,"boss_relics":[{"not_picked":["Astrolabe","Tiny House"],"picked":"Sozu"},{"not_picked":["Velvet Choker","Eternal Feather"],"picked":"Lizard Tail"}],"items_purged_floors":[3,19,38,44,53],"is_endless":false,"potions_floor_spawned":[8,10,12,16,18,24,35,41],"killed_by":"The Heart","ascension_level":3}