{"path_per_floor":["M","M","?","M","M","E","M","R","T","E","?","E","M","M","R","B",null,"M","M","$","M","M","E","R"],"character_chosen":"IRONCLAD","items_purchased":["Paper Frog","Clash"],"gold_per_floor":[115,125,125,137,153,182,195,195,195,226,226,254,265,275,275,378,378,394,406,22,32,50,110,110,110],"floor_reached":25,"campfire_rested":2,"playtime":1617,"current_hp_per_floor":[72,74,74,73,65,79,68,68,68,59,59,46,34,37,64,29,75,63,61,61,55,47,17,44,0],"items_purged":["Strike_R"],"gold":110,"score":333,"play_id":"53cf9023-f40b-40e2-917d-1c8745cf9355","local_time":"20180421015035","is_prod":false,"is_daily":false,"chose_seed":false,"is_ascension_mode":true,"campfire_upgraded":1,"timestamp":1524300635,"path_taken":["M","M","?","?","M","E","M","R","T","E","?","E","M","M","R","BOSS","M","M","$","M","M","E","R","E"],"build_version":"2018-04-19","seed_source_timestamp":53682589739226,"purchased_purges":1,"victory":false,"master_deck":["Strike_R","Defend_R","Defend_R","Defend_R","Defend_R","Bash","Dark Embrace","Bludgeon","Blood for Blood","Iron Wave","Sentinel","Clothesline","Carnage","Rampage","Seeing Red+1","Pommel Strike","Seeing Red","Clash","Clash","Shrug It Off"],"max_hp_per_floor":[80,80,80,80,80,90,90,90,90,90,90,90,90,90,90,90,90,90,90,90,90,90,90,90,90],"relics":["Burning Blood","Pear","Self Forming Clay","Oddly Smooth Stone","Bottled Flame","Velvet Choker","Paper Frog","Tiny Chest"],"card_choices":[{"not_picked":["Feel No Pain","Flex"],"picked":"Blood for Blood","floor":1},{"not_picked":["Thunderclap","Second Wind"],"picked":"Iron Wave","floor":2},{"not_picked":["Havoc","Evolve"],"picked":"Clothesline","floor":4},{"not_picked":["Warcry","Rupture"],"picked":"Carnage","floor":5},{"not_picked":["Shockwave","Reckless Charge"],"picked":"Rampage","floor":6},{"not_picked":["Clothesline","Dual Wield"],"picked":"Seeing Red","floor":7},{"not_picked":["Flame Barrier","Power Through"],"picked":"Pommel Strike","floor":10},{"not_picked":["Brutality","Body Slam"],"picked":"Seeing Red","floor":12},{"not_picked":["Seeing Red","Spot Weakness"],"picked":"Clash","floor":21},{"not_picked":["Headbutt","Twin Strike"],"picked":"Shrug It Off","floor":22}],"player_experience":341518,"potions_floor_usage":[6,10,12,16,22,23,25],"damage_taken":[{"damage":6,"enemies":"2 Louse","floor":1,"turns":3},{"damage":4,"enemies":"Cultist","floor":2,"turns":3},{"damage":7,"enemies":"Jaw Worm","floor":4,"turns":6},{"damage":14,"enemies":"Exordium Thugs","floor":5,"turns":5},{"damage":2,"enemies":"Gremlin Nob","floor":6,"turns":3},{"damage":17,"enemies":"Red Slaver","floor":7,"turns":4},{"damage":15,"enemies":"Lagavulin","floor":10,"turns":6},{"damage":19,"enemies":"Gremlin Nob","floor":12,"turns":4},{"damage":18,"enemies":"Exordium Wildlife","floor":13,"turns":4},{"damage":3,"enemies":"Blue Slaver","floor":14,"turns":3},{"damage":41,"enemies":"The Guardian","floor":16,"turns":9},{"damage":18,"enemies":"3 Byrds","floor":18,"turns":8},{"damage":8,"enemies":"Shell Parasite","floor":19,"turns":3},{"damage":12,"enemies":"Snake Plant","floor":21,"turns":3},{"damage":14,"enemies":"Sentry and Sphere","floor":22,"turns":4},{"damage":36,"enemies":"Slavers","floor":23,"turns":7},{"damage":48,"enemies":"Gremlin Leader","floor":25,"turns":3}],"event_choices":[{"event_name":"Transmorgrifier","player_choice":"Transform","floor":3,"damage_taken":0},{"event_name":"Purifier","player_choice":"One Purge","floor":11,"damage_taken":0}],"boss_relics":[{"not_picked":["Snecko Eye","Runic Cube"],"picked":"Velvet Choker"}],"potions_floor_spawned":[4,5,6,12,14,18,22,23],"seed_played":"6030561093203397210","killed_by":"Gremlin Leader","ascension_level":7,"is_trial":false}