{"gold_per_floor":[114,64,64,77,0,0,35,35,35,48,80,93,93,119,119,193,193,213,213,61,81,92,92,118,129,129,142,142,162,195,294,294,294],"floor_reached":33,"playtime":2081,"items_purged":[],"score":629,"play_id":"a7e9fc15-1dbc-458c-ab41-c925a3b9ede9","local_time":"20180812104655","is_ascension_mode":true,"campfire_choices":[{"data":"Tools of the Trade","floor":6.0,"key":"SMITH"},{"data":"Neutralize","floor":8.0,"key":"SMITH"},{"floor":13.0,"key":"DIG"},{"floor":15.0,"key":"DIG"},{"floor":23,"key":"DIG"},{"floor":28,"key":"DIG"},{"floor":32,"key":"DIG"}],"neow_cost":"CURSE","seed_source_timestamp":0,"circlet_count":0,"master_deck":["Defend_G","Defend_G","Defend_G","Defend_G","Defend_G","Survivor","Neutralize+1","AscendersBane","Die Die Die+1","Dagger Throw","Backstab","Tools of the Trade+1","Dash+1","Quick Slash+1","Underhanded Strike+1","Unload+1","Underhanded Strike+1","Bite+1","Bite+1","Bite+1","Bite+1","Bite+1","Underhanded Strike+1","Backstab+1","Backflip","Dodge and Roll","Slice+1","Backflip"],"special_seed":0,"relics":["Ring of the Snake","Boot","Bag of Preparation","Molten Egg 2","Shovel","Du-Vu Doll","Paper Crane","Bronze Scales","Coffee Dripper","Bag of Marbles","Oddly Smooth Stone","Whetstone","Juzu Bracelet","Darkstone Periapt","Omamori","Bottled Lightning"],"potions_floor_usage":[16,24,30,33],"damage_taken":[{"damage":0.0,"enemies":"Small Slimes","floor":1.0,"turns":5.0},{"damage":1.0,"enemies":"Jaw Worm","floor":4.0,"turns":3.0},{"damage":11.0,"enemies":"Gremlin Nob","floor":7.0,"turns":4.0},{"damage":0.0,"enemies":"Cultist","floor":10.0,"turns":2.0},{"damage":5.0,"enemies":"Lagavulin","floor":11.0,"turns":3.0},{"damage":0.0,"enemies":"3 Louse","floor":12.0,"turns":1.0},{"damage":0.0,"enemies":"Gremlin Nob","floor":14.0,"turns":2.0},{"damage":15,"enemies":"Slime Boss","floor":16,"turns":8},{"damage":1,"enemies":"2 Thieves","floor":18,"turns":3},{"damage":0,"enemies":"Spheric Guardian","floor":21,"turns":1},{"damage":0,"enemies":"Centurion and Healer","floor":22,"turns":2},{"damage":0,"enemies":"Gremlin Leader","floor":24,"turns":5},{"damage":0,"enemies":"3 Cultists","floor":25,"turns":2},{"damage":0,"enemies":"Cultist and Chosen","floor":27,"turns":3},{"damage":0,"enemies":"Sentry and Sphere","floor":29,"turns":2},{"damage":7,"enemies":"Slavers","floor":30,"turns":2},{"damage":62,"enemies":"Automaton","floor":33,"turns":8}],"seed_played":"397438605264651708","potions_obtained":[{"floor":1.0,"key":"SteroidPotion"},{"floor":7.0,"key":"EssenceOfSteel"},{"floor":10.0,"key":"FearPotion"},{"floor":14.0,"key":"SteroidPotion"},{"floor":16,"key":"Fire Potion"},{"floor":29,"key":"Strength Potion"}],"is_trial":false,"path_per_floor":["M","?","?","M","$","R","E","R","T","M","E","M","R","E","R","B",null,"M","?","$","M","M","R","E","M","T","M","R","M","E","?","R"],"character_chosen":"THE_SILENT","items_purchased":["Tools of the Trade","Bag of Marbles"],"campfire_rested":0,"item_purchase_floors":[5,20],"current_hp_per_floor":[59,59,56,55,55,55,44,44,44,44,39,39,39,39,39,24,56,55,46,46,46,46,46,46,46,46,46,46,46,39,39,39,0],"gold":294,"neow_bonus":"THREE_RARE_CARDS","is_prod":false,"is_daily":false,"chose_seed":false,"campfire_upgraded":2,"win_rate":0,"timestamp":1534096015,"path_taken":["M","?","?","M","?","R","E","R","T","M","E","?","R","E","R","BOSS","M","?","$","?","M","R","E","M","T","M","R","M","E","?","R","BOSS"],"build_version":"2018-08-09","purchased_purges":0,"victory":false,"max_hp_per_floor":[66,66,66,66,66,66,66,66,66,66,66,66,66,66,66,66,66,66,46,46,46,46,46,46,46,46,46,46,46,46,46,46,46],"card_choices":[{"not_picked":["Night Terror","Burst"],"picked":"Die Die Die","floor":0.0},{"not_picked":["Deflect","Prepared"],"picked":"Dagger Throw","floor":1.0},{"not_picked":["Reflex","Acrobatics"],"picked":"Backstab","floor":4.0},{"not_picked":["Eviscerate","Riddle With Holes"],"picked":"Dash","floor":7.0},{"not_picked":["Dodge and Roll","Blade Dance"],"picked":"Quick Slash+1","floor":10.0},{"not_picked":["Die Die Die+1","Slice+1"],"picked":"Underhanded Strike+1","floor":11.0},{"not_picked":["Masterful Stab+1","Quick Slash+1","Outmaneuver"],"picked":"SKIP","floor":12.0},{"not_picked":["Catalyst","Poisoned Stab+1","Tools of the Trade"],"picked":"SKIP","floor":14.0},{"not_picked":["Bullet Time","Grand Finale+1"],"picked":"Unload+1","floor":16},{"not_picked":["Riddle With Holes+1","Acrobatics"],"picked":"Underhanded Strike+1","floor":18},{"not_picked":["Flying Knee+1","Sucker Punch+1"],"picked":"Underhanded Strike+1","floor":21},{"not_picked":["Poisoned Stab+1","Deadly Poison","Dagger Spray+1"],"picked":"SKIP","floor":22},{"not_picked":["Unload+1","Noxious Fumes"],"picked":"Backstab+1","floor":24},{"not_picked":["Bane+1","Deadly Poison"],"picked":"Backflip","floor":25},{"not_picked":["Setup","Deflect"],"picked":"Dodge and Roll","floor":27},{"not_picked":["Flechettes+1","Footwork"],"picked":"Slice+1","floor":29},{"not_picked":["Well Laid Plans","Underhanded Strike+1"],"picked":"Backflip","floor":30}],"player_experience":744769,"relics_obtained":[{"floor":7.0,"key":"Bag of Preparation"},{"floor":9.0,"key":"Molten Egg 2"},{"floor":11.0,"key":"Shovel"},{"floor":13.0,"key":"Du-Vu Doll"},{"floor":14.0,"key":"Paper Crane"},{"floor":15.0,"key":"Bronze Scales"},{"floor":23,"key":"Oddly Smooth Stone"},{"floor":24,"key":"Whetstone"},{"floor":26,"key":"Juzu Bracelet"},{"floor":28,"key":"Darkstone Periapt"},{"floor":30,"key":"Omamori"},{"floor":32,"key":"Bottled Lightning"}],"event_choices":[{"event_name":"The Cleric","player_choice":"Card Removal","floor":2.0,"damage_taken":0.0},{"event_name":"Scrap Ooze","player_choice":"success","floor":3.0,"damage_taken":3.0},{"event_name":"Vampires","player_choice":"Became a vampire","floor":19,"damage_taken":0},{"event_name":"Nest","player_choice":"Stole From Cult","floor":31,"damage_taken":0}],"is_beta":false,"boss_relics":[{"not_picked":["Orrery","Runic Pyramid"],"picked":"Coffee Dripper"}],"items_purged_floors":[],"is_endless":false,"potions_floor_spawned":[1,7,10,14,16,18,21,29],"killed_by":"Automaton","ascension_level":14}