{"gold_per_floor":[112,112,126,144,2,27,27,58,58,58,72,82,82,102,102,102],"floor_reached":16,"playtime":1450,"items_purged":["Strike_R"],"score":162,"play_id":"64032f12-72a1-46b0-93df-ded37e5ad368","local_time":"20190114170518","is_ascension_mode":true,"campfire_choices":[{"data":"Havoc","floor":13,"key":"SMITH"},{"data":"True Grit","floor":15,"key":"SMITH"}],"neow_cost":"NONE","seed_source_timestamp":23617433345370,"circlet_count":0,"master_deck":["Strike_R","Strike_R","Strike_R","Defend_R","Defend_R","Defend_R","Defend_R","Bash","Reaper","True Grit+1","Headbutt","Twin Strike","Feel No Pain","Havoc+1","Demon Form","Disarm","Shrug It Off","Warcry"],"relics":["Burning Blood","Regal Pillow","Girya","Letter Opener"],"potions_floor_usage":[3,14,16],"damage_taken":[{"damage":10,"enemies":"2 Louse","floor":1,"turns":3},{"damage":0,"enemies":"Cultist","floor":3,"turns":3},{"damage":9,"enemies":"Small Slimes","floor":4,"turns":5},{"damage":30,"enemies":"3 Sentries","floor":6,"turns":10},{"damage":37,"enemies":"Gremlin Nob","floor":8,"turns":5},{"damage":0,"enemies":"Exordium Wildlife","floor":11,"turns":3},{"damage":35,"enemies":"Gremlin Gang","floor":12,"turns":6},{"damage":11,"enemies":"Lots of Slimes","floor":14,"turns":4},{"damage":54,"enemies":"Slime Boss","floor":16,"turns":9}],"seed_played":"-2741153923874610870","potions_obtained":[{"floor":1,"key":"Explosive Potion"},{"floor":12,"key":"Regen Potion"},{"floor":14,"key":"Energy Potion"}],"is_trial":false,"path_per_floor":["M","?","M","M","$","E","?","E","T","T","M","M","R","M","R","B"],"character_chosen":"IRONCLAD","items_purchased":["Feel No Pain"],"campfire_rested":0,"item_purchase_floors":[5],"current_hp_per_floor":[76,76,80,80,80,68,68,43,43,43,57,28,28,47,47,0],"gold":102,"neow_bonus":"ONE_RANDOM_RARE_CARD","is_prod":false,"is_daily":false,"chose_seed":false,"campfire_upgraded":2,"win_rate":0,"timestamp":1547507118,"path_taken":["M","?","?","M","$","E","?","E","T","?","?","M","R","M","R","BOSS"],"build_version":"2019-01-10","purchased_purges":1,"victory":false,"max_hp_per_floor":[80,80,80,80,80,80,80,80,80,80,80,80,80,80,80,80],"card_choices":[{"not_picked":["Sentinel","Dropkick"],"picked":"True Grit","floor":1},{"not_picked":["Havoc","Reckless Charge"],"picked":"Headbutt","floor":3},{"not_picked":["Blood for Blood","Flex"],"picked":"Twin Strike","floor":4},{"not_picked":["Disarm","Entrench"],"picked":"Havoc","floor":6},{"not_picked":["Armaments","Sever Soul"],"picked":"Demon Form","floor":8},{"not_picked":["Thunderclap","Entrench"],"picked":"Disarm","floor":11},{"not_picked":["Sword Boomerang","Anger"],"picked":"Shrug It Off","floor":12},{"not_picked":["Clash","Anger"],"picked":"Warcry","floor":14}],"player_experience":465204,"relics_obtained":[{"floor":6,"key":"Regal Pillow"},{"floor":8,"key":"Girya"},{"floor":9,"key":"Letter Opener"}],"event_choices":[{"cards_removed":["Strike_R"],"damage_healed":0,"gold_gain":0,"player_choice":"Purged","damage_taken":0,"max_hp_gain":0,"max_hp_loss":0,"event_name":"Purifier","floor":2,"gold_loss":0},{"damage_healed":0,"gold_gain":0,"player_choice":"Ignored","damage_taken":0,"max_hp_gain":0,"max_hp_loss":0,"event_name":"Liars Game","floor":7,"gold_loss":0}],"is_beta":false,"boss_relics":[],"items_purged_floors":[5],"is_endless":false,"potions_floor_spawned":[1,12,14],"killed_by":"Slime Boss","ascension_level":9}