{"path_per_floor":["M","M","M","?","?","E","R","E","T","R","M","M","?","E","R"],"character_chosen":"IRONCLAD","items_purchased":[],"gold_per_floor":[116,132,148,148,148,174,174,209,280,280,300,312,312,338,338],"floor_reached":16,"campfire_rested":2,"playtime":941,"current_hp_per_floor":[80,80,80,55,55,39,67,47,47,47,42,39,39,10,38],"items_purged":[],"gold":338,"score":138,"play_id":"2edf29c4-3c0c-4432-b49f-1906423b1b58","local_time":"20180306005818","is_prod":false,"is_daily":false,"is_ascension_mode":true,"campfire_upgraded":1,"timestamp":1520319498,"path_taken":["M","M","?","?","?","E","R","E","T","R","?","M","?","E","R","BOSS"],"build_version":"2018-03-01-PROD1","purchased_purges":0,"victory":false,"master_deck":["Strike_R","Strike_R","Strike_R","Strike_R","Strike_R","Defend_R","Defend_R","Defend_R","Defend_R","Bash","Battle Trance","Pummel","Perfected Strike+1","Dropkick","Headbutt","Whirlwind","Ghostly Armor"],"max_hp_per_floor":[80,80,80,80,80,94,94,94,94,94,94,94,94,94,94],"relics":["Burning Blood","Mummified Hand","Mango","Lantern","Frozen Egg 2","Letter Opener"],"card_choices":[{"not_picked":["Flex","Anger"],"picked":"Battle Trance"},{"not_picked":["Immolate","Evolve"],"picked":"Pummel"},{"not_picked":["Havoc","Pommel Strike"],"picked":"Perfected Strike"},{"not_picked":["Carnage","Dual Wield"],"picked":"Dropkick"},{"not_picked":["Carnage","Heavy Blade"],"picked":"Headbutt"},{"not_picked":["Thunderclap","Body Slam"],"picked":"Whirlwind"},{"not_picked":["Body Slam","Wild Strike"],"picked":"Ghostly Armor"}],"player_experience":119525,"potions_floor_usage":[6,6,14,16],"damage_taken":[{"damage":6,"enemies":"Cultist","floor":1,"turns":3},{"damage":3,"enemies":"2 Louse","floor":2,"turns":4},{"damage":4,"enemies":"Jaw Worm","floor":3,"turns":4},{"damage":36,"enemies":"Gremlin Nob","floor":6,"turns":5},{"damage":26,"enemies":"3 Sentries","floor":8,"turns":11},{"damage":11,"enemies":"Looter","floor":11,"turns":2},{"damage":9,"enemies":"2 Fungi Beasts","floor":12,"turns":3},{"damage":35,"enemies":"Lagavulin","floor":14,"turns":6},{"damage":42,"enemies":"The Guardian","floor":16,"turns":10}],"event_choices":[{"event_name":"Scrap Ooze","player_choice":"success","floor":4,"damage_taken":25},{"event_name":"Golden Wing","player_choice":"Ignored","floor":5,"damage_taken":0},{"event_name":"Shining Light","player_choice":"Ignored","floor":13,"damage_taken":0}],"boss_relics":[],"potions_floor_spawned":[2,12,14],"seed_played":"541487833773031201","killed_by":"The Guardian","ascension_level":3,"is_trial":false}