{"gold_per_floor":[215,235,248,24,24,53,53,83,83,110,124,124,136,136,136,267,330,353,75,91,105,105,105,149,274,301,216,216],"floor_reached":28,"playtime":1851,"items_purged":["Strike_B"],"score":307,"play_id":"2142632b-e5a2-483f-8500-768d5cb7f04a","local_time":"20181007003914","is_ascension_mode":true,"campfire_choices":[{"floor":7,"key":"REST"},{"data":"Electrodynamics","floor":15,"key":"SMITH"},{"data":"Hologram","floor":23,"key":"SMITH"}],"neow_cost":"NONE","seed_source_timestamp":2006694810068123,"circlet_count":0,"master_deck":["Strike_B","Strike_B","Defend_B","Defend_B","Defend_B","Defend_B","Zap","Dualcast","Conserve Battery","Cold Snap","Conserve Battery","Electrodynamics+1","Gash","Stack","Ball Lightning","Capacitor","Injury","Multi-Cast+1","Cold Snap","BootSequence","Heatsinks","Hologram+1","Tempest","Hello World+1","Glacier+1","Machine Learning"],"relics":["Cracked Core","Juzu Bracelet","Mango","Gremlin Horn","Question Card","Golden Idol","Tiny House","Chemical X","Potion Belt","Thread and Needle","Dodecahedron","Orichalcum","Vajra"],"potions_floor_usage":[16,24,24,25,25],"damage_taken":[{"damage":7,"enemies":"Small Slimes","floor":1,"turns":2},{"damage":3,"enemies":"Jaw Worm","floor":2,"turns":4},{"damage":0,"enemies":"Cultist","floor":3,"turns":3},{"damage":13,"enemies":"Gremlin Nob","floor":6,"turns":5},{"damage":6,"enemies":"3 Sentries","floor":8,"turns":6},{"damage":17,"enemies":"Gremlin Nob","floor":10,"turns":4},{"damage":16,"enemies":"Large Slime","floor":11,"turns":4},{"damage":4,"enemies":"Blue Slaver","floor":13,"turns":3},{"damage":50,"enemies":"The Guardian","floor":16,"turns":11},{"damage":10,"enemies":"2 Thieves","floor":18,"turns":2},{"damage":0,"enemies":"3 Byrds","floor":20,"turns":2},{"damage":2,"enemies":"Cultist and Chosen","floor":21,"turns":3},{"damage":48,"enemies":"Slavers","floor":24,"turns":3},{"damage":13,"enemies":"Colosseum Slavers","floor":25,"turns":3},{"damage":5,"enemies":"Colosseum Nobs","floor":25,"turns":3},{"damage":18,"enemies":"Centurion and Healer","floor":28,"turns":8}],"seed_played":"1163748654554997240","potions_obtained":[{"floor":3,"key":"Poison Potion"},{"floor":6,"key":"Energy Potion"},{"floor":8,"key":"Block Potion"},{"floor":11,"key":"EssenceOfSteel"},{"floor":17,"key":"LiquidBronze"},{"floor":24,"key":"Ancient Potion"}],"is_trial":false,"path_per_floor":["M","M","M","$","?","E","R","E","T","E","M","?","M","?","R","B",null,"M","$","M","M","?","R","E","?","T","?"],"character_chosen":"DEFECT","items_purchased":["Electrodynamics","Chemical X","Heatsinks","Hologram"],"campfire_rested":1,"item_purchase_floors":[4,19,19,19],"current_hp_per_floor":[68,65,65,65,65,52,74,82,82,65,49,78,74,74,74,24,94,84,84,84,82,82,82,34,16,16,16,0],"gold":216,"neow_bonus":"HUNDRED_GOLD","is_prod":false,"is_daily":false,"chose_seed":false,"campfire_upgraded":2,"win_rate":0,"timestamp":1538865554,"path_taken":["M","M","M","$","?","E","R","E","T","E","M","?","M","?","R","BOSS","M","$","M","M","?","R","E","?","T","?","M"],"build_version":"2018-10-04v2","purchased_purges":1,"victory":false,"max_hp_per_floor":[75,75,75,75,75,75,75,89,89,89,89,89,89,89,89,89,94,94,94,94,94,94,94,94,94,94,94,94],"card_choices":[{"not_picked":["Heatsinks","Gash"],"picked":"Conserve Battery","floor":1},{"not_picked":["Self Repair","Compile Driver"],"picked":"Cold Snap","floor":2},{"not_picked":["Hologram","Turbo"],"picked":"Conserve Battery","floor":3},{"not_picked":["Rebound","Reprogram"],"picked":"Gash","floor":6},{"not_picked":["Cold Snap","Go for the Eyes"],"picked":"Stack","floor":8},{"not_picked":["Reboot","Steam"],"picked":"Ball Lightning","floor":10},{"not_picked":["Sweeping Beam","Rebound","Chaos"],"picked":"Capacitor","floor":11},{"not_picked":["Reboot","Recycle","Streamline","Compile Driver"],"picked":"SKIP","floor":13},{"not_picked":["Core Surge","Electrodynamics","All For One"],"picked":"Multi-Cast","floor":16},{"not_picked":["Steam","Scrape","Beam Cell"],"picked":"Cold Snap","floor":17},{"not_picked":["Beam Cell","Reprogram","Steam"],"picked":"BootSequence","floor":18},{"not_picked":["Gash","Undo","Static Discharge"],"picked":"Tempest","floor":20},{"not_picked":["Leap+1","Defragment","Stack"],"picked":"Hello World+1","floor":21},{"not_picked":["Aggregate","Chill","Chaos"],"picked":"Glacier+1","floor":24},{"not_picked":["Darkness","Cold Snap","Turbo"],"picked":"Machine Learning","floor":25}],"player_experience":123401,"relics_obtained":[{"floor":6,"key":"Juzu Bracelet"},{"floor":8,"key":"Mango"},{"floor":9,"key":"Gremlin Horn"},{"floor":10,"key":"Question Card"},{"floor":24,"key":"Potion Belt"},{"floor":25,"key":"Thread and Needle"},{"floor":25,"key":"Dodecahedron"},{"floor":26,"key":"Orichalcum"}],"event_choices":[{"event_name":"Shining Light","player_choice":"Ignored","floor":5,"damage_taken":0},{"event_name":"Big Fish","player_choice":"Banana","floor":12,"damage_taken":0},{"event_name":"Golden Idol","player_choice":"Take Wound","floor":14,"damage_taken":0},{"event_name":"Bonfire Elementals","player_choice":"BASIC","floor":22,"damage_taken":0},{"event_name":"Colosseum","player_choice":"Fight","floor":25,"damage_taken":0},{"event_name":"Colosseum","player_choice":"Fought Nobs","floor":25,"damage_taken":0},{"event_name":"Addict","player_choice":"Obtained Relic","floor":27,"damage_taken":0}],"is_beta":false,"boss_relics":[{"not_picked":["Runic Pyramid","Eternal Feather"],"picked":"Tiny House"}],"items_purged_floors":[4],"is_endless":false,"potions_floor_spawned":[3,6,8,11,20,24],"killed_by":"Centurion and Healer","ascension_level":2}