{"gold_per_floor":[117,117,42,60,79,79,107,107,183,183,83,102,136,201,201,201],"floor_reached":16,"playtime":694,"items_purged":["Strike_R","Defend_R"],"score":113,"play_id":"0b898354-dac8-478f-997d-bd5d64dad58c","local_time":"20190421181000","is_ascension_mode":true,"campfire_choices":[{"data":"Strike_R","floor":6.0,"key":"SMITH"},{"data":"Defend_R","floor":8.0,"key":"SMITH"},{"data":"Defend_R","floor":10.0,"key":"SMITH"},{"floor":15,"key":"REST"}],"neow_cost":"TEN_PERCENT_HP_LOSS","seed_source_timestamp":26622522960588,"circlet_count":0,"master_deck":["Strike_R","Strike_R","Strike_R","Strike_R+1","Defend_R+1","Defend_R+1","Defend_R","Bash+1"],"special_seed":0,"relics":["Burning Blood","Magic Flower","Centennial Puzzle","Kunai","Mummified Hand","Bag of Preparation"],"potions_floor_usage":[13],"damage_taken":[{"damage":7.0,"enemies":"Small Slimes","floor":1.0,"turns":4.0},{"damage":1.0,"enemies":"Cultist","floor":4.0,"turns":3.0},{"damage":6.0,"enemies":"Jaw Worm","floor":5.0,"turns":3.0},{"damage":41.0,"enemies":"3 Sentries","floor":7.0,"turns":10.0},{"damage":6.0,"enemies":"Exordium Wildlife","floor":12.0,"turns":3.0},{"damage":17,"enemies":"Gremlin Nob","floor":13,"turns":4},{"damage":16,"enemies":"3 Sentries","floor":14,"turns":10},{"damage":52,"enemies":"Slime Boss","floor":16,"turns":5}],"seed_played":"-4938355056628421839","potions_obtained":[{"floor":4.0,"key":"Fire Potion"},{"floor":12.0,"key":"SkillPotion"}],"is_trial":false,"path_per_floor":["M","?","$","M","M","R","E","R","T","R","$","M","E","?","R","B"],"character_chosen":"IRONCLAD","items_purchased":[],"campfire_rested":1,"item_purchase_floors":[],"current_hp_per_floor":[72,72,72,72,72,72,40,40,40,40,40,43,35,28,49,0],"gold":201,"neow_bonus":"ONE_RARE_RELIC","is_prod":false,"is_daily":false,"chose_seed":false,"campfire_upgraded":3,"win_rate":0,"timestamp":1555888200,"path_taken":["M","?","$","M","M","R","E","R","T","R","$","?","E","?","R","BOSS"],"build_version":"2019-01-23","purchased_purges":2,"victory":false,"max_hp_per_floor":[72,72,72,72,72,72,72,72,72,72,72,72,72,72,72,72],"card_choices":[{"not_picked":["Clash","Headbutt","True Grit"],"picked":"SKIP","floor":1.0},{"not_picked":["Inflame","Thunderclap","Pommel Strike"],"picked":"SKIP","floor":4.0},{"not_picked":["Uppercut","Flex","Sword Boomerang"],"picked":"SKIP","floor":5.0},{"not_picked":["Flame Barrier","Impervious","Heavy Blade"],"picked":"SKIP","floor":7.0},{"not_picked":["Cleave","Clothesline","Armaments"],"picked":"SKIP","floor":12.0},{"not_picked":["Twin Strike","Reaper","Double Tap"],"picked":"SKIP","floor":13}],"player_experience":801678,"relics_obtained":[{"floor":7.0,"key":"Centennial Puzzle"},{"floor":9.0,"key":"Kunai"},{"floor":13,"key":"Mummified Hand"},{"floor":14,"key":"Bag of Preparation"}],"event_choices":[{"damage_healed":0.0,"max_hp_gain":0.0,"max_hp_loss":0.0,"gold_gain":0.0,"event_name":"Upgrade Shrine","player_choice":"Upgraded","floor":2.0,"gold_loss":0.0,"damage_taken":0.0,"cards_upgraded":["Bash"]},{"damage_healed":0,"gold_gain":30,"player_choice":"Searched \u00273\u0027 times","damage_taken":0,"max_hp_gain":0,"max_hp_loss":0,"event_name":"Dead Adventurer","floor":14,"gold_loss":0}],"is_beta":false,"boss_relics":[],"items_purged_floors":[3,11],"is_endless":false,"potions_floor_spawned":[4,12],"killed_by":"Slime Boss","ascension_level":1}