{"gold_per_floor":[117,136,136,152,227,262,262,262,285,313,1,1,1,29,29,128,128,139,139,151,151,51,51,69,97,151,186,186,215,315,22,22,123,173,193,193,293,305,325,325,336,369,393,408,408,58,58,75,75,75],"floor_reached":51,"playtime":3987,"items_purged":["Decay","Writhe"],"score":881,"play_id":"33076c22-a69a-4453-b58c-f558359ccf7d","local_time":"20181117180656","is_ascension_mode":true,"campfire_choices":[{"data":"Infinite Blades","floor":7,"key":"SMITH"},{"data":"Dodge and Roll","floor":13,"key":"SMITH"},{"data":"Leg Sweep","floor":15,"key":"SMITH"},{"floor":23,"key":"REST"},{"floor":32,"key":"REST"},{"floor":40,"key":"REST"},{"floor":45,"key":"REST"},{"floor":49,"key":"REST"}],"neow_cost":"NONE","seed_source_timestamp":4355107204513,"circlet_count":0,"master_deck":["Defend_G+1","Defend_G","Defend_G","Defend_G","Neutralize+1","Predator","Flying Knee+1","Backstab+1","Infinite Blades+1","Dodge and Roll+1","PiercingWail","Leg Sweep+1","Envenom+1","Slice","Quick Slash","Backflip+1","Cloak And Dagger+1","Dagger Throw","Bite","Bite","Bite","Bite","Bite","Riddle With Holes","Adrenaline","Backflip+1","Endless Agony+1","Backstab","Endless Agony","Blade Dance+1","Blur+1","Dodge and Roll+1","Backflip"],"relics":["Ring of the Snake","NeowsBlessing","Whetstone","MawBank","Shuriken","Question Card","Fusion Hammer","Paper Crane","Oddly Smooth Stone","Bronze Scales","Torii","Gremlin Horn","Gambling Chip","Darkstone Periapt","Dodecahedron","Tiny House","Calipers","Blood Vial","Centennial Puzzle","HandDrill","Pen Nib"],"potions_floor_usage":[6,16,24,27,33,50,50,50],"damage_taken":[{"damage":0,"enemies":"Jaw Worm","floor":1,"turns":1},{"damage":0,"enemies":"Cultist","floor":2,"turns":1},{"damage":0,"enemies":"2 Louse","floor":4,"turns":1},{"damage":10,"enemies":"3 Sentries","floor":6,"turns":7},{"damage":13,"enemies":"Blue Slaver","floor":10,"turns":3},{"damage":0,"enemies":"Lagavulin","floor":14,"turns":5},{"damage":4,"enemies":"Hexaghost","floor":16,"turns":9},{"damage":0,"enemies":"Chosen","floor":18,"turns":4},{"damage":1,"enemies":"Shell Parasite","floor":20,"turns":4},{"damage":6,"enemies":"Cultist and Chosen","floor":24,"turns":4},{"damage":0,"enemies":"Gremlin Leader","floor":25,"turns":7},{"damage":5,"enemies":"Slavers","floor":27,"turns":4},{"damage":0,"enemies":"Book of Stabbing","floor":29,"turns":4},{"damage":1,"enemies":"Colosseum Slavers","floor":30,"turns":4},{"damage":24,"enemies":"Colosseum Nobs","floor":30,"turns":4},{"damage":14,"enemies":"Automaton","floor":33,"turns":8},{"damage":0,"enemies":"3 Shapes","floor":35,"turns":3},{"damage":0,"enemies":"Mind Bloom Boss Battle","floor":37,"turns":4},{"damage":0,"enemies":"3 Darklings","floor":38,"turns":3},{"damage":0,"enemies":"Transient","floor":39,"turns":5},{"damage":0,"enemies":"Sphere and 2 Shapes","floor":41,"turns":3},{"damage":0,"enemies":"Nemesis","floor":42,"turns":5},{"damage":1,"enemies":"3 Darklings","floor":44,"turns":3},{"damage":0,"enemies":"Transient","floor":48,"turns":5},{"damage":20,"enemies":"Awakened One","floor":50,"turns":9}],"seed_played":"-1124180494676308699","potions_obtained":[{"floor":2,"key":"Weak Potion"},{"floor":4,"key":"Fire Potion"},{"floor":14,"key":"PowerPotion"},{"floor":25,"key":"Fire Potion"},{"floor":29,"key":"GamblersBrew"},{"floor":33,"key":"FearPotion"},{"floor":34,"key":"Dexterity Potion"},{"floor":37,"key":"Dexterity Potion"}],"is_trial":false,"path_per_floor":["M","M","?","M","?","E","R","?","T","M","$","?","R","E","R","B",null,"M","?","M","?","$","R","M","E","T","E","?","E","?","$","R","B",null,"M","?","?","M","M","R","M","E","T","M","R","$","?","M","R","B",null],"character_chosen":"THE_SILENT","items_purchased":["Shuriken","Dodecahedron","SkillPotion","HandDrill","Pen Nib"],"campfire_rested":5,"item_purchase_floors":[11,31,31,46,46],"current_hp_per_floor":[70,70,70,70,59,49,49,49,49,36,36,36,36,36,36,32,70,70,70,69,69,69,70,64,64,64,59,49,49,27,27,41,37,54,54,54,54,54,54,54,54,54,54,54,54,54,51,51,51,43],"gold":75,"neow_bonus":"THREE_ENEMY_KILL","is_prod":false,"is_daily":false,"chose_seed":false,"campfire_upgraded":3,"win_rate":0,"timestamp":1542499616,"path_taken":["M","M","?","?","?","E","R","?","T","?","$","?","R","E","R","BOSS","M","?","?","?","$","R","M","E","T","E","?","E","?","$","R","BOSS","M","?","?","M","M","R","M","E","T","M","R","$","?","M","R","BOSS"],"build_version":"2018-11-15","purchased_purges":2,"victory":true,"max_hp_per_floor":[70,70,70,70,70,70,70,70,70,70,70,70,70,70,70,70,70,70,70,70,70,70,70,70,70,70,70,49,49,49,49,49,49,54,54,54,54,54,54,54,54,54,54,54,54,54,51,51,51,51],"card_choices":[{"not_picked":["Deadly Poison","Reflex"],"picked":"Predator","floor":1},{"not_picked":["Finisher","Deadly Poison"],"picked":"Flying Knee","floor":2},{"not_picked":["Bouncing Flask","Poisoned Stab"],"picked":"Backstab","floor":4},{"not_picked":["Prepared","PiercingWail"],"picked":"Infinite Blades","floor":6},{"not_picked":["Prepared","Sucker Punch"],"picked":"Dodge and Roll","floor":10},{"not_picked":["Riddle With Holes","Flechettes"],"picked":"Leg Sweep","floor":14},{"not_picked":["Phantasmal Killer","Unload","Tools of the Trade"],"picked":"Envenom","floor":16},{"not_picked":["Crippling Poison","Flying Knee","Distraction"],"picked":"Slice","floor":18},{"not_picked":["Backstab","Reflex","Footwork"],"picked":"Quick Slash","floor":20},{"not_picked":["Blade Dance","Dodge and Roll","Distraction"],"picked":"Backflip+1","floor":24},{"not_picked":["Die Die Die","Leg Sweep","Choke"],"picked":"Cloak And Dagger+1","floor":25},{"not_picked":["Deflect","Masterful Stab","PiercingWail"],"picked":"Dagger Throw","floor":27},{"not_picked":["Slice","Outmaneuver","Leg Sweep+1"],"picked":"Riddle With Holes","floor":29},{"not_picked":["Wraith Form v2","Corpse Explosion","Malaise"],"picked":"Adrenaline","floor":33},{"not_picked":["Setup+1","Poisoned Stab","Acrobatics"],"picked":"Backflip+1","floor":34},{"not_picked":["Acrobatics","Dagger Throw","Predator"],"picked":"Endless Agony+1","floor":35},{"not_picked":["Flechettes","Footwork","Poisoned Stab"],"picked":"Backstab","floor":37},{"not_picked":["Backflip","Outmaneuver+1","Flying Knee"],"picked":"Endless Agony","floor":38},{"not_picked":["Sucker Punch+1","Blur","Eviscerate+1"],"picked":"Blade Dance+1","floor":39},{"not_picked":["Skewer+1","Flying Knee","Dagger Throw"],"picked":"Blur+1","floor":41},{"not_picked":["Endless Agony+1","Blade Dance+1","Acrobatics+1"],"picked":"Dodge and Roll+1","floor":42},{"not_picked":["Storm of Steel","Dagger Spray","Bane","Poisoned Stab"],"picked":"SKIP","floor":44},{"not_picked":["Quick Slash","Bane","Poisoned Stab"],"picked":"Backflip","floor":48}],"player_experience":434664,"relics_obtained":[{"floor":6,"key":"Whetstone"},{"floor":9,"key":"MawBank"},{"floor":14,"key":"Question Card"},{"floor":25,"key":"Oddly Smooth Stone"},{"floor":26,"key":"Bronze Scales"},{"floor":27,"key":"Torii"},{"floor":29,"key":"Gremlin Horn"},{"floor":30,"key":"Gambling Chip"},{"floor":30,"key":"Darkstone Periapt"},{"floor":37,"key":"Calipers"},{"floor":42,"key":"Blood Vial"},{"floor":43,"key":"Centennial Puzzle"}],"event_choices":[{"damage_healed":0,"gold_gain":0,"player_choice":"Cursed","damage_taken":0,"max_hp_gain":0,"max_hp_loss":0,"event_name":"Wheel of Change","floor":3,"gold_loss":0,"cards_obtained":["Decay"]},{"damage_healed":0,"gold_gain":75,"player_choice":"Gather Gold","damage_taken":11,"max_hp_gain":0,"max_hp_loss":0,"event_name":"World of Goop","floor":5,"gold_loss":0},{"damage_healed":0,"gold_gain":0,"player_choice":"Forge","damage_taken":0,"max_hp_gain":0,"max_hp_loss":0,"event_name":"Accursed Blacksmith","floor":8,"gold_loss":0,"cards_upgraded":["Neutralize"]},{"damage_healed":0,"gold_gain":0,"cards_transformed":["Defend_G"],"player_choice":"Transformed","damage_taken":0,"max_hp_gain":0,"max_hp_loss":0,"event_name":"Transmorgrifier","floor":12,"gold_loss":0,"cards_obtained":["PiercingWail"]},{"damage_healed":0,"gold_gain":0,"player_choice":"Upgraded","damage_taken":0,"max_hp_gain":0,"max_hp_loss":0,"event_name":"Upgrade Shrine","floor":19,"gold_loss":0,"cards_upgraded":["Envenom"]},{"damage_healed":0,"gold_gain":0,"player_choice":"Opened","damage_taken":0,"relics_obtained":["Paper Crane"],"max_hp_gain":0,"max_hp_loss":0,"event_name":"The Mausoleum","floor":21,"gold_loss":0,"cards_obtained":["Writhe"]},{"damage_healed":0,"gold_gain":0,"player_choice":"Became a vampire","damage_taken":0,"max_hp_gain":0,"max_hp_loss":21,"event_name":"Vampires","floor":28,"gold_loss":0,"cards_obtained":["Bite","Bite","Bite","Bite","Bite"]},{"damage_healed":0,"gold_gain":0,"player_choice":"Fight","damage_taken":0,"max_hp_gain":0,"max_hp_loss":0,"event_name":"Colosseum","floor":30,"gold_loss":0},{"damage_healed":0,"gold_gain":0,"player_choice":"Fought Nobs","damage_taken":0,"max_hp_gain":0,"max_hp_loss":0,"event_name":"Colosseum","floor":30,"gold_loss":0},{"cards_removed":["Survivor"],"damage_healed":0,"gold_gain":0,"player_choice":"Removed Skill","damage_taken":0,"max_hp_gain":0,"max_hp_loss":0,"event_name":"Falling","floor":36,"gold_loss":0},{"damage_healed":0,"gold_gain":0,"player_choice":"Fight","damage_taken":0,"max_hp_gain":0,"max_hp_loss":0,"event_name":"MindBloom","floor":37,"gold_loss":0},{"damage_healed":0,"gold_gain":0,"player_choice":"Max HP","damage_taken":0,"max_hp_gain":0,"max_hp_loss":3,"event_name":"Winding Halls","floor":47,"gold_loss":0}],"is_beta":false,"boss_relics":[{"not_picked":["Lizard Tail","HoveringKite"],"picked":"Fusion Hammer"},{"not_picked":["WristBlade","White Beast Statue"],"picked":"Tiny House"}],"items_purged_floors":[11,22],"is_endless":false,"potions_floor_spawned":[2,4,14,25,29,33,37,38],"ascension_level":1}