{"gold_per_floor":[361,379,379,395,470,470,395,320,373,373,397,96,96,135,135,228,228,247,247,162,172,185,185,201,201,201,213,213,241,256,275,275,275],"floor_reached":33,"playtime":1455,"items_purged":["Regret"],"score":492,"play_id":"28bca05a-1665-4467-a6e5-0b7621a9997f","local_time":"20180824144524","is_ascension_mode":true,"campfire_choices":[{"floor":6.0,"key":"REST"},{"data":"Clothesline","floor":15.0,"key":"SMITH"},{"data":"1","floor":23.0,"key":"LIFT"},{"data":"2","floor":25.0,"key":"LIFT"},{"floor":28.0,"key":"REST"},{"data":"3","floor":32.0,"key":"LIFT"}],"neow_cost":"CURSE","seed_source_timestamp":0,"circlet_count":0,"master_deck":["Strike_R","Strike_R","Strike_R","Strike_R","Defend_R","Defend_R","Defend_R","Defend_R","Bash","AscendersBane","Pommel Strike","Feed","Clothesline+1","Regret","Feed","Shrug It Off+1","Iron Wave","Heavy Blade","Heavy Blade+1","Iron Wave","Battle Trance"],"special_seed":0,"relics":["Burning Blood","Bloody Idol","Lantern","Shuriken","Red Skull","Strawberry","Mercury Hourglass","Sundial","Sozu","Girya","Question Card","Art of War"],"potions_floor_usage":[],"damage_taken":[{"damage":13.0,"enemies":"Jaw Worm","floor":1.0,"turns":5.0},{"damage":9.0,"enemies":"Cultist","floor":2.0,"turns":4.0},{"damage":12.0,"enemies":"Small Slimes","floor":4.0,"turns":4.0},{"damage":0.0,"enemies":"3 Louse","floor":11.0,"turns":4.0},{"damage":22.0,"enemies":"Lagavulin","floor":14.0,"turns":5.0},{"damage":44.0,"enemies":"The Guardian","floor":16.0,"turns":11.0},{"damage":27.0,"enemies":"Shell Parasite","floor":18.0,"turns":6.0},{"damage":13.0,"enemies":"3 Byrds","floor":21.0,"turns":5.0},{"damage":42.0,"enemies":"Sentry and Sphere","floor":22.0,"turns":6.0},{"damage":5.0,"enemies":"Snecko","floor":24.0,"turns":4.0},{"damage":10.0,"enemies":"Shelled Parasite and Fungi","floor":27.0,"turns":5.0},{"damage":32.0,"enemies":"Book of Stabbing","floor":29.0,"turns":4.0},{"damage":14.0,"enemies":"Centurion and Healer","floor":30.0,"turns":3.0},{"damage":2.0,"enemies":"Sentry and Sphere","floor":31.0,"turns":3.0},{"damage":67,"enemies":"Champ","floor":33,"turns":7}],"seed_played":"7787533703553082844","potions_obtained":[{"floor":14.0,"key":"Regen Potion"},{"floor":16.0,"key":"SkillPotion"}],"is_trial":false,"path_per_floor":["M","M","?","M","?","R","$","?","T","?","M","$","?","E","R","B",null,"M","?","?","M","M","R","M","R","T","M","R","E","M","M","R"],"character_chosen":"IRONCLAD","items_purchased":["Red Skull","Strawberry"],"campfire_rested":2,"item_purchase_floors":[12,12],"current_hp_per_floor":[61,58,32,26,15,37,37,37,37,32,41,48,48,32,32,9,66,48,48,48,52,24,24,30,30,30,34,64,43,43,55,55,0],"gold":275,"neow_bonus":"TWO_FIFTY_GOLD","is_prod":false,"is_daily":false,"chose_seed":false,"campfire_upgraded":1,"win_rate":0,"timestamp":1535147124,"path_taken":["M","M","?","?","?","R","$","?","T","?","M","$","?","E","R","BOSS","M","?","?","M","M","R","M","R","T","M","R","E","M","?","R","BOSS"],"build_version":"2018-08-23v2","purchased_purges":1,"victory":false,"max_hp_per_floor":[75,75,75,75,75,75,75,75,75,75,78,85,85,85,85,85,85,88,88,88,94,97,97,97,97,97,100,100,100,103,106,106,106],"card_choices":[{"not_picked":["Heavy Blade","Combust","Havoc"],"picked":"SKIP","floor":1.0},{"not_picked":["Headbutt","Cleave"],"picked":"Pommel Strike","floor":2.0},{"not_picked":["Iron Wave","True Grit"],"picked":"Feed","floor":4.0},{"not_picked":["Warcry","Sword Boomerang"],"picked":"Clothesline","floor":11.0},{"not_picked":["Clothesline","Body Slam","Warcry"],"picked":"SKIP","floor":14.0},{"not_picked":["Juggernaut","Impervious"],"picked":"Feed","floor":16.0},{"not_picked":["Headbutt","Clothesline+1","Perfected Strike"],"picked":"SKIP","floor":18.0},{"not_picked":["Iron Wave","Combust"],"picked":"Shrug It Off+1","floor":21.0},{"not_picked":["Bloodletting","Sentinel"],"picked":"Iron Wave","floor":22.0},{"not_picked":["Iron Wave","Perfected Strike"],"picked":"Heavy Blade","floor":24.0},{"not_picked":["Fire Breathing","Havoc","Thunderclap"],"picked":"Heavy Blade+1","floor":27.0},{"not_picked":["Clothesline","Sword Boomerang+1","Feel No Pain","Exhume"],"picked":"SKIP","floor":29.0},{"not_picked":["Blood for Blood+1","Armaments","Pommel Strike+1"],"picked":"Iron Wave","floor":30.0},{"not_picked":["Seeing Red","Sentinel","Inflame"],"picked":"Battle Trance","floor":31.0}],"player_experience":790793,"relics_obtained":[{"floor":9.0,"key":"Lantern"},{"floor":14.0,"key":"Sundial"},{"floor":26.0,"key":"Question Card"},{"floor":29.0,"key":"Art of War"}],"event_choices":[{"event_name":"Golden Idol","player_choice":"Take Damage","floor":3.0,"damage_taken":0.0},{"event_name":"World of Goop","player_choice":"Gather Gold","floor":5.0,"damage_taken":0.0},{"event_name":"The Cleric","player_choice":"Card Removal","floor":8.0,"damage_taken":0.0},{"event_name":"Scrap Ooze","player_choice":"success","floor":10.0,"damage_taken":5.0},{"event_name":"Big Fish","player_choice":"Box","floor":13.0,"damage_taken":0.0},{"event_name":"Forgotten Altar","player_choice":"Gave Idol","floor":19.0,"damage_taken":0.0},{"event_name":"Addict","player_choice":"Obtained Relic","floor":20.0,"damage_taken":0.0}],"is_beta":false,"boss_relics":[{"not_picked":["White Beast Statue","Cursed Key"],"picked":"Sozu"}],"items_purged_floors":[7],"is_endless":false,"potions_floor_spawned":[14,16,21,22,24,27],"killed_by":"Champ","ascension_level":15}