{"gold_per_floor":[112,128,128,8,8,8,36,50,50,50,79,92,92,107,107,210,210,229,210,135,135,154,154,189,27,81,81,18,18,29,29,29,132,132,150,150,163,40,52,87,87,87,87,87,102,121,121,132,132,132],"floor_reached":51,"playtime":3703,"items_purged":["Strike_B+1"],"score":1020,"play_id":"4a05e065-8732-49ca-badf-34f441807136","local_time":"20190213111339","is_ascension_mode":true,"campfire_choices":[{"data":"Streamline","floor":6.0,"key":"SMITH"},{"data":"Defragment","floor":13.0,"key":"SMITH"},{"data":"Zap","floor":15.0,"key":"SMITH"},{"data":"Consume","floor":23.0,"key":"SMITH"},{"floor":27.0,"key":"REST"},{"data":"Rainbow","floor":32.0,"key":"SMITH"},{"data":"Buffer","floor":41.0,"key":"SMITH"},{"data":"Fission","floor":44.0,"key":"SMITH"},{"data":"Defragment","floor":47.0,"key":"SMITH"},{"data":"Loop","floor":49,"key":"SMITH"}],"neow_cost":"NONE","seed_source_timestamp":0,"circlet_count":0,"master_deck":["AscendersBane","Defend_B+1","Defend_B+1","Defend_B+1","Defend_B+1","Zap+1","Dualcast","Glacier","Self Repair","Streamline+1","Defragment+1","Hologram","Redo","Genetic Algorithm","BootSequence","Electrodynamics","Consume+1","Capacitor","Rainbow+1","Storm","Buffer+1","Cold Snap","Ball Lightning","Defragment+1","Fission+1","Reinforced Body","Loop+1"],"special_seed":0,"relics":["Cracked Core","Pantograph","Du-Vu Doll","PreservedInsect","The Courier","Shuriken","Empty Cage","Centennial Puzzle","ClockworkSouvenir","Regal Pillow","Coffee Dripper","Potion Belt","Question Card","Gambling Chip"],"potions_floor_usage":[50,50,50,50],"damage_taken":[{"damage":0.0,"enemies":"Cultist","floor":1.0,"turns":4.0},{"damage":0.0,"enemies":"2 Louse","floor":2.0,"turns":4.0},{"damage":18.0,"enemies":"3 Sentries","floor":7.0,"turns":8.0},{"damage":12.0,"enemies":"Jaw Worm","floor":8.0,"turns":4.0},{"damage":18.0,"enemies":"Lagavulin","floor":11.0,"turns":8.0},{"damage":18.0,"enemies":"Lots of Slimes","floor":12.0,"turns":4.0},{"damage":11.0,"enemies":"Red Slaver","floor":14.0,"turns":3.0},{"damage":13.0,"enemies":"The Guardian","floor":16.0,"turns":13.0},{"damage":4.0,"enemies":"Chosen","floor":18.0,"turns":4.0},{"damage":23.0,"enemies":"2 Thieves","floor":19.0,"turns":4.0},{"damage":17.0,"enemies":"Centurion and Healer","floor":22.0,"turns":5.0},{"damage":27.0,"enemies":"Gremlin Leader","floor":24.0,"turns":5.0},{"damage":29.0,"enemies":"Shelled Parasite and Fungi","floor":30.0,"turns":6.0},{"damage":59.0,"enemies":"Collector","floor":33.0,"turns":14.0},{"damage":35.0,"enemies":"3 Darklings","floor":35.0,"turns":4.0},{"damage":8.0,"enemies":"Orb Walker","floor":37.0,"turns":6.0},{"damage":0.0,"enemies":"Writhing Mass","floor":39.0,"turns":8.0},{"damage":18.0,"enemies":"Nemesis","floor":40.0,"turns":9.0},{"damage":0.0,"enemies":"Sphere and 2 Shapes","floor":45.0,"turns":4.0},{"damage":0.0,"enemies":"3 Darklings","floor":46.0,"turns":4.0},{"damage":7,"enemies":"Maw","floor":48,"turns":6},{"damage":16,"enemies":"Awakened One","floor":50,"turns":11}],"seed_played":"3069159508285759191","potions_obtained":[{"floor":2.0,"key":"Dexterity Potion"},{"floor":8.0,"key":"Energy Potion"},{"floor":11.0,"key":"Ancient Potion"},{"floor":14.0,"key":"LiquidBronze"},{"floor":18.0,"key":"FocusPotion"},{"floor":24.0,"key":"SneckoOil"},{"floor":37.0,"key":"PowerPotion"},{"floor":45.0,"key":"Fire Potion"},{"floor":48,"key":"FocusPotion"}],"is_trial":false,"path_per_floor":["M","M","?","$","?","R","E","M","T","T","E","M","R","M","R","B",null,"M","M","?","?","M","R","E","$","T","R","$","?","M","?","R","B",null,"M","?","M","$","M","E","R","T","T","R","M","M","R","M","R","B",null],"character_chosen":"DEFECT","items_purchased":["Defragment","Energy Potion","ClockworkSouvenir","Storm","Defragment"],"campfire_rested":1,"item_purchase_floors":[4,4,25,28,38],"current_hp_per_floor":[68,75,75,75,75,75,64,59,59,59,48,37,37,26,26,45,68,71,55,55,55,45,45,25,25,25,62,62,62,40,40,40,13,60,25,66,65,65,66,55,55,55,55,55,55,55,55,55,55,57],"gold":132,"neow_bonus":"THREE_CARDS","is_prod":false,"is_daily":false,"chose_seed":false,"campfire_upgraded":9,"win_rate":0,"timestamp":1550052819,"path_taken":["M","M","?","$","?","R","E","M","T","?","E","?","R","M","R","BOSS","M","M","?","?","M","R","E","$","T","R","$","?","?","?","R","BOSS","M","?","M","$","M","E","R","?","T","R","?","M","R","M","R","BOSS"],"build_version":"2019-01-23","purchased_purges":1,"victory":true,"max_hp_per_floor":[75,75,75,75,75,75,75,75,75,75,75,75,75,75,75,75,75,75,75,75,75,75,75,75,75,75,75,75,75,75,75,75,75,75,75,66,66,66,66,66,66,66,66,66,66,66,66,66,66,66],"card_choices":[{"not_picked":["Cold Snap","Storm"],"picked":"Glacier","floor":0.0},{"not_picked":["Gash","Lockon"],"picked":"Self Repair","floor":1.0},{"not_picked":["Storm","Coolheaded"],"picked":"Streamline","floor":2.0},{"not_picked":["Steam","Lockon"],"picked":"Hologram","floor":7.0},{"not_picked":["Cold Snap","Echo Form"],"picked":"Redo","floor":8.0},{"not_picked":["Sweeping Beam","Stack"],"picked":"Genetic Algorithm","floor":11.0},{"not_picked":["Coolheaded","Streamline","Force Field"],"picked":"SKIP","floor":12.0},{"not_picked":["Steam","Leap"],"picked":"BootSequence","floor":14.0},{"not_picked":["Thunder Strike","Amplify"],"picked":"Electrodynamics","floor":16.0},{"not_picked":["Streamline+1","Reprogram","Stack"],"picked":"SKIP","floor":18.0},{"not_picked":["Barrage","Compile Driver"],"picked":"Consume","floor":19.0},{"not_picked":["Turbo+1","Genetic Algorithm"],"picked":"Capacitor","floor":22.0},{"not_picked":["Double Energy","BootSequence"],"picked":"Rainbow","floor":24.0},{"not_picked":["Hologram","Go for the Eyes","Rebound"],"picked":"SKIP","floor":30.0},{"not_picked":["Amplify","Seek"],"picked":"Buffer","floor":33.0},{"not_picked":["Barrage+1","Beam Cell"],"picked":"Cold Snap","floor":35.0},{"not_picked":["Streamline","Recycle+1"],"picked":"Ball Lightning","floor":37.0},{"not_picked":["Streamline","Rebound"],"picked":"Fission","floor":39.0},{"not_picked":["Compile Driver","Conserve Battery","Barrage"],"picked":"SKIP","floor":40.0},{"not_picked":["Turbo+1","Blizzard","Steam","Sweeping Beam"],"picked":"SKIP","floor":45.0},{"not_picked":["Turbo+1","Blizzard","Steam","Sweeping Beam"],"picked":"SKIP","floor":45.0},{"not_picked":["Blizzard+1","Leap","Consume+1"],"picked":"Reinforced Body","floor":46.0},{"not_picked":["Hologram","Barrage+1","Cold Snap+1"],"picked":"Loop","floor":48}],"player_experience":355187,"relics_obtained":[{"floor":7.0,"key":"Du-Vu Doll"},{"floor":9.0,"key":"PreservedInsect"},{"floor":10.0,"key":"The Courier"},{"floor":11.0,"key":"Shuriken"},{"floor":24.0,"key":"Centennial Puzzle"},{"floor":26.0,"key":"Regal Pillow"},{"floor":40.0,"key":"Potion Belt"},{"floor":42.0,"key":"Question Card"},{"floor":43.0,"key":"Gambling Chip"}],"event_choices":[{"damage_healed":0.0,"max_hp_gain":0.0,"max_hp_loss":0.0,"gold_gain":0.0,"event_name":"Big Fish","player_choice":"Box","floor":3.0,"gold_loss":0.0,"damage_taken":0.0,"relics_obtained":["Pantograph"],"cards_obtained":["Regret"]},{"damage_healed":0.0,"max_hp_gain":0.0,"max_hp_loss":0.0,"gold_gain":0.0,"event_name":"Liars Game","player_choice":"Ignored","floor":5.0,"gold_loss":0.0,"damage_taken":0.0},{"cards_removed":["Regret"],"damage_healed":0.0,"max_hp_gain":0.0,"max_hp_loss":0.0,"gold_gain":0.0,"event_name":"Beggar","player_choice":"Gave Gold","floor":20.0,"gold_loss":75.0,"damage_taken":0.0},{"damage_healed":0.0,"max_hp_gain":0.0,"max_hp_loss":0.0,"gold_gain":0.0,"event_name":"Back to Basics","player_choice":"Simplicity","floor":21.0,"gold_loss":0.0,"damage_taken":0.0,"cards_upgraded":["Strike_B","Strike_B","Defend_B","Defend_B","Defend_B","Defend_B"]},{"cards_removed":["Strike_B"],"damage_healed":0.0,"max_hp_gain":0.0,"max_hp_loss":0.0,"gold_gain":0.0,"event_name":"Bonfire Elementals","player_choice":"Offered Basic","floor":29.0,"gold_loss":0.0,"damage_taken":0.0},{"damage_healed":0.0,"max_hp_gain":0.0,"max_hp_loss":0.0,"gold_gain":0.0,"event_name":"Ghosts","player_choice":"Ignored","floor":31.0,"gold_loss":0.0,"damage_taken":0.0},{"damage_healed":66.0,"max_hp_gain":0.0,"max_hp_loss":9.0,"gold_gain":0.0,"event_name":"The Moai Head","player_choice":"Heal","floor":36.0,"gold_loss":0.0,"damage_taken":0.0}],"is_beta":false,"boss_relics":[{"not_picked":["Snecko Eye","Tiny House"],"picked":"Empty Cage"},{"not_picked":["Astrolabe","FrozenCore"],"picked":"Coffee Dripper"}],"items_purged_floors":[38],"is_endless":false,"potions_floor_spawned":[2,8,11,14,18,24,30,37,45,48],"ascension_level":10}