{"gold_per_floor":[116,127,75,75,88,88,118,118,141,141,153,166,166,182,182,283,283,301,301],"floor_reached":19,"playtime":1408,"items_purged":[],"score":203,"play_id":"2f2cfb69-4717-441b-9163-5b4023d9294b","local_time":"20190123174437","is_ascension_mode":true,"campfire_choices":[{"data":"Neutralize","floor":6.0,"key":"SMITH"},{"data":"Cloak And Dagger","floor":8,"key":"SMITH"},{"data":"Sucker Punch","floor":10,"key":"SMITH"},{"data":"Survivor","floor":13,"key":"SMITH"},{"data":"Blade Dance","floor":15,"key":"SMITH"}],"neow_cost":"NONE","seed_source_timestamp":241439803239114,"circlet_count":0,"master_deck":["Defend_G","Defend_G","Defend_G","Defend_G","Defend_G","Strike_G","Strike_G","Strike_G","Strike_G","Survivor+1","Neutralize+1","Deadly Poison","Flying Knee","Cloak And Dagger+1","Sucker Punch+1","Backstab","Blade Dance+1","A Thousand Cuts","Pain","Regret","Normality","Bouncing Flask+1"],"special_seed":0,"relics":["Eternal Feather","Dream Catcher","Regal Pillow","Calling Bell","Potion Belt","Dodecahedron","Calipers"],"potions_floor_usage":[],"damage_taken":[{"damage":3.0,"enemies":"Jaw Worm","floor":1.0,"turns":6.0},{"damage":3.0,"enemies":"Cultist","floor":2.0,"turns":4.0},{"damage":0.0,"enemies":"2 Louse","floor":5.0,"turns":2.0},{"damage":33,"enemies":"3 Sentries","floor":7,"turns":13},{"damage":1,"enemies":"2 Fungi Beasts","floor":11,"turns":3},{"damage":12,"enemies":"Large Slime","floor":12,"turns":6},{"damage":13,"enemies":"Exordium Thugs","floor":14,"turns":6},{"damage":28,"enemies":"The Guardian","floor":16,"turns":14},{"damage":37,"enemies":"Shell Parasite","floor":18,"turns":9},{"damage":3,"enemies":"3 Byrds","floor":19,"turns":2}],"seed_played":"-5714734389450015292","potions_obtained":[{"floor":2.0,"key":"LiquidBronze"},{"floor":7,"key":"Energy Potion"},{"floor":12,"key":"SpeedPotion"}],"is_trial":false,"path_per_floor":["M","M","$","?","M","M","R","E","R","T","R","M","M","R","M","R","B",null,"M","M"],"character_chosen":"THE_SILENT","items_purchased":["Cloak And Dagger"],"campfire_rested":0,"item_purchase_floors":[3],"current_hp_per_floor":[67,64,64,64,64,70,37,46,46,55,54,42,51,38,47,19,70,33,30],"gold":301,"neow_bonus":"BOSS_RELIC","is_prod":false,"is_daily":false,"chose_seed":false,"campfire_upgraded":5,"win_rate":0,"timestamp":1548261877,"path_taken":["M","M","$","?","M","R","E","R","T","R","M","M","R","M","R","BOSS","M","M"],"build_version":"2018-12-20","purchased_purges":0,"victory":false,"max_hp_per_floor":[70,70,70,70,70,70,70,70,70,70,70,70,70,70,70,70,70,70,70],"card_choices":[{"not_picked":["Bane","Escape Plan"],"picked":"Deadly Poison","floor":1.0},{"not_picked":["Escape Plan","Prepared"],"picked":"Flying Knee","floor":2.0},{"not_picked":["Bane","Acrobatics"],"picked":"Sucker Punch","floor":5.0},{"not_picked":["Acrobatics","Quick Slash","Deadly Poison"],"picked":"SKIP","floor":7},{"not_picked":["Doppelganger","Flying Knee"],"picked":"Backstab","floor":11},{"not_picked":["Expertise","Sucker Punch","Poisoned Stab"],"picked":"SKIP","floor":12},{"not_picked":["Tactician","Blur"],"picked":"Blade Dance","floor":14},{"not_picked":["Bullet Time","Unload"],"picked":"A Thousand Cuts","floor":16},{"not_picked":["Escape Plan","Reflex"],"picked":"Bouncing Flask+1","floor":18}],"player_experience":127564,"relics_obtained":[{"floor":7,"key":"Dream Catcher"},{"floor":9,"key":"Regal Pillow"},{"floor":17,"key":"Potion Belt"},{"floor":17,"key":"Dodecahedron"},{"floor":17,"key":"Calipers"}],"event_choices":[{"cards_removed":["Strike_G"],"damage_healed":0.0,"max_hp_gain":0.0,"max_hp_loss":0.0,"gold_gain":0.0,"event_name":"Wheel of Change","player_choice":"Card Removal","floor":4.0,"gold_loss":0.0,"damage_taken":0.0}],"is_beta":false,"boss_relics":[{"not_picked":["Tiny House","Pandora\u0027s Box"],"picked":"Calling Bell"}],"items_purged_floors":[],"is_endless":false,"potions_floor_spawned":[2,7,12,14],"killed_by":"3 Byrds","ascension_level":4}