{"gold_per_floor":[216,226,241,221,231,264,264,10,10,29,29,62,62,35,35,138,138,63,63,63,12,12,12,12,12,12,12,12,0,0,0,0,0],"floor_reached":33,"playtime":1991,"items_purged":[],"score":470,"play_id":"faf95e71-9ae6-488c-a610-0b5f997d17cd","local_time":"20190130121745","is_ascension_mode":true,"campfire_choices":[{"data":"Armaments","floor":7.0,"key":"SMITH"},{"floor":13.0,"key":"REST"},{"data":"True Grit","floor":15.0,"key":"SMITH"},{"floor":24.0,"key":"REST"},{"data":"Demon Form","floor":27.0,"key":"SMITH"},{"data":"Shrug It Off","floor":30.0,"key":"SMITH"},{"data":"Disarm","floor":32.0,"key":"SMITH"}],"neow_cost":"NONE","seed_source_timestamp":437553335410834,"circlet_count":0,"master_deck":["AscendersBane","Strike_R","Strike_R","Strike_R","Strike_R","Strike_R","Defend_R","Defend_R","Defend_R","Defend_R","Bash","Cleave","True Grit+1","Armaments+1","Warcry","Ghostly Armor","Clothesline","Disarm+1","Body Slam","Demon Form+1","Pommel Strike+1","Iron Wave+1","Shrug It Off+1","Heavy Blade+1","Inflame"],"special_seed":0,"relics":["Burning Blood","Gambling Chip","Medical Kit","Ginger","Ornamental Fan","Ectoplasm","MutagenicStrength","Self Forming Clay","Happy Flower","Toxic Egg 2"],"potions_floor_usage":[],"damage_taken":[{"damage":10.0,"enemies":"Jaw Worm","floor":1.0,"turns":6.0},{"damage":1.0,"enemies":"Cultist","floor":2.0,"turns":3.0},{"damage":0.0,"enemies":"Small Slimes","floor":3.0,"turns":3.0},{"damage":21.0,"enemies":"Exordium Wildlife","floor":5.0,"turns":8.0},{"damage":53.0,"enemies":"Lagavulin","floor":6.0,"turns":9.0},{"damage":1.0,"enemies":"Looter","floor":10.0,"turns":4.0},{"damage":50.0,"enemies":"Gremlin Nob","floor":12.0,"turns":5.0},{"damage":13.0,"enemies":"Hexaghost","floor":16.0,"turns":16.0},{"damage":22.0,"enemies":"2 Thieves","floor":18.0,"turns":5.0},{"damage":7.0,"enemies":"Chosen","floor":19.0,"turns":4.0},{"damage":25.0,"enemies":"Snake Plant","floor":22.0,"turns":6.0},{"damage":13.0,"enemies":"Gremlin Leader","floor":23.0,"turns":5.0},{"damage":3.0,"enemies":"Slavers","floor":25.0,"turns":7.0},{"damage":0.0,"enemies":"Snecko","floor":28.0,"turns":4.0},{"damage":12.0,"enemies":"Book of Stabbing","floor":31.0,"turns":5.0},{"damage":55,"enemies":"Automaton","floor":33,"turns":8}],"seed_played":"3909757786193071208","potions_obtained":[{"floor":4.0,"key":"FairyPotion"},{"floor":5.0,"key":"LiquidBronze"},{"floor":10.0,"key":"SteroidPotion"},{"floor":22.0,"key":"Energy Potion"},{"floor":23.0,"key":"FearPotion"}],"is_trial":false,"path_per_floor":["M","M","M","?","M","E","R","$","T","M","$","E","R","$","R","B",null,"M","M","?","$","M","E","R","E","T","R","M","?","R","E","R","B"],"character_chosen":"IRONCLAD","items_purchased":["Medical Kit","Dexterity Potion","Body Slam","Shrug It Off"],"campfire_rested":2,"item_purchase_floors":[8,8,14,21],"current_hp_per_floor":[68,73,79,79,64,17,17,17,17,22,22,14,38,38,38,31,68,52,51,51,51,32,25,49,52,52,52,58,58,58,52,52,0],"gold":0,"neow_bonus":"HUNDRED_GOLD","is_prod":false,"is_daily":false,"chose_seed":false,"campfire_upgraded":5,"win_rate":0,"timestamp":1548847065,"path_taken":["M","M","M","?","M","E","R","$","T","M","$","E","R","?","R","BOSS","M","M","?","$","M","E","R","E","T","R","M","?","R","E","R","BOSS"],"build_version":"2019-01-23","purchased_purges":0,"victory":false,"max_hp_per_floor":[80,80,80,80,80,80,80,80,80,80,80,80,80,80,80,80,80,80,80,80,80,80,80,80,80,80,80,80,80,80,80,80,80],"card_choices":[{"not_picked":["Sword Boomerang","Intimidate"],"picked":"Cleave","floor":1.0},{"not_picked":["Anger","Heavy Blade"],"picked":"True Grit","floor":2.0},{"not_picked":["Bloodletting","Second Wind"],"picked":"Armaments","floor":3.0},{"not_picked":["Combust","Heavy Blade"],"picked":"Warcry","floor":5.0},{"not_picked":["Perfected Strike","Burning Pact"],"picked":"Ghostly Armor","floor":6.0},{"not_picked":["Flex","Clash"],"picked":"Clothesline","floor":10.0},{"not_picked":["Barricade","Havoc"],"picked":"Disarm","floor":12.0},{"not_picked":["Offering","Berserk"],"picked":"Demon Form","floor":16.0},{"not_picked":["True Grit","Wild Strike"],"picked":"Pommel Strike+1","floor":18.0},{"not_picked":["Inflame+1","Feel No Pain"],"picked":"Iron Wave+1","floor":19.0},{"not_picked":["Shockwave+1","Entrench"],"picked":"Heavy Blade+1","floor":22.0},{"not_picked":["Wild Strike","Flex","Burning Pact"],"picked":"SKIP","floor":23.0},{"not_picked":["Anger+1","Fire Breathing","Rampage+1"],"picked":"SKIP","floor":25.0},{"not_picked":["Iron Wave","Rage","Wild Strike"],"picked":"SKIP","floor":28.0},{"not_picked":["Searing Blow","Havoc"],"picked":"Inflame","floor":31.0}],"player_experience":188777,"relics_obtained":[{"floor":6.0,"key":"Gambling Chip"},{"floor":9.0,"key":"Ginger"},{"floor":12.0,"key":"Ornamental Fan"},{"floor":23.0,"key":"Self Forming Clay"},{"floor":25.0,"key":"Happy Flower"},{"floor":31.0,"key":"Toxic Egg 2"}],"event_choices":[{"damage_healed":0.0,"max_hp_gain":0.0,"max_hp_loss":0.0,"gold_gain":0.0,"event_name":"The Woman in Blue","player_choice":"Bought 1 Potion","floor":4.0,"gold_loss":0.0,"damage_taken":0.0},{"damage_healed":0.0,"max_hp_gain":0.0,"max_hp_loss":0.0,"gold_gain":0.0,"event_name":"Drug Dealer","player_choice":"Inject Mutagens","floor":20.0,"gold_loss":0.0,"damage_taken":0.0,"relics_obtained":["MutagenicStrength"]},{"damage_healed":0.0,"max_hp_gain":0.0,"max_hp_loss":0.0,"gold_gain":0.0,"event_name":"Masked Bandits","player_choice":"Paid Fearfully","floor":29.0,"gold_loss":12.0,"damage_taken":0.0}],"is_beta":false,"boss_relics":[{"not_picked":["Eternal Feather","White Beast Statue"],"picked":"Ectoplasm"}],"items_purged_floors":[],"is_endless":false,"potions_floor_spawned":[5,10,22,23],"killed_by":"Automaton","ascension_level":10}