{"gold_per_floor":[275,275,308,340,373,373,190,190,222,234],"floor_reached":10,"playtime":671,"items_purged":["Strike_R"],"score":90,"play_id":"c87d6a68-03b1-4441-8585-11f7aecdea32","local_time":"20190421203418","daily_mods":["CTS - Platinum Difficulty","CTS - Elite Rush","Uncertain Future"],"is_ascension_mode":false,"campfire_choices":[{"data":"Mayhem","floor":2,"key":"SMITH"},{"data":"Feel No Pain","floor":8,"key":"SMITH"}],"neow_cost":"","seed_source_timestamp":0,"circlet_count":0,"master_deck":["AscendersBane","Strike_R","Strike_R","Strike_R","Strike_R","Defend_R","Defend_R","Defend_R","Defend_R","Bash","Headbutt","Shrug It Off","Armaments","Mayhem+1","Pummel","Feel No Pain+1","Corruption","Jack Of All Trades","Shrug It Off"],"relics":["Burning Blood","Black Star","Sling","PreservedInsect","Oddly Smooth Stone","Pocketwatch","Sundial","Blood Vial","Orichalcum","Red Skull","Runic Cube","MawBank","Centennial Puzzle"],"potions_floor_usage":[9,9],"damage_taken":[{"damage":10,"enemies":"Lagavulin","floor":3,"turns":6},{"damage":10,"enemies":"3 Sentries","floor":4,"turns":7},{"damage":10,"enemies":"Gremlin Nob","floor":5,"turns":3},{"damage":35,"enemies":"Slavers","floor":9,"turns":5},{"damage":34,"enemies":"Book of Stabbing","floor":10,"turns":5}],"seed_played":"3159771935459463596","potions_obtained":[{"floor":4,"key":"PowerPotion"}],"is_trial":true,"path_per_floor":["$","R","E","E","E","T","$","R","E","E"],"character_chosen":"IRONCLAD","items_purchased":["Headbutt","Shrug It Off","Armaments","Mayhem","Block Potion","Corruption","Jack Of All Trades"],"campfire_rested":0,"item_purchase_floors":[1,1,1,1,1,7,7],"current_hp_per_floor":[68,68,64,60,58,58,58,58,31,0],"gold":234,"neow_bonus":"","is_prod":false,"is_daily":false,"chose_seed":false,"campfire_upgraded":2,"win_rate":0,"timestamp":1555896858,"path_taken":["$","R","E","E","E","T","$","R","E","E"],"build_version":"2019-01-23","purchased_purges":1,"victory":false,"max_hp_per_floor":[75,75,75,75,75,75,75,75,75,75],"card_choices":[{"not_picked":["Combust","Intimidate"],"picked":"Pummel","floor":3},{"not_picked":["Thunderclap","Exhume"],"picked":"Feel No Pain","floor":4},{"not_picked":["Berserk","Reckless Charge","Burning Pact"],"picked":"SKIP","floor":5},{"not_picked":["Shockwave","Perfected Strike"],"picked":"Shrug It Off","floor":9}],"player_experience":802372,"relics_obtained":[{"floor":3,"key":"Oddly Smooth Stone"},{"floor":3,"key":"Pocketwatch"},{"floor":4,"key":"Sundial"},{"floor":4,"key":"Blood Vial"},{"floor":5,"key":"Orichalcum"},{"floor":5,"key":"Red Skull"},{"floor":9,"key":"MawBank"},{"floor":9,"key":"Centennial Puzzle"}],"event_choices":[],"is_beta":false,"boss_relics":[{"not_picked":["Eternal Feather","Black Blood"],"picked":"Runic Cube"}],"items_purged_floors":[1],"is_endless":false,"potions_floor_spawned":[4,5],"killed_by":"Book of Stabbing","ascension_level":20}