{"path_per_floor":["M","M","?","M","M","R","E","M","T","$","M","E","?","M","R","B",null,"M","?","$","M","?","E","R","M","T","?","E","M","M","T","R","B",null,"M","$","?","M","?","E","R","E","T","R","M","R","T","M","R"],"character_chosen":"THE_SILENT","items_purchased":["Deadly Poison","Lantern","Bandage Up"],"gold_per_floor":[117,135,165,185,196,196,230,240,267,192,206,231,231,245,245,345,345,362,362,79,90,90,122,122,139,165,165,193,209,219,242,242,346,346,359,132,0,10,61,95,95,120,120,120,139,139,162,179,179],"floor_reached":50,"campfire_rested":3,"playtime":5305,"current_hp_per_floor":[70,70,70,67,67,67,52,50,50,50,52,45,33,31,52,42,70,61,61,61,63,63,56,56,57,64,50,44,46,37,37,76,10,82,67,67,67,73,43,40,79,49,49,49,55,55,55,51,51],"items_purged":["Regret","Strike_G","Strike_G"],"gold":179,"score":552,"play_id":"40dffb1d-c606-45ef-bd17-b8009e3f03be","local_time":"20180313233112","is_prod":false,"is_daily":false,"is_ascension_mode":false,"campfire_upgraded":4,"timestamp":1521009072,"path_taken":["M","M","?","M","M","R","E","M","T","$","M","E","?","M","R","BOSS","M","?","$","?","?","E","R","M","T","?","E","M","M","?","R","BOSS","M","$","?","M","?","E","R","E","T","R","?","R","?","M","R","BOSS"],"build_version":"2018-03-09","purchased_purges":3,"victory":false,"master_deck":["Defend_G","Defend_G","Defend_G","Defend_G","Defend_G","Strike_G+1","Strike_G+1","Survivor","Neutralize+1","Footwork+1","Backflip","Deadly Poison","Backstab","Poisoned Stab","Poisoned Stab","Catalyst+1","Noxious Fumes","Footwork+1","Deadly Poison","Malaise","Cloak And Dagger+1","Bouncing Flask+1","Deflect","Bane","Adrenaline","Bandage Up","Bane+1","Deflect","Bouncing Flask+1"],"max_hp_per_floor":[70,70,70,70,70,70,70,70,70,70,70,70,70,70,70,70,70,70,70,70,70,70,70,70,70,77,82,82,82,82,82,82,82,82,82,82,82,82,82,82,82,82,82,82,82,82,82,82,82],"relics":["Ring of the Snake","Tiny Chest","Blood Vial","Ancient Tea Set","Shovel","Prayer Wheel","Sozu","Lantern","Whetstone","Strawberry","Regal Pillow","Bronze Scales","Velvet Choker","Red Mask","Gambling Chip","Unceasing Top","Peace Pipe","Dead Branch","Bag of Preparation"],"card_choices":[{"not_picked":["Outmaneuver","Leg Sweep"],"picked":"Footwork"},{"not_picked":["Finisher","Accuracy"],"picked":"Backflip"},{"not_picked":["Sucker Punch","Terror"],"picked":"Deadly Poison"},{"not_picked":["Underhanded Strike","Quick Slash"],"picked":"Backstab"},{"not_picked":["Quick Slash","Flying Knee"],"picked":"Poisoned Stab"},{"not_picked":["Underhanded Strike","Deadly Poison"],"picked":"Poisoned Stab"},{"not_picked":["Endless Agony","PiercingWail"],"picked":"Catalyst"},{"not_picked":["Sucker Punch","Bullet Time"],"picked":"Noxious Fumes"},{"not_picked":["Acrobatics","Outmaneuver"],"picked":"Malaise"},{"not_picked":["Bullet Time","Underhanded Strike"],"picked":"Cloak And Dagger"},{"not_picked":["Heel Hook","Noxious Fumes"],"picked":"Bouncing Flask"},{"not_picked":["Escape Plan","Flying Knee"],"picked":"Deflect"},{"not_picked":["Terror","Outmaneuver"],"picked":"Bane"},{"not_picked":["Envenom","Storm of Steel"],"picked":"Adrenaline"},{"not_picked":["A Thousand Cuts","Deadly Poison"],"picked":"Bane"},{"not_picked":["Escape Plan","Dagger Spray"],"picked":"Deflect"},{"not_picked":["Sucker Punch","Outmaneuver"],"picked":"Bouncing Flask"}],"player_experience":102481,"potions_floor_usage":[7,12,16,30,50],"damage_taken":[{"damage":0,"enemies":"2 Louse","floor":1,"turns":5},{"damage":0,"enemies":"Jaw Worm","floor":2,"turns":5},{"damage":3,"enemies":"Small Slimes","floor":4,"turns":6},{"damage":0,"enemies":"Blue Slaver","floor":5,"turns":6},{"damage":15,"enemies":"3 Sentries","floor":7,"turns":13},{"damage":4,"enemies":"Looter","floor":8,"turns":4},{"damage":0,"enemies":"3 Louse","floor":11,"turns":4},{"damage":9,"enemies":"Gremlin Nob","floor":12,"turns":5},{"damage":4,"enemies":"Blue Slaver","floor":14,"turns":3},{"damage":12,"enemies":"Slime Boss","floor":16,"turns":12},{"damage":9,"enemies":"3 Byrds","floor":18,"turns":6},{"damage":0,"enemies":"Chosen","floor":21,"turns":5},{"damage":9,"enemies":"Book of Stabbing","floor":23,"turns":6},{"damage":1,"enemies":"3 Cultists","floor":25,"turns":6},{"damage":8,"enemies":"Gremlin Leader","floor":28,"turns":7},{"damage":0,"enemies":"Centurion and Healer","floor":29,"turns":6},{"damage":11,"enemies":"Slaver and Parasite","floor":30,"turns":4},{"damage":68,"enemies":"Automaton","floor":33,"turns":11},{"damage":15,"enemies":"3 Darklings","floor":35,"turns":7},{"damage":0,"enemies":"Orb Walker","floor":38,"turns":4},{"damage":36,"enemies":"Mysterious Sphere","floor":39,"turns":9},{"damage":9,"enemies":"Giant Head","floor":40,"turns":8},{"damage":36,"enemies":"2 Orb Walkers","floor":42,"turns":6},{"damage":0,"enemies":"Sphere and 2 Shapes","floor":45,"turns":5},{"damage":10,"enemies":"Maw","floor":48,"turns":5},{"damage":66,"enemies":"Time Eater","floor":50,"turns":13}],"event_choices":[{"event_name":"Big Fish","player_choice":"Box","floor":3,"damage_taken":0},{"event_name":"Scrap Ooze","player_choice":"success","floor":13,"damage_taken":12},{"event_name":"The Library","player_choice":"Read","floor":19,"damage_taken":0},{"event_name":"Drug Dealer","player_choice":"Ignored","floor":22,"damage_taken":0},{"event_name":"Forgotten Altar","player_choice":"Shed Blood","floor":27,"damage_taken":0},{"event_name":"Tomb of Lord Red Mask","player_choice":"Paid","floor":37,"damage_taken":0},{"event_name":"Mysterious Sphere","player_choice":"Fight","floor":39,"damage_taken":0}],"boss_relics":[{"not_picked":["Eternal Feather","Runic Pyramid"],"picked":"Sozu"},{"not_picked":["Runic Dome","Snecko Eye"],"picked":"Velvet Choker"}],"potions_floor_spawned":[2,5,7,12,16,21,28,30,33,38,42,45],"seed_played":"1816873770731740881","killed_by":"Time Eater","ascension_level":0,"is_trial":false}