{"gold_per_floor":[119,44,64,14,14,14,43,43,67,67,67,30,30,45,45,145,145,164,183,108,119,134,144,144,162,188,200,200,200,212,75,75,75],"floor_reached":33,"playtime":2552,"items_purged":["Defend_B","Defend_B"],"score":395,"play_id":"b8f49238-d0b4-4688-b3ef-bb1992af4ca0","local_time":"20180908230941","is_ascension_mode":true,"campfire_choices":[{"data":"Zap","floor":6,"key":"SMITH"},{"data":"Dualcast","floor":8,"key":"SMITH"},{"floor":10,"key":"REST"},{"data":"Tempest","floor":15,"key":"SMITH"},{"data":"Force Field","floor":24,"key":"SMITH"},{"data":"Lockon","floor":29,"key":"SMITH"},{"floor":32,"key":"REST"}],"neow_cost":"NONE","seed_source_timestamp":18888981890527,"circlet_count":0,"master_deck":["Strike_B+1","Strike_B+1","Defend_B","Zap+1","Dualcast+1","AscendersBane","Rebound","Tempest+1","Defragment+1","Chill","White Noise","Ball Lightning","Electrodynamics","Force Field+1","Storm","Auto Shields","Tempest","Storm","Lockon+1","Force Field","Flash of Steel"],"relics":["Cracked Core","Art of War","Oddly Smooth Stone","Nuclear Battery","Smiling Mask"],"potions_floor_usage":[33],"damage_taken":[{"damage":1,"enemies":"Cultist","floor":1,"turns":3},{"damage":2,"enemies":"Jaw Worm","floor":3,"turns":3},{"damage":40,"enemies":"3 Sentries","floor":7,"turns":7},{"damage":0,"enemies":"2 Louse","floor":14,"turns":2},{"damage":8,"enemies":"Slime Boss","floor":16,"turns":7},{"damage":10,"enemies":"2 Thieves","floor":18,"turns":2},{"damage":12,"enemies":"3 Byrds","floor":19,"turns":2},{"damage":13,"enemies":"Snecko","floor":21,"turns":4},{"damage":0,"enemies":"3 Cultists","floor":22,"turns":3},{"damage":0,"enemies":"Chosen and Byrds","floor":23,"turns":3},{"damage":0,"enemies":"Cultist and Chosen","floor":25,"turns":4},{"damage":8,"enemies":"Shelled Parasite and Fungi","floor":27,"turns":3},{"damage":9,"enemies":"Colosseum Slavers","floor":28,"turns":3},{"damage":0,"enemies":"3 Cultists","floor":30,"turns":3},{"damage":67,"enemies":"Champ","floor":33,"turns":6}],"seed_played":"-266901110430250338","potions_obtained":[{"floor":7,"key":"Energy Potion"},{"floor":16,"key":"Energy Potion"},{"floor":23,"key":"Dexterity Potion"}],"is_trial":false,"path_per_floor":["M","$","M","?","?","R","E","R","T","R","?","$","?","M","R","B",null,"M","M","$","M","M","M","R","M","T","M","?","R","M","$","R"],"character_chosen":"DEFECT","items_purchased":["Tempest","White Noise","Flash of Steel"],"campfire_rested":2,"item_purchase_floors":[2,12,31],"current_hp_per_floor":[67,67,65,65,50,50,10,10,10,32,32,32,32,32,32,31,64,54,49,49,36,36,36,36,36,36,28,19,19,19,19,41,0],"gold":75,"neow_bonus":"REMOVE_CARD","is_prod":false,"is_daily":false,"chose_seed":false,"campfire_upgraded":5,"win_rate":0,"timestamp":1536466181,"path_taken":["M","$","M","?","?","R","E","R","T","R","?","$","?","M","R","BOSS","M","M","$","M","M","M","R","M","T","M","?","R","M","$","R","BOSS"],"build_version":"2018-09-06","purchased_purges":2,"victory":false,"max_hp_per_floor":[75,75,75,75,75,75,75,75,75,75,75,75,75,75,75,75,75,75,75,75,75,75,75,75,75,75,75,75,75,75,75,75,75],"card_choices":[{"not_picked":["Coolheaded","Fusion"],"picked":"Rebound","floor":1},{"not_picked":["Compile Driver","Fusion"],"picked":"Defragment","floor":3},{"not_picked":["Coolheaded","Stack"],"picked":"Chill","floor":7},{"not_picked":["BootSequence","Genetic Algorithm"],"picked":"Ball Lightning","floor":14},{"not_picked":["Seek","Multi-Cast"],"picked":"Electrodynamics","floor":16},{"not_picked":["Rebound","Glacier"],"picked":"Force Field","floor":18},{"not_picked":["Steam","Self Repair"],"picked":"Storm","floor":19},{"not_picked":["Go for the Eyes","Hologram"],"picked":"Auto Shields","floor":21},{"not_picked":["Redo","Stack+1"],"picked":"Tempest","floor":22},{"not_picked":["Reprogram","Cold Snap","Hologram"],"picked":"SKIP","floor":23},{"not_picked":["Sweeping Beam","Go for the Eyes"],"picked":"Storm","floor":25},{"not_picked":["Sweeping Beam","Aggregate"],"picked":"Lockon","floor":27},{"not_picked":["Core Surge","Compile Driver"],"picked":"Force Field","floor":30}],"player_experience":405658,"relics_obtained":[{"floor":7,"key":"Art of War"},{"floor":9,"key":"Oddly Smooth Stone"},{"floor":26,"key":"Smiling Mask"}],"event_choices":[{"event_name":"The Cleric","player_choice":"Card Removal","floor":4,"damage_taken":0},{"event_name":"Shining Light","player_choice":"Entered Light","floor":5,"damage_taken":0},{"event_name":"Purifier","player_choice":"One Purge","floor":11,"damage_taken":0},{"event_name":"Living Wall","player_choice":"Grow","floor":13,"damage_taken":0},{"event_name":"Colosseum","player_choice":"Fight","floor":28,"damage_taken":0},{"event_name":"Colosseum","player_choice":"Fled From Nobs","floor":28,"damage_taken":0}],"is_beta":false,"boss_relics":[{"not_picked":["Snecko Eye","FrozenCore"],"picked":"Nuclear Battery"}],"items_purged_floors":[20,31],"is_endless":false,"potions_floor_spawned":[7,16,21,22,23,28],"killed_by":"Champ","ascension_level":12}