{"gold_per_floor":[111,111,126,301,1,32,44,74,74,1,1,24,24,49,49,149,149,165,42,52,11,11,11,24,51,77,91,91,153,171,171,171,273,273,286,286,301,321,321,321,355,355,380,407,507,562,562,58,58,58],"floor_reached":51,"playtime":2903,"items_purged":["Doubt","Strike_G+1"],"score":1289,"play_id":"488bb29f-c270-49da-8a65-b81e32713135","local_time":"20190204114317","is_ascension_mode":true,"campfire_choices":[{"data":"Footwork","floor":11.0,"key":"SMITH"},{"data":"Burst","floor":15.0,"key":"SMITH"},{"data":"Cloak And Dagger","floor":23.0,"key":"SMITH"},{"floor":28.0,"key":"REST"},{"data":"Catalyst","floor":32.0,"key":"SMITH"},{"data":"Burst","floor":40.0,"key":"SMITH"},{"data":"Envenom","floor":42.0,"key":"SMITH"},{"floor":49.0,"key":"REST"}],"neow_cost":"NONE","seed_source_timestamp":261178734531242,"circlet_count":0,"master_deck":["AscendersBane","Defend_G+1","Defend_G+1","Defend_G+1","Defend_G+1","Defend_G+1","Strike_G+1","Strike_G+1","Strike_G+1","Strike_G+1","Survivor","Neutralize+1","Bouncing Flask","Catalyst","Catalyst+1","Dodge and Roll","Footwork+1","Burst+1","Cloak And Dagger","Footwork","Envenom+1","Cloak And Dagger+1","Deadly Poison","Backstab","Setup+1","Finesse","Bane+1","Poisoned Stab","Burst+1","Deflect+1","PiercingWail+1","Catalyst+1","Calculated Gamble+1","Backflip+1","Mayhem","Backstab","Terror"],"special_seed":0,"relics":["Ring of the Snake","NeowsBlessing","Membership Card","Snake Skull","The Specimen","Gambling Chip","Nunchaku","Odd Mushroom","Mummified Hand","White Beast Statue","Ginger","Strawberry","Tiny Chest","Philosopher\u0027s Stone","Question Card","Anchor","Orichalcum","Boot","Calipers","StoneCalendar","Thread and Needle","FossilizedHelix"],"potions_floor_usage":[50,50,50],"damage_taken":[{"damage":0.0,"enemies":"Jaw Worm","floor":1.0,"turns":1.0},{"damage":0.0,"enemies":"Cultist","floor":3.0,"turns":1.0},{"damage":0.0,"enemies":"Lagavulin","floor":6.0,"turns":1.0},{"damage":0.0,"enemies":"Small Slimes","floor":7.0,"turns":3.0},{"damage":16.0,"enemies":"3 Sentries","floor":8.0,"turns":6.0},{"damage":15.0,"enemies":"The Mushroom Lair","floor":12.0,"turns":4.0},{"damage":0.0,"enemies":"Gremlin Nob","floor":14.0,"turns":2.0},{"damage":12.0,"enemies":"Slime Boss","floor":16.0,"turns":16.0},{"damage":14.0,"enemies":"Shell Parasite","floor":18.0,"turns":2.0},{"damage":0.0,"enemies":"Spheric Guardian","floor":20.0,"turns":2.0},{"damage":9.0,"enemies":"Snake Plant","floor":24.0,"turns":5.0},{"damage":34.0,"enemies":"Book of Stabbing","floor":25.0,"turns":4.0},{"damage":2.0,"enemies":"Shelled Parasite and Fungi","floor":27.0,"turns":6.0},{"damage":1.0,"enemies":"Gremlin Leader","floor":29.0,"turns":6.0},{"damage":0.0,"enemies":"Chosen and Byrds","floor":30.0,"turns":4.0},{"damage":24.0,"enemies":"Collector","floor":33.0,"turns":5.0},{"damage":4.0,"enemies":"3 Shapes","floor":35.0,"turns":4.0},{"damage":2.0,"enemies":"3 Darklings","floor":37.0,"turns":6.0},{"damage":3.0,"enemies":"Spire Growth","floor":38.0,"turns":5.0},{"damage":0.0,"enemies":"Sphere and 2 Shapes","floor":39.0,"turns":2.0},{"damage":0.0,"enemies":"Giant Head","floor":41.0,"turns":5.0},{"damage":20.0,"enemies":"Reptomancer","floor":44.0,"turns":4.0},{"damage":0.0,"enemies":"Mind Bloom Boss Battle","floor":45.0,"turns":4.0},{"damage":17.0,"enemies":"2 Orb Walkers","floor":46.0,"turns":4.0},{"damage":11,"enemies":"Donu and Deca","floor":50,"turns":7}],"seed_played":"-2720629042428318712","potions_obtained":[{"floor":6.0,"key":"SkillPotion"},{"floor":7.0,"key":"GhostInAJar"},{"floor":8.0,"key":"Swift Potion"},{"floor":14.0,"key":"Ancient Potion"},{"floor":18.0,"key":"Block Potion"},{"floor":20.0,"key":"Fire Potion"},{"floor":27.0,"key":"GhostInAJar"},{"floor":29.0,"key":"Fire Potion"},{"floor":33.0,"key":"Regen Potion"},{"floor":35.0,"key":"GamblersBrew"},{"floor":37.0,"key":"SmokeBomb"},{"floor":38.0,"key":"Poison Potion"},{"floor":41.0,"key":"Explosive Potion"},{"floor":44.0,"key":"Block Potion"},{"floor":45.0,"key":"PowerPotion"}],"is_trial":false,"path_per_floor":["M","?","M","?","$","E","M","E","T","$","R","?","$","E","R","B",null,"M","$","M","$","?","R","M","E","T","M","R","E","M","?","R","B",null,"M","?","M","M","M","R","E","R","T","E","?","?","?","$","R","B",null],"character_chosen":"THE_SILENT","items_purchased":["Membership Card","Snake Skull","Catalyst","Footwork","Burst","Deadly Poison","Backstab","SpeedPotion","Finesse","Thread and Needle","FossilizedHelix","Mayhem","Backstab","Terror"],"campfire_rested":2,"item_purchase_floors":[5,5,5,10,10,19,19,19,21,48,48,48,48,48],"current_hp_per_floor":[63,63,63,63,63,63,63,47,47,47,47,32,32,32,32,20,58,44,44,44,44,44,44,35,1,8,6,29,28,28,28,28,4,59,55,55,53,50,50,50,50,50,50,30,30,13,13,13,36,40],"gold":58,"neow_bonus":"THREE_ENEMY_KILL","is_prod":false,"is_daily":false,"chose_seed":false,"campfire_upgraded":6,"win_rate":0,"timestamp":1549276997,"path_taken":["M","?","?","?","$","E","M","E","T","$","R","?","?","E","R","BOSS","M","?","M","$","?","R","M","E","T","M","R","E","M","?","R","BOSS","M","?","M","M","?","R","E","R","T","E","?","?","?","$","R","BOSS"],"build_version":"2019-01-23","purchased_purges":2,"victory":true,"max_hp_per_floor":[70,70,70,70,70,70,70,70,70,70,70,70,70,70,70,70,70,70,70,70,70,70,70,70,70,77,77,77,77,77,77,77,77,77,77,77,77,77,77,77,77,77,77,77,77,77,77,77,77,77],"card_choices":[{"not_picked":["Cloak And Dagger","PiercingWail"],"picked":"Bouncing Flask","floor":1.0},{"not_picked":["Concentrate","Accuracy"],"picked":"Catalyst","floor":3.0},{"not_picked":["Caltrops","Concentrate"],"picked":"Dodge and Roll","floor":6.0},{"not_picked":["Blade Dance","Heel Hook","Dagger Spray"],"picked":"SKIP","floor":7.0},{"not_picked":["Underhanded Strike","Bane","Flying Knee"],"picked":"SKIP","floor":8.0},{"not_picked":["Expertise","Dagger Spray"],"picked":"Cloak And Dagger","floor":12.0},{"not_picked":["Concentrate","Backflip"],"picked":"Footwork","floor":14.0},{"not_picked":["Venomology","Phantasmal Killer"],"picked":"Envenom","floor":16.0},{"not_picked":["Accuracy","Outmaneuver+1"],"picked":"Cloak And Dagger","floor":18.0},{"not_picked":["Riddle With Holes","Masterful Stab"],"picked":"Setup+1","floor":20.0},{"not_picked":["Predator","Skewer"],"picked":"Bane+1","floor":24.0},{"not_picked":["Dodge and Roll","Underhanded Strike+1","Endless Agony"],"picked":"SKIP","floor":25.0},{"not_picked":["Quick Slash","Slice","Acrobatics"],"picked":"SKIP","floor":27.0},{"not_picked":["Expertise+1","Sucker Punch+1","Dodge and Roll"],"picked":"SKIP","floor":29.0},{"not_picked":["Prepared","Finisher"],"picked":"Poisoned Stab","floor":30.0},{"not_picked":["A Thousand Cuts","Phantasmal Killer"],"picked":"Burst","floor":33.0},{"not_picked":["All Out Attack","Dodge and Roll"],"picked":"Deflect+1","floor":35.0},{"not_picked":["Concentrate","Dodge and Roll","Backflip"],"picked":"PiercingWail+1","floor":37.0},{"not_picked":["Noxious Fumes+1","Poisoned Stab+1","Blade Dance","Bouncing Flask"],"picked":"SKIP","floor":38.0},{"not_picked":["Bane+1","Skewer+1","Predator"],"picked":"Catalyst+1","floor":41.0},{"not_picked":["Storm of Steel","Predator","Distraction+1","Bane"],"picked":"SKIP","floor":44.0},{"not_picked":["Heel Hook+1","Flying Knee+1","Concentrate+1"],"picked":"Calculated Gamble+1","floor":45.0},{"not_picked":["Prepared","Eviscerate","Bane+1"],"picked":"Backflip+1","floor":46.0}],"player_experience":283963,"relics_obtained":[{"floor":6.0,"key":"The Specimen"},{"floor":8.0,"key":"Gambling Chip"},{"floor":9.0,"key":"Nunchaku"},{"floor":12.0,"key":"Odd Mushroom"},{"floor":14.0,"key":"Mummified Hand"},{"floor":25.0,"key":"Ginger"},{"floor":26.0,"key":"Strawberry"},{"floor":29.0,"key":"Tiny Chest"},{"floor":36.0,"key":"Question Card"},{"floor":41.0,"key":"Anchor"},{"floor":43.0,"key":"Orichalcum"},{"floor":44.0,"key":"Boot"},{"floor":45.0,"key":"Calipers"},{"floor":46.0,"key":"StoneCalendar"}],"event_choices":[{"damage_healed":0.0,"max_hp_gain":0.0,"max_hp_loss":0.0,"gold_gain":0.0,"event_name":"Upgrade Shrine","player_choice":"Upgraded","floor":2.0,"gold_loss":0.0,"damage_taken":0.0,"cards_upgraded":["Neutralize"]},{"damage_healed":0.0,"max_hp_gain":0.0,"max_hp_loss":0.0,"gold_gain":175.0,"event_name":"Liars Game","player_choice":"AGREE","floor":4.0,"gold_loss":0.0,"damage_taken":0.0,"cards_obtained":["Doubt"]},{"damage_healed":0.0,"max_hp_gain":0.0,"max_hp_loss":0.0,"gold_gain":0.0,"event_name":"Mushrooms","player_choice":"Fought Mushrooms","floor":12.0,"gold_loss":0.0,"damage_taken":0.0},{"damage_healed":0.0,"max_hp_gain":0.0,"max_hp_loss":0.0,"gold_gain":0.0,"event_name":"Back to Basics","player_choice":"Simplicity","floor":31.0,"gold_loss":0.0,"damage_taken":0.0,"cards_upgraded":["Defend_G","Defend_G","Defend_G","Defend_G","Defend_G","Strike_G","Strike_G","Strike_G","Strike_G","Strike_G"]},{"damage_healed":0.0,"max_hp_gain":0.0,"max_hp_loss":0.0,"gold_gain":0.0,"event_name":"Wheel of Change","player_choice":"Relic","floor":36.0,"gold_loss":0.0,"damage_taken":0.0},{"damage_healed":0.0,"max_hp_gain":0.0,"max_hp_loss":0.0,"gold_gain":0.0,"event_name":"MindBloom","player_choice":"Fight","floor":45.0,"gold_loss":0.0,"damage_taken":0.0},{"damage_healed":0.0,"max_hp_gain":0.0,"max_hp_loss":0.0,"gold_gain":0.0,"event_name":"Mysterious Sphere","player_choice":"Fight","floor":46.0,"gold_loss":0.0,"damage_taken":0.0},{"damage_healed":0.0,"max_hp_gain":0.0,"max_hp_loss":0.0,"gold_gain":0.0,"event_name":"Lab","player_choice":"Got Potions","floor":47.0,"gold_loss":0.0,"damage_taken":0.0}],"is_beta":false,"boss_relics":[{"not_picked":["Ring of the Serpent","Orrery"],"picked":"White Beast Statue"},{"not_picked":["Pandora\u0027s Box","Black Star"],"picked":"Philosopher\u0027s Stone"}],"items_purged_floors":[19,48],"is_endless":false,"potions_floor_spawned":[6,7,8,14,18,20,24,25,27,29,30,33,35,37,38,39,41,44,45,46],"ascension_level":10}