{"gold_per_floor":[117,117,129,149,163,182,214,214,287,304,304,336,354,387,387,462,462,430,443,475,487,487,487,402,402,402,437,450,465,515,515,515,515],"floor_reached":33,"playtime":1703,"items_purged":[],"score":517,"play_id":"03a1c1d4-180a-49a7-9d9c-d2d4f6789c99","local_time":"20181023091011","is_ascension_mode":true,"campfire_choices":[{"data":"Noxious Fumes","floor":8.0,"key":"SMITH"},{"floor":11.0,"key":"REST"},{"data":"Noxious Fumes","floor":15.0,"key":"SMITH"},{"floor":23.0,"key":"REST"},{"data":"Noxious Fumes","floor":25.0,"key":"SMITH"},{"floor":32,"key":"REST"}],"neow_cost":"NONE","seed_source_timestamp":0,"circlet_count":0,"master_deck":["Defend_G","Defend_G","Defend_G","Defend_G","Defend_G","Strike_G","Strike_G","Strike_G","Strike_G","Strike_G","Survivor","Neutralize","AscendersBane","Noxious Fumes+1","Noxious Fumes+1","Bane","Noxious Fumes+1","Calculated Gamble","Leg Sweep","Leg Sweep","After Image","Backflip","PiercingWail","Noxious Fumes","Deadly Poison+1","Decay"],"special_seed":0,"relics":["Ring of the Snake","Incense Burner","StoneCalendar","Sundial","Boot","Lantern","Velvet Choker","Red Mask","Turnip","Pantograph","Anchor"],"potions_floor_usage":[33],"damage_taken":[{"damage":2.0,"enemies":"Cultist","floor":1.0,"turns":4.0},{"damage":0.0,"enemies":"Jaw Worm","floor":3.0,"turns":6.0},{"damage":1.0,"enemies":"2 Louse","floor":4.0,"turns":5.0},{"damage":1.0,"enemies":"Exordium Wildlife","floor":5.0,"turns":6.0},{"damage":7.0,"enemies":"Gremlin Gang","floor":6.0,"turns":6.0},{"damage":26.0,"enemies":"3 Sentries","floor":7.0,"turns":7.0},{"damage":6.0,"enemies":"Looter","floor":10.0,"turns":4.0},{"damage":17.0,"enemies":"Lagavulin Event","floor":12.0,"turns":6.0},{"damage":2.0,"enemies":"2 Fungi Beasts","floor":13.0,"turns":4.0},{"damage":15.0,"enemies":"Lagavulin","floor":14.0,"turns":6.0},{"damage":13.0,"enemies":"Slime Boss","floor":16.0,"turns":7.0},{"damage":10.0,"enemies":"2 Thieves","floor":18.0,"turns":5.0},{"damage":9.0,"enemies":"3 Byrds","floor":19.0,"turns":5.0},{"damage":28.0,"enemies":"Masked Bandits","floor":20.0,"turns":6.0},{"damage":7.0,"enemies":"Snake Plant","floor":21.0,"turns":5.0},{"damage":0.0,"enemies":"Chosen and Byrds","floor":22.0,"turns":4.0},{"damage":6.0,"enemies":"Book of Stabbing","floor":27.0,"turns":7.0},{"damage":8.0,"enemies":"Snecko","floor":28.0,"turns":6.0},{"damage":0.0,"enemies":"Centurion and Healer","floor":29.0,"turns":6.0},{"damage":68,"enemies":"Automaton","floor":33,"turns":8}],"seed_played":"-6847053706975292407","potions_obtained":[{"floor":5.0,"key":"GamblersBrew"},{"floor":6.0,"key":"Regen Potion"},{"floor":12.0,"key":"EssenceOfSteel"},{"floor":14.0,"key":"Fruit Juice"},{"floor":16.0,"key":"PowerPotion"},{"floor":19.0,"key":"Dexterity Potion"},{"floor":21.0,"key":"SmokeBomb"},{"floor":27.0,"key":"Strength Potion"}],"is_trial":false,"path_per_floor":["M","T","M","M","M","M","E","R","T","M","R","?","M","E","R","B",null,"M","M","?","M","M","R","?","R","T","E","M","M","?","?","R"],"character_chosen":"THE_SILENT","items_purchased":[],"campfire_rested":3,"item_purchase_floors":[],"current_hp_per_floor":[63,63,63,62,61,54,28,28,28,22,43,26,24,24,24,16,62,52,43,15,8,8,31,31,31,31,25,17,17,17,17,40,0],"gold":515,"neow_bonus":"TEN_PERCENT_HP_BONUS","is_prod":false,"is_daily":false,"chose_seed":false,"campfire_upgraded":3,"win_rate":0,"timestamp":1540311011,"path_taken":["M","?","M","M","M","M","E","R","T","M","R","?","M","E","R","BOSS","M","M","?","M","M","R","?","R","T","E","M","?","?","?","R","BOSS"],"build_version":"2018-10-18","purchased_purges":0,"victory":false,"max_hp_per_floor":[72,72,72,72,72,72,72,72,72,72,72,72,72,72,72,77,77,77,77,77,77,77,77,77,77,77,77,77,77,77,77,77,77],"card_choices":[{"not_picked":["Sucker Punch","Outmaneuver","Bane"],"picked":"SKIP","floor":1.0},{"not_picked":["Dagger Throw","Quick Slash"],"picked":"Noxious Fumes","floor":3.0},{"not_picked":["Poisoned Stab","Flying Knee"],"picked":"Noxious Fumes","floor":4.0},{"not_picked":["Outmaneuver","Riddle With Holes"],"picked":"Bane","floor":5.0},{"not_picked":["PiercingWail","Skewer"],"picked":"Noxious Fumes","floor":6.0},{"not_picked":["Expertise","Dagger Throw"],"picked":"Calculated Gamble","floor":7.0},{"not_picked":["Sucker Punch","Cloak And Dagger","Prepared"],"picked":"SKIP","floor":10.0},{"not_picked":["Dagger Throw","Unload"],"picked":"Leg Sweep","floor":12.0},{"not_picked":["Outmaneuver","Flying Knee","Calculated Gamble"],"picked":"SKIP","floor":13.0},{"not_picked":["Dash","Outmaneuver"],"picked":"Leg Sweep","floor":14.0},{"not_picked":["Adrenaline","Grand Finale"],"picked":"After Image","floor":16.0},{"not_picked":["Sucker Punch","Cloak And Dagger","PiercingWail"],"picked":"SKIP","floor":18.0},{"not_picked":["Terror","Flechettes"],"picked":"Backflip","floor":19.0},{"not_picked":["All Out Attack","Endless Agony"],"picked":"PiercingWail","floor":20.0},{"not_picked":["Dagger Spray","Sucker Punch","Tactician"],"picked":"SKIP","floor":21.0},{"not_picked":["Flying Knee","Wraith Form v2","Eviscerate"],"picked":"SKIP","floor":27.0},{"not_picked":["Sucker Punch","Deflect"],"picked":"Noxious Fumes","floor":28.0},{"not_picked":["Cloak And Dagger","Reflex"],"picked":"Deadly Poison+1","floor":29.0}],"player_experience":972368,"relics_obtained":[{"floor":2.0,"key":"Incense Burner"},{"floor":7.0,"key":"StoneCalendar"},{"floor":9.0,"key":"Sundial"},{"floor":12.0,"key":"Boot"},{"floor":14.0,"key":"Lantern"},{"floor":20.0,"key":"Red Mask"},{"floor":26.0,"key":"Pantograph"},{"floor":27.0,"key":"Anchor"}],"event_choices":[{"damage_healed":0.0,"max_hp_gain":0.0,"max_hp_loss":0.0,"gold_gain":30.0,"event_name":"Dead Adventurer","player_choice":"Searched \u00272\u0027 times","floor":12.0,"gold_loss":0.0,"damage_taken":0.0},{"damage_healed":0.0,"max_hp_gain":0.0,"max_hp_loss":0.0,"gold_gain":0.0,"event_name":"Masked Bandits","player_choice":"Fought Bandits","floor":20.0,"gold_loss":0.0,"damage_taken":0.0},{"damage_healed":0.0,"max_hp_gain":0.0,"max_hp_loss":0.0,"gold_gain":0.0,"event_name":"Addict","player_choice":"Obtained Relic","floor":24.0,"gold_loss":85.0,"damage_taken":0.0,"relics_obtained":["Turnip"]},{"damage_healed":0,"gold_gain":100,"player_choice":"Bet on Murderer","damage_taken":0,"max_hp_gain":0,"max_hp_loss":0,"event_name":"The Joust","floor":30,"gold_loss":50},{"damage_healed":0,"gold_gain":0,"player_choice":"Smashed Altar","damage_taken":0,"max_hp_gain":0,"max_hp_loss":0,"event_name":"Forgotten Altar","floor":31,"gold_loss":0,"cards_obtained":["Decay"]}],"is_beta":false,"boss_relics":[{"not_picked":["Runic Pyramid","Calling Bell"],"picked":"Velvet Choker"}],"items_purged_floors":[],"is_endless":false,"potions_floor_spawned":[5,6,12,13,14,16,19,21,22,27],"killed_by":"Automaton","ascension_level":15}