{"path_per_floor":["M","M","M","$","?","R","E","M","T","M","T","M","?","$","R","B",null,"M","$","M","$","M","?","M","R","T","E","?","$","M","M","R"],"character_chosen":"DEFECT","items_purchased":["Molten Egg 2","Cold Snap","Capacitor","Defragment","Orichalcum"],"gold_per_floor":[415,428,438,84,159,159,189,205,205,219,219,239,239,139,139,237,237,247,81,92,92,102,462,478,478,478,512,512,126,136,146,146,146],"floor_reached":33,"campfire_rested":3,"playtime":2135,"item_purchase_floors":[4,4,19,29,29],"current_hp_per_floor":[74,69,68,68,57,57,31,28,28,28,28,28,28,28,50,50,75,70,70,49,49,43,3,2,24,24,7,7,7,3,2,24,0],"items_purged":["Clumsy","Regret","Strike_B","Defend_B"],"gold":146,"score":344,"play_id":"2f1f78ca-95f2-4597-bf36-785f519d4faf","local_time":"20180530182342","is_prod":false,"is_daily":false,"chose_seed":false,"is_ascension_mode":false,"campfire_upgraded":1,"win_rate":0,"timestamp":1527722622,"campfire_choices":[{"data":"Hologram","floor":6,"key":"SMITH"},{"floor":15,"key":"REST"},{"floor":25,"key":"REST"},{"floor":32,"key":"REST"}],"path_taken":["M","M","M","$","?","R","E","M","T","M","?","M","?","$","R","BOSS","M","$","?","$","M","?","M","R","T","E","?","$","M","M","R","BOSS"],"build_version":"2018-05-30","seed_source_timestamp":8619851742239,"purchased_purges":4,"victory":false,"master_deck":["Strike_B+1","Strike_B+1","Defend_B","Defend_B","Defend_B","Zap","Dualcast","Sweeping Beam","Streamline","Hologram+1","Cold Snap+1","BootSequence","Electrodynamics","Static Discharge","Echo Form","Go for the Eyes+1","Capacitor","Leap","Barrage+1","Defragment","Melter+1"],"max_hp_per_floor":[75,75,75,75,75,75,75,75,75,75,75,75,75,75,75,75,75,75,75,75,75,75,75,75,75,75,75,75,75,75,75,75,75],"relics":["Cracked Core","Old Coin","Molten Egg 2","Happy Flower","Bronze Scales","Whetstone","Mercury Hourglass","Velvet Choker","Bag of Preparation","Oddly Smooth Stone","Orichalcum"],"card_choices":[{"not_picked":["Steam Power","Steam"],"picked":"Sweeping Beam","floor":1},{"not_picked":["Consume","Sweeping Beam"],"picked":"Streamline","floor":2},{"not_picked":["Streamline","Steam Power"],"picked":"Hologram","floor":3},{"not_picked":["Loop","Skim"],"picked":"BootSequence","floor":7},{"not_picked":["Aggregate","Steam Power","Barrage+1"],"picked":"SKIP","floor":8},{"not_picked":["Storm","Coolheaded"],"picked":"Electrodynamics","floor":10},{"not_picked":["Fusion","Ball Lightning+1"],"picked":"Static Discharge","floor":12},{"not_picked":["Amplify","Biased Cognition"],"picked":"Echo Form","floor":16},{"not_picked":["Stack","Consume+1"],"picked":"Go for the Eyes+1","floor":18},{"not_picked":["Coolheaded","Cold Snap+1","Reprogram"],"picked":"SKIP","floor":20},{"not_picked":["Compile Driver+1","Cold Snap+1"],"picked":"Leap","floor":22},{"not_picked":["Coolheaded","Chaos+1"],"picked":"Barrage+1","floor":24},{"not_picked":["Amplify","Beam Cell+1","Multi-Cast"],"picked":"SKIP","floor":27},{"not_picked":["Compile Driver+1","Coolheaded"],"picked":"Melter+1","floor":30},{"not_picked":["Leap","Reprogram","Beam Cell+1"],"picked":"SKIP","floor":31}],"player_experience":37432,"potions_floor_usage":[16,16,24,33,33,33,33],"damage_taken":[{"damage":1,"enemies":"Jaw Worm","floor":1,"turns":4},{"damage":5,"enemies":"Small Slimes","floor":2,"turns":2},{"damage":1,"enemies":"Cultist","floor":3,"turns":3},{"damage":26,"enemies":"Lagavulin","floor":7,"turns":6},{"damage":3,"enemies":"Lots of Slimes","floor":8,"turns":4},{"damage":0,"enemies":"Large Slime","floor":10,"turns":4},{"damage":0,"enemies":"Exordium Wildlife","floor":12,"turns":2},{"damage":0,"enemies":"Slime Boss","floor":16,"turns":6},{"damage":5,"enemies":"2 Thieves","floor":18,"turns":2},{"damage":21,"enemies":"Spheric Guardian","floor":20,"turns":4},{"damage":6,"enemies":"3 Cultists","floor":22,"turns":3},{"damage":1,"enemies":"Snecko","floor":24,"turns":5},{"damage":17,"enemies":"Book of Stabbing","floor":27,"turns":4},{"damage":4,"enemies":"Sentry and Sphere","floor":30,"turns":3},{"damage":1,"enemies":"Centurion and Healer","floor":31,"turns":5},{"damage":33,"enemies":"Champ","floor":33,"turns":7}],"relics_obtained":[{"floor":7,"key":"Happy Flower"},{"floor":9,"key":"Bronze Scales"},{"floor":11,"key":"Whetstone"},{"floor":26,"key":"Bag of Preparation"},{"floor":27,"key":"Oddly Smooth Stone"}],"event_choices":[{"event_name":"World of Goop","player_choice":"Gather Gold","floor":5,"damage_taken":0},{"event_name":"Big Fish","player_choice":"Box","floor":13,"damage_taken":0},{"event_name":"Knowing Skull","player_choice":"GOLD GOLD GOLD GOLD ","floor":23,"damage_taken":0},{"event_name":"Wheel of Change","player_choice":"Card Removal","floor":28,"damage_taken":0}],"boss_relics":[{"not_picked":["Inserter","Lizard Tail"],"picked":"Velvet Choker"}],"items_purged_floors":[4,14,19,29],"potions_floor_spawned":[3,8,12,18,27,31],"seed_played":"-7866955054942416980","killed_by":"Champ","ascension_level":0,"potions_obtained":[{"floor":3,"key":"Fire Potion"},{"floor":8,"key":"PowerPotion"},{"floor":12,"key":"GamblersBrew"},{"floor":18,"key":"Explosive Potion"},{"floor":27,"key":"Strength Potion"},{"floor":31,"key":"EntropicBrew"}],"is_trial":false}