{"gold_per_floor":[114,134,153,153,153,153,181,199,199,230,230,249,263,280,280,353,353,373,387,487,514,528,528,562,576,645,344,357,376,0,0,0,72,72,82,82,94,94,94],"floor_reached":39,"playtime":1661,"items_purged":["Gash","Strike_B"],"score":768,"play_id":"902321af-217e-427a-b581-e6f49010e2bc","local_time":"20190113203037","is_ascension_mode":true,"campfire_choices":[{"data":"Zap","floor":6.0,"key":"SMITH"},{"data":"Dualcast","floor":15.0,"key":"SMITH"},{"data":"White Noise","floor":23,"key":"SMITH"},{"data":"Defragment","floor":32,"key":"SMITH"}],"neow_cost":"NONE","seed_source_timestamp":0,"circlet_count":0,"master_deck":["AscendersBane","Defend_B","Defend_B","Zap+1","Dualcast+1","BootSequence","Leap+1","Sunder","Self Repair","Cold Snap","Electrodynamics","Cold Snap","Leap+1","White Noise+1","Defragment+1","Seek","Ball Lightning","Reprogram+1","Machine Learning+1","Darkness+1","Loop"],"special_seed":0,"relics":["Cracked Core","Bronze Scales","Bag of Marbles","Meat on the Bone","Question Card","Busted Crown","Dead Branch","Pantograph","Bag of Preparation","Boot","Bottled Lightning","Lantern","Letter Opener","Astrolabe"],"potions_floor_usage":[33],"damage_taken":[{"damage":7.0,"enemies":"Small Slimes","floor":1.0,"turns":3.0},{"damage":0.0,"enemies":"2 Louse","floor":2.0,"turns":2.0},{"damage":1.0,"enemies":"Cultist","floor":3.0,"turns":4.0},{"damage":13.0,"enemies":"3 Sentries","floor":7.0,"turns":7.0},{"damage":12.0,"enemies":"Exordium Wildlife","floor":8.0,"turns":3.0},{"damage":17.0,"enemies":"Gremlin Nob","floor":10.0,"turns":3.0},{"damage":11.0,"enemies":"Exordium Thugs","floor":12.0,"turns":3.0},{"damage":8.0,"enemies":"3 Louse","floor":13.0,"turns":3.0},{"damage":8.0,"enemies":"Large Slime","floor":14.0,"turns":5.0},{"damage":24.0,"enemies":"Slime Boss","floor":16.0,"turns":11.0},{"damage":0.0,"enemies":"Spheric Guardian","floor":18.0,"turns":3.0},{"damage":2.0,"enemies":"2 Thieves","floor":19.0,"turns":3.0},{"damage":6.0,"enemies":"Colosseum Slavers","floor":20.0,"turns":3.0},{"damage":55.0,"enemies":"Colosseum Nobs","floor":20.0,"turns":5.0},{"damage":13,"enemies":"Centurion and Healer","floor":22,"turns":9},{"damage":10,"enemies":"Slavers","floor":24,"turns":3},{"damage":0,"enemies":"3 Cultists","floor":25,"turns":3},{"damage":15,"enemies":"Snecko","floor":28,"turns":4},{"damage":12,"enemies":"Snake Plant","floor":29,"turns":3},{"damage":53,"enemies":"Champ","floor":33,"turns":10},{"damage":11,"enemies":"3 Darklings","floor":35,"turns":3},{"damage":21,"enemies":"Orb Walker","floor":37,"turns":4},{"damage":50,"enemies":"Transient","floor":39,"turns":6}],"seed_played":"-8993064037045417558","potions_obtained":[{"floor":3.0,"key":"Regen Potion"},{"floor":7.0,"key":"GamblersBrew"},{"floor":8.0,"key":"Swift Potion"},{"floor":12.0,"key":"SteroidPotion"},{"floor":16.0,"key":"Energy Potion"},{"floor":18.0,"key":"Energy Potion"},{"floor":20.0,"key":"Poison Potion"},{"floor":28,"key":"Explosive Potion"},{"floor":33,"key":"Strength Potion"}],"is_trial":false,"path_per_floor":["M","M","M","?","?","R","E","M","T","E","?","M","M","M","R","B",null,"M","M","?","T","M","R","E","M","T","$","M","M","$","?","R","B",null,"M","?","M","?","M"],"character_chosen":"DEFECT","items_purchased":["Lantern","Ball Lightning","Letter Opener"],"campfire_rested":0,"item_purchase_floors":[27,27,30],"current_hp_per_floor":[57,57,56,49,28,28,30,18,18,13,13,14,25,36,36,31,61,68,66,24,24,30,30,39,39,39,39,43,43,43,43,43,34,62,58,58,44,44,0],"gold":94,"neow_bonus":"RANDOM_COMMON_RELIC","is_prod":false,"is_daily":false,"chose_seed":false,"campfire_upgraded":4,"win_rate":0,"timestamp":1547440237,"path_taken":["M","M","M","?","?","R","E","M","T","E","?","M","?","M","R","BOSS","M","M","?","?","M","R","E","M","T","?","M","?","$","?","R","BOSS","M","?","M","?","M"],"build_version":"2019-01-10","purchased_purges":2,"victory":false,"max_hp_per_floor":[71,71,71,71,71,71,71,71,71,71,71,71,71,71,71,71,71,71,71,71,71,71,71,71,71,71,71,71,71,71,71,71,71,71,71,67,67,67,67],"card_choices":[{"not_picked":["Go for the Eyes","Heatsinks"],"picked":"BootSequence","floor":1.0},{"not_picked":["Steam Power","Stack","Undo"],"picked":"SKIP","floor":2.0},{"not_picked":["Rebound","Blizzard"],"picked":"Leap","floor":3.0},{"not_picked":["Beam Cell","Steam Power","Sweeping Beam"],"picked":"SKIP","floor":7.0},{"not_picked":["Gash","Lockon","Hologram"],"picked":"SKIP","floor":8.0},{"not_picked":["Sweeping Beam","FTL"],"picked":"Sunder","floor":10.0},{"not_picked":["Static Discharge","Undo","Hyperbeam"],"picked":"Self Repair","floor":12.0},{"not_picked":["Streamline","Leap","Self Repair"],"picked":"Cold Snap","floor":13.0},{"not_picked":["Sunder","Hologram","Sweeping Beam","Lockon"],"picked":"SKIP","floor":14.0},{"not_picked":["Reboot","Core Surge","Machine Learning"],"picked":"Electrodynamics","floor":16.0},{"not_picked":["Steam"],"picked":"Cold Snap","floor":18.0},{"not_picked":["Gash","Chaos"],"picked":"SKIP","floor":19.0},{"not_picked":["Sweeping Beam"],"picked":"Leap+1","floor":20.0},{"not_picked":["Aggregate"],"picked":"White Noise","floor":22},{"not_picked":["Barrage"],"picked":"Defragment","floor":24},{"not_picked":["Reprogram"],"picked":"Seek","floor":25},{"not_picked":["Hologram","Sweeping Beam"],"picked":"SKIP","floor":28},{"not_picked":["Rebound","Streamline"],"picked":"SKIP","floor":29},{"not_picked":["Rebound+1","Beam Cell"],"picked":"SKIP","floor":35},{"not_picked":["Leap"],"picked":"Loop","floor":37}],"player_experience":1125081,"relics_obtained":[{"floor":7.0,"key":"Bag of Marbles"},{"floor":9.0,"key":"Meat on the Bone"},{"floor":10.0,"key":"Question Card"},{"floor":20.0,"key":"Dead Branch"},{"floor":20.0,"key":"Pantograph"},{"floor":21.0,"key":"Bag of Preparation"},{"floor":24,"key":"Boot"},{"floor":26,"key":"Bottled Lightning"}],"event_choices":[{"cards_removed":["Defend_B"],"damage_healed":0.0,"max_hp_gain":0.0,"max_hp_loss":0.0,"gold_gain":0.0,"event_name":"Golden Wing","player_choice":"Card Removal","floor":4.0,"gold_loss":0.0,"damage_taken":7.0},{"damage_healed":0.0,"max_hp_gain":0.0,"max_hp_loss":0.0,"gold_gain":0.0,"event_name":"Shining Light","player_choice":"Entered Light","floor":5.0,"gold_loss":0.0,"damage_taken":21.0,"cards_upgraded":["Leap","Strike_B"]},{"damage_healed":0.0,"max_hp_gain":0.0,"max_hp_loss":0.0,"gold_gain":0.0,"cards_transformed":["Defend_B"],"event_name":"Transmorgrifier","player_choice":"Transformed","floor":11.0,"gold_loss":0.0,"damage_taken":0.0,"cards_obtained":["Gash"]},{"damage_healed":0.0,"max_hp_gain":0.0,"max_hp_loss":0.0,"gold_gain":0.0,"event_name":"Colosseum","player_choice":"Fight","floor":20.0,"gold_loss":0.0,"damage_taken":0.0},{"damage_healed":0.0,"max_hp_gain":0.0,"max_hp_loss":0.0,"gold_gain":0.0,"event_name":"Colosseum","player_choice":"Fought Nobs","floor":20.0,"gold_loss":0.0,"damage_taken":0.0},{"damage_healed":0,"gold_gain":0,"player_choice":"Ignored","damage_taken":0,"max_hp_gain":0,"max_hp_loss":0,"event_name":"Beggar","floor":31,"gold_loss":0},{"damage_healed":0,"gold_gain":0,"player_choice":"Max HP","damage_taken":0,"max_hp_gain":0,"max_hp_loss":4,"event_name":"Winding Halls","floor":36,"gold_loss":0},{"damage_healed":0,"gold_gain":0,"player_choice":"Memory 1","damage_taken":0,"max_hp_gain":0,"max_hp_loss":0,"event_name":"SensoryStone","floor":38,"gold_loss":0}],"is_beta":false,"boss_relics":[{"not_picked":["Calling Bell","Ectoplasm"],"picked":"Busted Crown"},{"not_picked":["Nuclear Battery","Pandora\u0027s Box"],"picked":"Astrolabe"}],"items_purged_floors":[27,30],"is_endless":false,"potions_floor_spawned":[3,7,8,12,16,18,20,28,29,33],"killed_by":"Transient","ascension_level":17}