{"gold_per_floor":[119,119,132,142,153,153,5,5,5,5,29,29,62,83,83,214,214,228,228,74,94,94,128,151,167,167,183,204,204,217,217,217,345,345,359,379,379,211,227,227,266,280,307,320,333,347,347,0,0,0],"floor_reached":51,"playtime":2530,"items_purged":["Strike_G","Strike_G+1"],"score":930,"play_id":"49471083-49e2-408e-888a-a441d2ae0cae","local_time":"20181008133327","is_ascension_mode":false,"campfire_choices":[{"data":"Venomology","floor":6.0,"key":"SMITH"},{"data":"Neutralize","floor":12.0,"key":"SMITH"},{"data":"Noxious Fumes","floor":15,"key":"SMITH"},{"data":"Crippling Poison","floor":29,"key":"SMITH"},{"data":"Dash","floor":32,"key":"SMITH"},{"data":"Noxious Fumes","floor":40,"key":"SMITH"},{"data":"Catalyst","floor":47,"key":"SMITH"},{"floor":49,"key":"REST"}],"neow_cost":"NONE","seed_source_timestamp":0,"circlet_count":0,"master_deck":["Defend_G+1","Defend_G+1","Defend_G+1","Defend_G+1","Defend_G+1","Strike_G+1","Strike_G+1","Survivor+1","Neutralize+1","Venomology+1","Poisoned Stab+1","Blur+1","Backflip+1","Backstab+1","Backflip+1","After Image+1","Noxious Fumes+1","Crippling Poison+1","PiercingWail+1","Poisoned Stab+1","Blur+1","Backflip+1","Dash+1","Die Die Die+1","Backstab+1","Noxious Fumes+1","Catalyst+1"],"special_seed":0,"relics":["Ring of the Snake","Mummified Hand","Oddly Smooth Stone","Golden Idol","Mercury Hourglass","Regal Pillow","FossilizedHelix","Runic Dome","MutagenicStrength","Sundial","Blue Candle","Busted Crown","Mark of the Bloom","Bottled Flame","Snake Skull","Red Mask"],"potions_floor_usage":[13,16,18,18,21,23,24,25,25,28,28,33,33,36,39,41,42,44,45,46,46,50,50,50,50],"damage_taken":[{"damage":0.0,"enemies":"Cultist","floor":1.0,"turns":4.0},{"damage":5.0,"enemies":"Small Slimes","floor":3.0,"turns":5.0},{"damage":0.0,"enemies":"2 Louse","floor":4.0,"turns":3.0},{"damage":0.0,"enemies":"Looter","floor":5.0,"turns":3.0},{"damage":0.0,"enemies":"Blue Slaver","floor":11.0,"turns":2.0},{"damage":21,"enemies":"Gremlin Nob","floor":13,"turns":4},{"damage":0,"enemies":"Lots of Slimes","floor":14,"turns":3},{"damage":0,"enemies":"The Guardian","floor":16,"turns":9},{"damage":0,"enemies":"2 Thieves","floor":18,"turns":4},{"damage":0,"enemies":"Spheric Guardian","floor":21,"turns":5},{"damage":6,"enemies":"Gremlin Leader","floor":23,"turns":8},{"damage":0,"enemies":"Shelled Parasite and Fungi","floor":24,"turns":5},{"damage":0,"enemies":"Snecko","floor":25,"turns":5},{"damage":0,"enemies":"Chosen and Byrds","floor":27,"turns":5},{"damage":0,"enemies":"Cultist and Chosen","floor":28,"turns":5},{"damage":0,"enemies":"Snecko","floor":30,"turns":6},{"damage":0,"enemies":"Collector","floor":33,"turns":10},{"damage":0,"enemies":"3 Shapes","floor":35,"turns":5},{"damage":0,"enemies":"3 Darklings","floor":36,"turns":4},{"damage":0,"enemies":"Reptomancer","floor":39,"turns":3},{"damage":0,"enemies":"Giant Head","floor":41,"turns":8},{"damage":0,"enemies":"Sphere and 2 Shapes","floor":42,"turns":2},{"damage":0,"enemies":"Transient","floor":44,"turns":5},{"damage":0,"enemies":"Reptomancer","floor":45,"turns":4},{"damage":0,"enemies":"Maw","floor":46,"turns":6},{"damage":0,"enemies":"Donu and Deca","floor":50,"turns":8}],"seed_played":"9076487947347281754","potions_obtained":[{"floor":1.0,"key":"LiquidBronze"},{"floor":4.0,"key":"SteroidPotion"},{"floor":13,"key":"Fire Potion"},{"floor":18,"key":"Regen Potion"},{"floor":24,"key":"Strength Potion"},{"floor":27,"key":"Fire Potion"},{"floor":30,"key":"PowerPotion"},{"floor":39,"key":"EssenceOfSteel"},{"floor":46,"key":"FearPotion"}],"is_trial":false,"path_per_floor":["M","T","M","M","M","R","$","?","T","T","M","R","E","M","R","B",null,"M","?","$","M","?","E","M","M","T","M","M","R","M","?","R","B",null,"M","M","?","$","M","R","E","M","T","M","M","M","R","?","R","B"],"character_chosen":"THE_SILENT","items_purchased":["Oddly Smooth Stone","Crippling Poison","Noxious Fumes"],"campfire_rested":1,"item_purchase_floors":[7,20,38],"current_hp_per_floor":[70,70,65,65,65,65,65,48,48,48,48,48,27,27,27,27,70,70,70,70,70,70,64,64,64,64,64,64,64,64,64,64,64,70,70,70,70,70,70,70,70,70,70,70,70,70,70,70,70,70],"gold":0,"neow_bonus":"ONE_RANDOM_RARE_CARD","is_prod":false,"is_daily":false,"chose_seed":false,"campfire_upgraded":7,"win_rate":0,"timestamp":1539030807,"path_taken":["M","?","M","M","M","R","$","?","T","?","M","R","E","M","R","BOSS","M","?","$","?","?","E","?","M","T","M","?","R","M","?","R","BOSS","M","M","?","$","M","R","E","M","T","?","M","M","R","?","R","BOSS"],"build_version":"2018-10-04v2","purchased_purges":2,"victory":true,"max_hp_per_floor":[70,70,70,70,70,70,70,70,70,70,70,70,70,70,70,70,70,70,70,70,70,70,70,70,70,70,70,70,70,70,70,70,70,70,70,70,70,70,70,70,70,70,70,70,70,70,70,70,70,70],"card_choices":[{"not_picked":["Masterful Stab","Flying Knee"],"picked":"Poisoned Stab","floor":1.0},{"not_picked":["Dagger Throw","Quick Slash"],"picked":"Blur","floor":3.0},{"not_picked":["Catalyst","Leg Sweep"],"picked":"Backflip","floor":4.0},{"not_picked":["Acrobatics","Deflect"],"picked":"Backstab","floor":5.0},{"not_picked":["Flying Knee","Concentrate"],"picked":"Backflip","floor":11.0},{"not_picked":["Underhanded Strike","Malaise"],"picked":"After Image","floor":13},{"not_picked":["Tactician","Blade Dance"],"picked":"Noxious Fumes","floor":14},{"not_picked":["Quick Slash","Eviscerate+1","Dagger Throw"],"picked":"SKIP","floor":18},{"not_picked":["Infinite Blades","Flying Knee"],"picked":"PiercingWail+1","floor":21},{"not_picked":["Dodge and Roll","Dagger Spray"],"picked":"Poisoned Stab","floor":23},{"not_picked":["Quick Slash","Night Terror","Endless Agony"],"picked":"SKIP","floor":24},{"not_picked":["Skewer","Cloak And Dagger+1"],"picked":"Blur","floor":25},{"not_picked":["Skewer","Cloak And Dagger","Quick Slash"],"picked":"SKIP","floor":27},{"not_picked":["Quick Slash","Outmaneuver"],"picked":"Backflip+1","floor":28},{"not_picked":["Blade Dance","Cloak And Dagger+1"],"picked":"Dash","floor":30},{"not_picked":["Doppelganger","Night Terror"],"picked":"Die Die Die","floor":33},{"not_picked":[],"picked":"Backstab+1","floor":35},{"not_picked":["Dagger Throw"],"picked":"SKIP","floor":36},{"not_picked":["Riddle With Holes+1"],"picked":"SKIP","floor":39},{"not_picked":["Underhanded Strike"],"picked":"SKIP","floor":41},{"not_picked":["Concentrate"],"picked":"SKIP","floor":42},{"not_picked":["Reflex+1"],"picked":"SKIP","floor":44},{"not_picked":[],"picked":"Catalyst","floor":45},{"not_picked":["Endless Agony"],"picked":"SKIP","floor":46}],"player_experience":912553,"relics_obtained":[{"floor":2.0,"key":"Mummified Hand"},{"floor":9.0,"key":"Mercury Hourglass"},{"floor":10.0,"key":"Regal Pillow"},{"floor":13,"key":"FossilizedHelix"},{"floor":23,"key":"Sundial"},{"floor":26,"key":"Blue Candle"},{"floor":41,"key":"Bottled Flame"},{"floor":43,"key":"Snake Skull"}],"event_choices":[{"event_name":"Golden Idol","player_choice":"Take Damage","floor":8.0,"damage_taken":0.0},{"event_name":"Drug Dealer","player_choice":"Inject Mutagens","floor":19,"damage_taken":0},{"event_name":"Upgrade Shrine","player_choice":"Upgraded","floor":22,"damage_taken":0},{"event_name":"Bonfire Elementals","player_choice":"BASIC","floor":31,"damage_taken":0},{"event_name":"MindBloom","player_choice":"Upgrade","floor":37,"damage_taken":0},{"event_name":"Tomb of Lord Red Mask","player_choice":"Paid","floor":48,"damage_taken":0}],"is_beta":false,"boss_relics":[{"not_picked":["Tiny House","White Beast Statue"],"picked":"Runic Dome"},{"not_picked":["Coffee Dripper","Velvet Choker"],"picked":"Busted Crown"}],"items_purged_floors":[20,38],"is_endless":false,"potions_floor_spawned":[1,3,4,13,18,24,27,30,35,39,41,46],"ascension_level":0}