{"path_per_floor":["M","$","M","M","?","R","E","R","T","E","M","$","M","$","R","B",null,"M","M","$"],"character_chosen":"IRONCLAD","items_purchased":["Pommel Strike","Metallicize"],"gold_per_floor":[112,15,25,41,41,41,67,67,67,100,111,78,90,90,90,167,167,185,196,96,96],"floor_reached":21,"campfire_rested":0,"playtime":1563,"item_purchase_floors":[2,12],"current_hp_per_floor":[66,66,66,71,71,71,39,39,39,32,33,33,33,33,33,35,65,63,55,55,0],"items_purged":["Decay","Strike_R"],"gold":96,"score":321,"play_id":"452799c1-f7d7-491e-a35e-c392bdfa6658","local_time":"20180606195732","is_prod":false,"is_daily":false,"chose_seed":false,"is_ascension_mode":true,"campfire_upgraded":3,"win_rate":0,"timestamp":1528340252,"campfire_choices":[{"data":"Bash","floor":6,"key":"SMITH"},{"data":"Flame Barrier","floor":8,"key":"SMITH"},{"data":"Disarm","floor":15,"key":"SMITH"}],"path_taken":["M","$","M","?","?","R","E","R","T","E","M","?","M","$","R","BOSS","M","M","$","M"],"build_version":"2018-05-31","seed_source_timestamp":37518978050557,"purchased_purges":2,"victory":false,"master_deck":["Strike_R+1","Strike_R+1","Strike_R","Strike_R","Defend_R","Defend_R","Defend_R","Defend_R","Bash+1","AscendersBane","Flame Barrier+1","Pommel Strike","Iron Wave","Clash","Impervious","Iron Wave","Disarm+1","Metallicize","Demon Form","Impervious","Shrug It Off","Heavy Blade"],"max_hp_per_floor":[75,75,75,75,75,75,75,75,75,75,75,75,75,75,75,75,75,75,75,75,75],"relics":["Burning Blood","Sundial","Centennial Puzzle","Whetstone","Paper Frog","Runic Cube"],"card_choices":[{"not_picked":["Spot Weakness","Headbutt"],"picked":"Flame Barrier","floor":1},{"not_picked":["Corruption","Cleave"],"picked":"Iron Wave","floor":3},{"not_picked":["Thunderclap","Sever Soul"],"picked":"Clash","floor":4},{"not_picked":["Inflame","Armaments","Spot Weakness"],"picked":"SKIP","floor":7},{"not_picked":["Pummel","Thunderclap"],"picked":"Iron Wave","floor":10},{"not_picked":["Flex","Twin Strike"],"picked":"Disarm","floor":11},{"not_picked":["Infernal Blade","Pommel Strike"],"picked":"Demon Form","floor":13},{"not_picked":["Barricade","Dark Embrace"],"picked":"Impervious","floor":16},{"not_picked":["Cleave","Bloodletting"],"picked":"Shrug It Off","floor":18},{"not_picked":["Warcry","Battle Trance+1"],"picked":"Heavy Blade","floor":19}],"player_experience":558825,"potions_floor_usage":[16,16,21],"damage_taken":[{"damage":8,"enemies":"Cultist","floor":1,"turns":3},{"damage":6,"enemies":"Jaw Worm","floor":3,"turns":7},{"damage":1,"enemies":"2 Louse","floor":4,"turns":4},{"damage":38,"enemies":"3 Sentries","floor":7,"turns":13},{"damage":13,"enemies":"Gremlin Nob","floor":10,"turns":4},{"damage":5,"enemies":"Exordium Thugs","floor":11,"turns":5},{"damage":6,"enemies":"Looter","floor":13,"turns":4},{"damage":4,"enemies":"Hexaghost","floor":16,"turns":10},{"damage":8,"enemies":"3 Byrds","floor":18,"turns":8},{"damage":14,"enemies":"Shell Parasite","floor":19,"turns":11},{"damage":61,"enemies":"3 Cultists","floor":21,"turns":5}],"relics_obtained":[{"floor":7,"key":"Centennial Puzzle"},{"floor":9,"key":"Whetstone"},{"floor":10,"key":"Paper Frog"}],"event_choices":[{"event_name":"Match and Keep!","player_choice":"1 cards matched","floor":5,"damage_taken":0}],"boss_relics":[{"not_picked":["Orrery","Black Star"],"picked":"Runic Cube"}],"items_purged_floors":[2,20],"potions_floor_spawned":[3,7,10],"seed_played":"-5556419751888059682","killed_by":"3 Cultists","ascension_level":14,"potions_obtained":[{"floor":3,"key":"Swift Potion"},{"floor":7,"key":"GamblersBrew"},{"floor":10,"key":"GamblersBrew"}],"is_trial":false}