{"gold_per_floor":[111,125,135,153,153,153,179,249,249,7,40,55,55,55,55,129,129,146,163,163,181,181,196,214,214,238,252,278,278,47,47,47,47],"floor_reached":33,"playtime":2747,"items_purged":[],"score":616,"play_id":"93d571ee-00d3-4d50-bf8a-e20c493a9c13","local_time":"20190423195318","is_ascension_mode":true,"campfire_choices":[{"data":"Terror","floor":6.0,"key":"SMITH"},{"floor":13.0,"key":"REST"},{"data":"Glass Knife","floor":15.0,"key":"SMITH"},{"floor":25,"key":"REST"},{"floor":29,"key":"REST"},{"floor":32,"key":"REST"}],"neow_cost":"NONE","seed_source_timestamp":17780374225358,"circlet_count":0,"master_deck":["AscendersBane","Defend_G","Defend_G","Defend_G","Defend_G","Defend_G","Strike_G+1","Strike_G","Strike_G","Survivor","Neutralize","Malaise","Sucker Punch+1","Terror+1","Dagger Spray","PiercingWail","Calculated Gamble","Glass Knife+1","Adrenaline","PiercingWail","All Out Attack","Bouncing Flask","Footwork","Predator","Deflect","Pain"],"special_seed":0,"relics":["Ring of the Snake","Thread and Needle","Whetstone","Bottled Lightning","Dodecahedron","ClockworkSouvenir","Question Card","Black Star","Lantern","Gambling Chip","Singing Bowl","WarpedTongs"],"potions_floor_usage":[28,33],"damage_taken":[{"damage":4.0,"enemies":"2 Louse","floor":1.0,"turns":3.0},{"damage":1.0,"enemies":"Jaw Worm","floor":2.0,"turns":5.0},{"damage":0.0,"enemies":"Cultist","floor":3.0,"turns":3.0},{"damage":4.0,"enemies":"Blue Slaver","floor":4.0,"turns":5.0},{"damage":0.0,"enemies":"Lagavulin","floor":7.0,"turns":7.0},{"damage":11.0,"enemies":"Gremlin Nob","floor":11.0,"turns":4.0},{"damage":0.0,"enemies":"Looter","floor":12.0,"turns":3.0},{"damage":0.0,"enemies":"Slime Boss","floor":16.0,"turns":8.0},{"damage":0.0,"enemies":"3 Byrds","floor":18.0,"turns":3.0},{"damage":0.0,"enemies":"Spheric Guardian","floor":19.0,"turns":3.0},{"damage":8.0,"enemies":"Centurion and Healer","floor":21.0,"turns":15.0},{"damage":6,"enemies":"Sentry and Sphere","floor":23,"turns":11},{"damage":2,"enemies":"Cultist and Chosen","floor":24,"turns":8},{"damage":0,"enemies":"Snake Plant","floor":27,"turns":5},{"damage":27,"enemies":"Gremlin Leader","floor":28,"turns":7},{"damage":65,"enemies":"Collector","floor":33,"turns":6}],"seed_played":"8019675582820487552","potions_obtained":[{"floor":3.0,"key":"Poison Potion"},{"floor":7.0,"key":"Strength Potion"},{"floor":11.0,"key":"Block Potion"},{"floor":21.0,"key":"LiquidBronze"},{"floor":24,"key":"Poison Potion"}],"is_trial":false,"path_per_floor":["M","M","M","M","?","R","E","T","T","$","E","M","R","?","R","B",null,"M","M","?","M","?","M","M","R","T","M","E","R","$","?","R","B"],"character_chosen":"THE_SILENT","items_purchased":["Strength Potion","ClockworkSouvenir","Footwork","Energy Potion","Predator","Deflect"],"campfire_rested":4,"item_purchase_floors":[10,10,30,30,30,30],"current_hp_per_floor":[55,54,54,50,24,24,24,24,24,24,13,13,32,32,32,32,58,58,58,58,50,32,26,24,45,45,45,20,41,41,41,62,0],"gold":47,"neow_bonus":"TRANSFORM_CARD","is_prod":false,"is_daily":false,"chose_seed":false,"campfire_upgraded":2,"win_rate":0,"timestamp":1556067198,"path_taken":["M","M","M","M","?","R","E","?","T","$","E","M","R","?","R","BOSS","M","M","?","?","?","M","M","R","T","M","E","R","$","?","R","BOSS"],"build_version":"2019-01-23","purchased_purges":0,"victory":false,"max_hp_per_floor":[66,66,66,66,66,66,66,66,66,66,66,66,66,66,66,66,66,66,66,66,66,71,71,71,71,71,71,73,73,73,73,73,73],"card_choices":[{"not_picked":["Underhanded Strike","Setup"],"picked":"Sucker Punch","floor":1.0},{"not_picked":["Sucker Punch","Deflect","Terror"],"picked":"SKIP","floor":2.0},{"not_picked":["Sucker Punch","Deflect"],"picked":"Terror","floor":2.0},{"not_picked":["Backflip","Underhanded Strike"],"picked":"Dagger Spray","floor":3.0},{"not_picked":["Dodge and Roll","Sucker Punch"],"picked":"PiercingWail","floor":4.0},{"not_picked":["Acrobatics","Backflip"],"picked":"Calculated Gamble","floor":7.0},{"not_picked":["Outmaneuver","Slice"],"picked":"Glass Knife","floor":11.0},{"not_picked":["Accuracy","PiercingWail","Infinite Blades","Flying Knee"],"picked":"SKIP","floor":12.0},{"not_picked":["Venomology","Envenom","Night Terror"],"picked":"Adrenaline","floor":16.0},{"not_picked":["Acrobatics","Skewer","Flying Knee","Poisoned Stab"],"picked":"SKIP","floor":18.0},{"not_picked":["Calculated Gamble","Prepared","Bouncing Flask"],"picked":"PiercingWail","floor":19.0},{"not_picked":["PiercingWail","Blur","Quick Slash"],"picked":"All Out Attack","floor":21.0},{"not_picked":["Terror","Flechettes","Cloak And Dagger","Skewer"],"picked":"SKIP","floor":23},{"not_picked":["Blur+1","Reflex","Flying Knee"],"picked":"Bouncing Flask","floor":24},{"not_picked":["Poisoned Stab","Choke","Outmaneuver","Acrobatics+1"],"picked":"SKIP","floor":27},{"not_picked":["Outmaneuver","All Out Attack","Choke","Caltrops"],"picked":"Singing Bowl","floor":28}],"player_experience":807230,"relics_obtained":[{"floor":7.0,"key":"Whetstone"},{"floor":8.0,"key":"Bottled Lightning"},{"floor":9.0,"key":"Dodecahedron"},{"floor":11.0,"key":"Question Card"},{"floor":26,"key":"Lantern"},{"floor":28,"key":"Gambling Chip"},{"floor":28,"key":"Singing Bowl"}],"event_choices":[{"damage_healed":0.0,"max_hp_gain":0.0,"max_hp_loss":0.0,"gold_gain":0.0,"event_name":"Scrap Ooze","player_choice":"Success","floor":5.0,"gold_loss":0.0,"damage_taken":26.0,"relics_obtained":["Thread and Needle"]},{"damage_healed":0.0,"max_hp_gain":0.0,"max_hp_loss":0.0,"gold_gain":0.0,"event_name":"Liars Game","player_choice":"Ignored","floor":14.0,"gold_loss":0.0,"damage_taken":0.0},{"cards_removed":["Strike_G"],"damage_healed":0.0,"max_hp_gain":0.0,"max_hp_loss":0.0,"gold_gain":0.0,"event_name":"Bonfire Elementals","player_choice":"Offered Basic","floor":20.0,"gold_loss":0.0,"damage_taken":0.0},{"damage_healed":0.0,"max_hp_gain":5.0,"max_hp_loss":0.0,"gold_gain":0.0,"event_name":"Forgotten Altar","player_choice":"Shed Blood","floor":22.0,"gold_loss":0.0,"damage_taken":23.0},{"damage_healed":0,"gold_gain":0,"player_choice":"Rummage","damage_taken":0,"relics_obtained":["WarpedTongs"],"max_hp_gain":0,"max_hp_loss":0,"event_name":"Accursed Blacksmith","floor":31,"gold_loss":0,"cards_obtained":["Pain"]}],"is_beta":false,"boss_relics":[{"not_picked":["Lizard Tail","HoveringKite"],"picked":"Black Star"}],"items_purged_floors":[],"is_endless":false,"potions_floor_spawned":[3,7,11,21,24,27],"killed_by":"Collector","ascension_level":15}