{"path_per_floor":["M","M","?","M","$","E","M","R","T","?","?","T","?","M","R"],"character_chosen":"IRONCLAD","items_purchased":[],"gold_per_floor":[110,121,71,86,11,41,61,61,61,61,134,158,187,210,210],"floor_reached":16,"campfire_rested":1,"playtime":1794,"current_hp_per_floor":[80,80,80,80,80,47,44,44,44,24,12,12,10,13,37],"items_purged":["Strike_R"],"gold":210,"score":100,"play_id":"53ecbe9e-5c2d-41bb-9e20-21953068e4c1","local_time":"20180304192230","is_prod":false,"is_daily":false,"is_ascension_mode":false,"campfire_upgraded":1,"timestamp":1520212950,"path_taken":["M","M","?","M","$","E","M","R","T","?","?","?","?","M","R","BOSS"],"build_version":"2018-03-01-PROD1","purchased_purges":1,"victory":false,"master_deck":["Strike_R","Strike_R","Strike_R","Strike_R","Defend_R","Defend_R+1","Defend_R+1","Bash","Warcry","Armaments+1","Shockwave+1","Armaments+1","Intimidate+1"],"max_hp_per_floor":[80,80,80,80,80,80,80,80,80,80,80,80,80,80,80],"relics":["Burning Blood","Toxic Egg 2","Juzu Bracelet","Golden Idol","War Paint","Orichalcum","Odd Mushroom"],"card_choices":[{"not_picked":["Searing Blow","Shrug It Off"],"picked":"Warcry"},{"not_picked":["Bloodletting","Sword Boomerang"],"picked":"Armaments"},{"not_picked":["Clash","Inflame"],"picked":"Shockwave"},{"not_picked":["Havoc","Flex"],"picked":"Armaments"},{"not_picked":["Clash","Warcry"],"picked":"Intimidate"}],"player_experience":112806,"potions_floor_usage":[6,11,16],"damage_taken":[{"damage":2,"enemies":"2 Louse","floor":1,"turns":3},{"damage":0,"enemies":"Small Slimes","floor":2,"turns":3},{"damage":4,"enemies":"Cultist","floor":4,"turns":4},{"damage":39,"enemies":"Lagavulin","floor":6,"turns":6},{"damage":9,"enemies":"Looter","floor":7,"turns":3},{"damage":18,"enemies":"Lagavulin Event","floor":11,"turns":6},{"damage":8,"enemies":"The Mushroom Lair","floor":13,"turns":5},{"damage":3,"enemies":"3 Louse","floor":14,"turns":6},{"damage":39,"enemies":"Hexaghost","floor":16,"turns":13}],"event_choices":[{"event_name":"The Cleric","player_choice":"Card Removal","floor":3,"damage_taken":0},{"event_name":"Golden Idol","player_choice":"Take Damage","floor":10,"damage_taken":0},{"event_name":"Dead Adventurer","player_choice":"Searched \u00273\u0027 times","floor":11,"damage_taken":0},{"event_name":"Mushrooms","player_choice":"Fought Mushrooms","floor":13,"damage_taken":0}],"boss_relics":[],"potions_floor_spawned":[4,7,13],"seed_played":"5299078734348699971","killed_by":"Hexaghost","ascension_level":0,"is_trial":false}