{"gold_per_floor":[111,122,122,122,122,152,168,168,194,206,229,260,287,330,342,455,467,497,538,539,551],"floor_reached":21,"playtime":929,"items_purged":[],"score":216,"play_id":"b45dedac-ada2-4f27-b914-997d7656ae34","local_time":"20181002105823","is_ascension_mode":false,"campfire_choices":[{"floor":10,"key":"REST"},{"data":"Go for the Eyes","floor":15,"key":"SMITH"}],"neow_cost":"NONE","seed_source_timestamp":10519035661570,"circlet_count":0,"master_deck":["Strike_B","Strike_B","Strike_B","Defend_B","Defend_B+1","Defend_B","Defend_B","Zap+1","Dualcast","Ball Lightning","Go for the Eyes+1","Regret","BootSequence","Cold Snap","Defragment","Genetic Algorithm","Chill","Creative AI","Coolheaded+1"],"relics":["Cracked Core","DataDisk","StoneCalendar","MawBank","WingedGreaves","Velvet Choker","Red Mask"],"potions_floor_usage":[16,19,21],"damage_taken":[{"damage":0,"enemies":"Small Slimes","floor":1,"turns":3},{"damage":1,"enemies":"2 Louse","floor":2,"turns":2},{"damage":25,"enemies":"Lagavulin","floor":6,"turns":5},{"damage":0,"enemies":"Cultist","floor":7,"turns":2},{"damage":2,"enemies":"2 Fungi Beasts","floor":11,"turns":3},{"damage":2,"enemies":"Blue Slaver","floor":12,"turns":3},{"damage":2,"enemies":"Large Slime","floor":13,"turns":6},{"damage":1,"enemies":"3 Sentries","floor":14,"turns":6},{"damage":16,"enemies":"Hexaghost","floor":16,"turns":11},{"damage":16,"enemies":"Spheric Guardian","floor":18,"turns":5},{"damage":26,"enemies":"Masked Bandits","floor":19,"turns":7},{"damage":3,"enemies":"2 Thieves","floor":20,"turns":4},{"damage":2,"enemies":"Colosseum Slavers","floor":21,"turns":5},{"damage":38,"enemies":"Colosseum Nobs","floor":21,"turns":3}],"seed_played":"-1271543120748298145","potions_obtained":[{"floor":2,"key":"SpeedPotion"},{"floor":6,"key":"EssenceOfSteel"},{"floor":13,"key":"Ancient Potion"},{"floor":19,"key":"AttackPotion"}],"is_trial":false,"path_per_floor":["M","M","?","?","?","E","M","?","T","R","M","M","M","E","R","B",null,"M","?","M"],"character_chosen":"DEFECT","items_purchased":[],"campfire_rested":1,"item_purchase_floors":[],"current_hp_per_floor":[82,81,65,58,58,33,33,25,25,49,47,45,43,42,42,26,82,66,40,37,0],"gold":551,"neow_bonus":"TEN_PERCENT_HP_BONUS","is_prod":false,"is_daily":false,"chose_seed":false,"campfire_upgraded":1,"win_rate":0,"timestamp":1538503103,"path_taken":["M","M","?","?","?","E","M","?","T","R","M","M","M","E","R","BOSS","M","?","M","?"],"build_version":"2018-09-27","purchased_purges":0,"victory":false,"max_hp_per_floor":[82,82,82,82,82,82,82,82,82,82,82,82,82,82,82,82,82,82,82,82,82],"card_choices":[{"not_picked":["Hologram","Undo"],"picked":"Ball Lightning","floor":1},{"not_picked":["Redo","Hologram"],"picked":"Go for the Eyes","floor":2},{"not_picked":["Reprogram","Compile Driver"],"picked":"BootSequence","floor":6},{"not_picked":["Storm","Hologram"],"picked":"Cold Snap","floor":7},{"not_picked":["BootSequence","Doom and Gloom"],"picked":"Defragment","floor":11},{"not_picked":["Cold Snap","White Noise"],"picked":"Genetic Algorithm","floor":12},{"not_picked":["Stack","Go for the Eyes"],"picked":"Chill","floor":13},{"not_picked":["Force Field","Barrage","Rebound"],"picked":"SKIP","floor":14},{"not_picked":["All For One","Thunder Strike"],"picked":"Creative AI","floor":16},{"not_picked":["Stack","Chaos","Turbo"],"picked":"SKIP","floor":18},{"not_picked":["Barrage","Static Discharge"],"picked":"Coolheaded+1","floor":19},{"not_picked":["Sweeping Beam","Hologram","White Noise+1"],"picked":"SKIP","floor":20}],"player_experience":840797,"relics_obtained":[{"floor":6,"key":"StoneCalendar"},{"floor":9,"key":"MawBank"},{"floor":14,"key":"WingedGreaves"},{"floor":19,"key":"Red Mask"}],"event_choices":[{"event_name":"Shining Light","player_choice":"Entered Light","floor":3,"damage_taken":0},{"event_name":"Golden Wing","player_choice":"Card Removal","floor":4,"damage_taken":0},{"event_name":"Big Fish","player_choice":"Box","floor":5,"damage_taken":0},{"event_name":"Wheel of Change","player_choice":"Damage","floor":8,"damage_taken":0},{"event_name":"Masked Bandits","player_choice":"Fought Bandits","floor":19,"damage_taken":0},{"event_name":"Colosseum","player_choice":"Fight","floor":21,"damage_taken":0},{"event_name":"Colosseum","player_choice":"Fought Nobs","floor":21,"damage_taken":0}],"is_beta":false,"boss_relics":[{"not_picked":["Eternal Feather","Orrery"],"picked":"Velvet Choker"}],"items_purged_floors":[],"is_endless":false,"potions_floor_spawned":[2,6,13,19],"killed_by":"Colosseum Nobs","ascension_level":0}