{"gold_per_floor":[114,114,132,147,162,162,176,203,249,264,264,284,284,299,299,394,394,408,408,178,194,204,204,204],"floor_reached":24,"playtime":1024,"items_purged":["Writhe"],"score":313,"play_id":"e9e07d4b-bf16-4910-a83d-7105ddeaeb10","local_time":"20190429103752","is_ascension_mode":true,"campfire_choices":[{"floor":6,"key":"REST"},{"floor":11,"key":"REST"},{"data":"Defragment","floor":13,"key":"SMITH"},{"floor":15,"key":"REST"},{"floor":23,"key":"REST"}],"neow_cost":"NONE","seed_source_timestamp":432064497296218,"circlet_count":0,"master_deck":["AscendersBane","Strike_B","Strike_B","Strike_B","Defend_B","Defend_B","Defend_B","Defend_B","Zap","Dualcast","Streamline","Cold Snap","Defragment+1","Auto Shields","Leap","Capacitor","FTL","Seek","Melter","Defragment","Bandage Up","Cold Snap","BootSequence+1"],"special_seed":0,"relics":["Cracked Core","PreservedInsect","Potion Belt","Black Star","Pantograph"],"potions_floor_usage":[18,22,24],"damage_taken":[{"damage":3.0,"enemies":"Small Slimes","floor":1.0,"turns":5.0},{"damage":13.0,"enemies":"Jaw Worm","floor":3.0,"turns":4.0},{"damage":3.0,"enemies":"2 Louse","floor":4.0,"turns":2.0},{"damage":28,"enemies":"Gremlin Gang","floor":5,"turns":5},{"damage":6,"enemies":"Blue Slaver","floor":7,"turns":4},{"damage":26,"enemies":"3 Sentries","floor":8,"turns":11},{"damage":6,"enemies":"2 Fungi Beasts","floor":10,"turns":4},{"damage":4,"enemies":"Red Slaver","floor":12,"turns":5},{"damage":8,"enemies":"Exordium Wildlife","floor":14,"turns":5},{"damage":24,"enemies":"Hexaghost","floor":16,"turns":13},{"damage":9,"enemies":"Chosen","floor":18,"turns":5},{"damage":22,"enemies":"Shell Parasite","floor":21,"turns":7},{"damage":14,"enemies":"Snake Plant","floor":22,"turns":6},{"damage":70,"enemies":"Gremlin Leader","floor":24,"turns":8}],"seed_played":"3105811470728531924","potions_obtained":[{"floor":3.0,"key":"Fruit Juice"},{"floor":8,"key":"Poison Potion"},{"floor":10,"key":"Block Potion"},{"floor":14,"key":"PowerPotion"},{"floor":16,"key":"Explosive Potion"},{"floor":18,"key":"LiquidBronze"},{"floor":22,"key":"LiquidBronze"}],"is_trial":false,"path_per_floor":["M","?","M","M","M","R","M","E","T","M","R","M","R","M","R","B",null,"M","?","$","M","M","R","E"],"character_chosen":"DEFECT","items_purchased":["Defragment","Bandage Up"],"campfire_rested":4,"item_purchase_floors":[20,20],"current_hp_per_floor":[65,70,62,59,31,56,50,24,24,18,43,39,39,31,56,32,72,63,63,63,45,35,60,0],"gold":204,"neow_bonus":"REMOVE_CARD","is_prod":false,"is_daily":false,"chose_seed":false,"campfire_upgraded":1,"win_rate":0,"timestamp":1556505472,"path_taken":["M","?","M","M","M","R","M","E","T","M","R","M","R","M","R","BOSS","M","?","$","M","M","R","E"],"build_version":"2019-01-23","purchased_purges":1,"victory":false,"max_hp_per_floor":[75,80,85,85,85,85,85,85,85,85,85,85,85,85,85,85,85,85,85,85,85,85,85,85],"card_choices":[{"not_picked":["Go for the Eyes","Hologram"],"picked":"Streamline","floor":1.0},{"not_picked":["Streamline","Redo"],"picked":"Cold Snap","floor":3.0},{"not_picked":["Scrape","Stack"],"picked":"Defragment","floor":4.0},{"not_picked":["Rebound","Scrape"],"picked":"Auto Shields","floor":5},{"not_picked":["Recycle","Turbo","Force Field"],"picked":"SKIP","floor":7},{"not_picked":["Scrape","Turbo","Fission"],"picked":"SKIP","floor":8},{"not_picked":["Streamline","Compile Driver"],"picked":"Leap","floor":10},{"not_picked":["Auto Shields","Leap"],"picked":"Capacitor","floor":12},{"not_picked":["Recycle","Rebound"],"picked":"FTL","floor":14},{"not_picked":["Thunder Strike","Hyperbeam"],"picked":"Seek","floor":16},{"not_picked":["Compile Driver","Hello World"],"picked":"Melter","floor":18},{"not_picked":["Auto Shields+1","Redo"],"picked":"Cold Snap","floor":21},{"not_picked":["Genetic Algorithm+1","Steam"],"picked":"BootSequence+1","floor":22}],"player_experience":731097,"relics_obtained":[{"floor":8,"key":"PreservedInsect"},{"floor":9,"key":"Potion Belt"}],"event_choices":[{"damage_healed":0.0,"max_hp_gain":5.0,"max_hp_loss":0.0,"gold_gain":0.0,"event_name":"Big Fish","player_choice":"Donut","floor":2.0,"gold_loss":0.0,"damage_taken":0.0},{"damage_healed":0,"gold_gain":0,"player_choice":"Opened","damage_taken":0,"relics_obtained":["Pantograph"],"max_hp_gain":0,"max_hp_loss":0,"event_name":"The Mausoleum","floor":19,"gold_loss":0,"cards_obtained":["Writhe"]}],"is_beta":false,"boss_relics":[{"not_picked":["Pandora\u0027s Box","Tiny House"],"picked":"Black Star"}],"items_purged_floors":[20],"is_endless":false,"potions_floor_spawned":[3,8,10,14,16,18,21,22],"killed_by":"Gremlin Leader","ascension_level":11}