{"gold_per_floor":[115,115,40,54,54,80,4,4,30,30,30,46,103,128,128,203,203,221,221,221,67,82,82,132,157,157,157,168,168,83,95,95,95],"floor_reached":33,"playtime":2815,"items_purged":["Regret","Strike_B"],"score":515,"play_id":"ea7e9a6d-a4f7-497f-b037-52067525f7c2","local_time":"20190126142309","is_ascension_mode":true,"campfire_choices":[{"data":"Zap","floor":8,"key":"SMITH"},{"data":"Chill","floor":10,"key":"SMITH"},{"data":"Dualcast","floor":15,"key":"SMITH"},{"data":"Blizzard","floor":23,"key":"SMITH"},{"data":"Recycle","floor":29,"key":"SMITH"},{"data":"Coolheaded","floor":32,"key":"SMITH"}],"neow_cost":"NONE","seed_source_timestamp":9398011333917,"circlet_count":0,"master_deck":["AscendersBane","Strike_B","Strike_B","Defend_B","Defend_B","Defend_B","Defend_B","Zap+1","Dualcast+1","Lockon","Chill","Biased Cognition","Chill+1","Machine Learning","Conserve Battery","Melter","Rainbow","Compile Driver","Blizzard+1","Coolheaded+1","Undo","Recycle+1","Hologram","Leap"],"relics":["Cracked Core","NeowsBlessing","Dead Branch","Question Card","Blood Vial","Blue Candle","Juzu Bracelet","Coffee Dripper","Pen Nib","FossilizedHelix","Regal Pillow"],"potions_floor_usage":[13,25,28,33,33],"damage_taken":[{"damage":0,"enemies":"2 Louse","floor":1,"turns":1},{"damage":0,"enemies":"Jaw Worm","floor":4,"turns":1},{"damage":0,"enemies":"Gremlin Nob","floor":6,"turns":1},{"damage":0,"enemies":"Small Slimes","floor":12,"turns":2},{"damage":0,"enemies":"3 Sentries","floor":13,"turns":8},{"damage":19,"enemies":"Lagavulin","floor":14,"turns":7},{"damage":46,"enemies":"Hexaghost","floor":16,"turns":10},{"damage":4,"enemies":"Shell Parasite","floor":18,"turns":5},{"damage":1,"enemies":"3 Byrds","floor":22,"turns":4},{"damage":22,"enemies":"Slavers","floor":25,"turns":6},{"damage":5,"enemies":"Snake Plant","floor":28,"turns":6},{"damage":0,"enemies":"Shelled Parasite and Fungi","floor":31,"turns":4},{"damage":51,"enemies":"Collector","floor":33,"turns":11}],"seed_played":"-6861737744912105231","potions_obtained":[{"floor":4,"key":"FairyPotion"},{"floor":12,"key":"Fire Potion"},{"floor":16,"key":"SteroidPotion"},{"floor":25,"key":"Regen Potion"},{"floor":28,"key":"Weak Potion"},{"floor":31,"key":"Block Potion"}],"is_trial":false,"path_per_floor":["M","?","$","M","?","E","$","R","T","R","$","M","?","E","R","B",null,"M","?","?","$","M","R","?","E","T","?","M","R","?","M","R","B"],"character_chosen":"DEFECT","items_purchased":["Chill","Coolheaded"],"campfire_rested":0,"item_purchase_floors":[7,21],"current_hp_per_floor":[64,64,64,64,64,64,64,64,64,64,64,66,68,51,51,7,55,53,53,53,53,54,54,54,34,34,34,46,46,46,48,48,0],"gold":95,"neow_bonus":"THREE_ENEMY_KILL","is_prod":false,"is_daily":false,"chose_seed":false,"campfire_upgraded":6,"win_rate":0,"timestamp":1548534189,"path_taken":["M","?","$","M","?","E","?","R","T","R","$","M","?","E","R","BOSS","M","?","?","$","M","R","?","E","T","?","M","R","?","M","R","BOSS"],"build_version":"2019-01-23","purchased_purges":2,"victory":false,"max_hp_per_floor":[71,71,71,71,71,71,71,71,71,71,71,71,71,71,71,71,71,71,71,71,71,71,71,71,71,71,71,71,71,71,71,71,71],"card_choices":[{"not_picked":["Streamline","Storm"],"picked":"Lockon","floor":1},{"not_picked":["BootSequence","Streamline"],"picked":"Chill","floor":4},{"not_picked":["Barrage","Rebound"],"picked":"Biased Cognition","floor":6},{"not_picked":["Heatsinks","Steam","Go for the Eyes"],"picked":"Machine Learning","floor":12},{"not_picked":["Redo","Go for the Eyes","Barrage"],"picked":"Conserve Battery","floor":13},{"not_picked":["Doom and Gloom","BootSequence","Rebound"],"picked":"Melter","floor":14},{"not_picked":["Core Surge","Meteor Strike","Thunder Strike"],"picked":"Rainbow","floor":16},{"not_picked":["Cold Snap","Redo","Stack"],"picked":"Compile Driver","floor":18},{"not_picked":["Stack+1","Conserve Battery","Ball Lightning"],"picked":"Undo","floor":22},{"not_picked":["Darkness","Chaos","Capacitor"],"picked":"Recycle","floor":25},{"not_picked":["Lockon","Streamline+1","Gash"],"picked":"Hologram","floor":28},{"not_picked":["Steam","Hyperbeam","Stack"],"picked":"Leap","floor":31}],"player_experience":500913,"relics_obtained":[{"floor":6,"key":"Question Card"},{"floor":9,"key":"Blood Vial"},{"floor":14,"key":"Juzu Bracelet"},{"floor":25,"key":"Pen Nib"},{"floor":26,"key":"FossilizedHelix"}],"event_choices":[{"damage_healed":0,"gold_gain":0,"player_choice":"Box","damage_taken":0,"relics_obtained":["Dead Branch"],"max_hp_gain":0,"max_hp_loss":0,"event_name":"Big Fish","floor":2,"gold_loss":0,"cards_obtained":["Regret"]},{"damage_healed":0,"gold_gain":0,"player_choice":"Leave","damage_taken":0,"max_hp_gain":0,"max_hp_loss":0,"event_name":"The Cleric","floor":5,"gold_loss":0},{"damage_healed":0,"gold_gain":0,"player_choice":"Searched \u00272\u0027 times","damage_taken":0,"relics_obtained":["Blue Candle"],"max_hp_gain":0,"max_hp_loss":0,"event_name":"Dead Adventurer","floor":13,"gold_loss":0},{"damage_healed":0,"gold_gain":0,"player_choice":"Read","damage_taken":0,"max_hp_gain":0,"max_hp_loss":0,"event_name":"The Library","floor":19,"gold_loss":0,"cards_obtained":["Blizzard"]},{"damage_healed":0,"gold_gain":0,"player_choice":"Ignored","damage_taken":0,"max_hp_gain":0,"max_hp_loss":0,"event_name":"N\u0027loth","floor":20,"gold_loss":0},{"damage_healed":0,"gold_gain":50,"player_choice":"Stole From Cult","damage_taken":0,"max_hp_gain":0,"max_hp_loss":0,"event_name":"Nest","floor":24,"gold_loss":0},{"cards_removed":["Strike_B"],"damage_healed":0,"gold_gain":0,"player_choice":"Card Removal","damage_taken":0,"max_hp_gain":0,"max_hp_loss":0,"event_name":"Wheel of Change","floor":27,"gold_loss":0},{"damage_healed":0,"gold_gain":0,"player_choice":"Obtained Relic","damage_taken":0,"relics_obtained":["Regal Pillow"],"max_hp_gain":0,"max_hp_loss":0,"event_name":"Addict","floor":30,"gold_loss":85}],"is_beta":false,"boss_relics":[{"not_picked":["Orrery","Inserter"],"picked":"Coffee Dripper"}],"items_purged_floors":[3,21],"is_endless":false,"potions_floor_spawned":[4,12,16,22,25,28,31],"killed_by":"Collector","ascension_level":15}