{"path_per_floor":["M","?","$","M","M","E","R","?","T","M","R","M","M","?","R","B",null,"M","$","M","$","M","R","$","M","T","E","R","$"],"character_chosen":"THE_SILENT","items_purchased":["Poisoned Stab","War Paint","Noxious Fumes","Footwork","Bouncing Flask"],"gold_per_floor":[114,114,14,30,48,81,81,81,81,104,104,124,143,218,218,346,384,408,83,107,107,122,122,122,142,142,183,183,28],"floor_reached":30,"campfire_rested":3,"playtime":1938,"current_hp_per_floor":[70,53,53,49,49,34,55,41,41,41,41,39,31,20,41,20,75,69,69,69,69,45,45,45,29,29,2,24,24],"items_purged":["Strike_G","Strike_G"],"gold":28,"score":250,"play_id":"721aa48c-0e77-444c-a95b-fd4878ba058e","local_time":"20180312223441","is_prod":false,"is_daily":false,"is_ascension_mode":false,"campfire_upgraded":2,"timestamp":1520919281,"path_taken":["M","?","$","?","M","E","R","?","T","M","R","?","M","?","R","BOSS","M","$","M","?","?","R","?","M","T","E","R","$","E"],"build_version":"2018-03-09","purchased_purges":4,"victory":false,"master_deck":["Defend_G+1","Defend_G","Defend_G","Defend_G","Defend_G","Strike_G+1","Strike_G+1","Strike_G+1","Survivor","Neutralize+1","Deadly Poison+1","Poisoned Stab","Deadly Poison","Bane","Bane","Adrenaline","Deflect","Noxious Fumes+1","Escape Plan","Bane+1","Footwork","Bouncing Flask"],"max_hp_per_floor":[70,70,70,70,70,70,70,70,70,70,70,70,70,70,70,70,75,75,75,75,75,75,75,75,75,75,75,75,75],"relics":["The Specimen","Golden Idol","Bird Faced Urn","Anchor","Tiny House","War Paint","Ice Cream","Blood Vial"],"card_choices":[{"not_picked":["Backstab","Flying Knee"],"picked":"Deadly Poison"},{"not_picked":["Endless Agony","Prepared"],"picked":"Deadly Poison"},{"not_picked":["Heel Hook","Caltrops"],"picked":"Bane"},{"not_picked":["Quick Slash","Poisoned Stab"],"picked":"Bane"},{"not_picked":["Unload","Venomology"],"picked":"Adrenaline"},{"not_picked":["Dagger Throw","Underhanded Strike"],"picked":"Deflect"},{"not_picked":["Sucker Punch","Poisoned Stab"],"picked":"Escape Plan"},{"not_picked":["Deadly Poison","Blur"],"picked":"Bane"}],"player_experience":92588,"potions_floor_usage":[6,6,16,22,27,30],"damage_taken":[{"damage":0,"enemies":"2 Louse","floor":1,"turns":4},{"damage":4,"enemies":"Jaw Worm","floor":4,"turns":4},{"damage":0,"enemies":"Cultist","floor":5,"turns":4},{"damage":15,"enemies":"Gremlin Nob","floor":6,"turns":4},{"damage":0,"enemies":"Gremlin Gang","floor":10,"turns":5},{"damage":2,"enemies":"Looter","floor":12,"turns":4},{"damage":8,"enemies":"2 Fungi Beasts","floor":13,"turns":3},{"damage":21,"enemies":"The Guardian","floor":16,"turns":11},{"damage":6,"enemies":"Chosen","floor":18,"turns":5},{"damage":0,"enemies":"2 Thieves","floor":20,"turns":4},{"damage":26,"enemies":"Chosen and Byrds","floor":22,"turns":6},{"damage":18,"enemies":"Slaver and Parasite","floor":25,"turns":6},{"damage":29,"enemies":"Book of Stabbing","floor":27,"turns":6},{"damage":32,"enemies":"Slavers","floor":30,"turns":3}],"event_choices":[{"event_name":"Golden Idol","player_choice":"Take Damage","floor":2,"damage_taken":0},{"event_name":"Shining Light","player_choice":"Entered Light","floor":8,"damage_taken":0},{"event_name":"World of Goop","player_choice":"Gather Gold","floor":14,"damage_taken":0}],"boss_relics":[{"not_picked":["Question Card","Runic Dome"],"picked":"Tiny House"}],"potions_floor_spawned":[1,5,12,13,18,20],"seed_played":"898519387251647815","killed_by":"Slavers","ascension_level":0,"is_trial":false}