{"gold_per_floor":[119,130,148,148,148,148,161,201,201,201,217,27,65,65,65,155,155,171,171,171,23,23,23,23],"floor_reached":24,"playtime":1897,"items_purged":["Writhe"],"score":404,"play_id":"33791b8c-af32-40a7-9d8e-9764e037719d","local_time":"20190413123133","is_ascension_mode":true,"campfire_choices":[{"data":"Zap","floor":6,"key":"SMITH"},{"data":"Defragment","floor":10,"key":"SMITH"},{"floor":15,"key":"REST"},{"floor":23,"key":"REST"}],"neow_cost":"NONE","seed_source_timestamp":3737407970005,"circlet_count":0,"master_deck":["AscendersBane","Strike_B","Strike_B","Strike_B","Defend_B","Defend_B","Defend_B","Defend_B","Zap+1","Dualcast","Rebound","Defragment+1","Steam","Ball Lightning","Hologram","Capacitor","Chill","Ball Lightning","Glacier","Electrodynamics","Conserve Battery","Leap"],"relics":["Cracked Core","Bloody Idol","Bag of Marbles","Strawberry","Shuriken","Inserter","The Courier"],"potions_floor_usage":[8,13,24],"damage_taken":[{"damage":0,"enemies":"Small Slimes","floor":1,"turns":2},{"damage":1,"enemies":"Cultist","floor":2,"turns":3},{"damage":7,"enemies":"Jaw Worm","floor":3,"turns":3},{"damage":7,"enemies":"Blue Slaver","floor":7,"turns":3},{"damage":9,"enemies":"3 Sentries","floor":8,"turns":5},{"damage":16,"enemies":"3 Louse","floor":11,"turns":2},{"damage":11,"enemies":"Lagavulin","floor":13,"turns":6},{"damage":7,"enemies":"Slime Boss","floor":16,"turns":8},{"damage":18,"enemies":"Spheric Guardian","floor":18,"turns":6},{"damage":49,"enemies":"Book of Stabbing","floor":24,"turns":5}],"seed_played":"6909967244720085048","potions_obtained":[{"floor":1,"key":"Strength Potion"},{"floor":3,"key":"Fire Potion"},{"floor":8,"key":"Energy Potion"},{"floor":11,"key":"Poison Potion"},{"floor":16,"key":"FearPotion"}],"is_trial":false,"path_per_floor":["M","M","M","?","?","R","M","E","T","R","M","$","E","?","R","B",null,"M","?","?","$","?","R","E"],"character_chosen":"DEFECT","items_purchased":["Capacitor","Chill","Ball Lightning","Conserve Battery","Leap"],"campfire_rested":2,"item_purchase_floors":[12,12,12,21,21],"current_hp_per_floor":[64,63,56,56,52,52,45,36,43,43,27,27,16,16,37,30,61,43,22,22,22,22,43,0],"gold":23,"neow_bonus":"THREE_CARDS","is_prod":false,"is_daily":false,"chose_seed":false,"campfire_upgraded":2,"win_rate":0,"timestamp":1555176693,"path_taken":["M","M","M","?","?","R","?","E","T","R","M","$","E","?","R","BOSS","M","?","?","$","?","R","E"],"build_version":"2019-01-23","purchased_purges":1,"victory":false,"max_hp_per_floor":[71,71,71,64,64,64,64,64,71,71,71,71,71,71,71,71,71,71,71,71,71,71,71,71],"card_choices":[{"not_picked":["Coolheaded","Steam"],"picked":"Rebound","floor":0},{"not_picked":["Auto Shields","Doom and Gloom"],"picked":"Defragment","floor":1},{"not_picked":["Barrage","Undo"],"picked":"Steam","floor":2},{"not_picked":["Self Repair","Go for the Eyes"],"picked":"Ball Lightning","floor":3},{"not_picked":["Rebound","Force Field","Steam"],"picked":"SKIP","floor":7},{"not_picked":["Barrage","Hyperbeam"],"picked":"Hologram","floor":8},{"not_picked":["Aggregate","Redo","Steam Power"],"picked":"SKIP","floor":11},{"not_picked":["Rebound","Hello World"],"picked":"Glacier","floor":13},{"not_picked":["Creative AI","Reboot"],"picked":"Electrodynamics","floor":16},{"not_picked":["Rebound","Gash+1","Double Energy"],"picked":"SKIP","floor":18}],"player_experience":739875,"relics_obtained":[{"floor":8,"key":"Bag of Marbles"},{"floor":9,"key":"Strawberry"},{"floor":13,"key":"Shuriken"}],"event_choices":[{"damage_healed":0,"gold_gain":0,"player_choice":"Lose Max HP","damage_taken":0,"relics_obtained":["Golden Idol"],"max_hp_gain":0,"max_hp_loss":7,"event_name":"Golden Idol","floor":4,"gold_loss":0},{"damage_healed":0,"gold_gain":0,"player_choice":"Bought 0 Potions","damage_taken":0,"max_hp_gain":0,"max_hp_loss":0,"event_name":"The Woman in Blue","floor":5,"gold_loss":0},{"cards_removed":["Strike_B"],"damage_healed":0,"gold_gain":0,"player_choice":"Forget","damage_taken":0,"max_hp_gain":0,"max_hp_loss":0,"event_name":"Living Wall","floor":14,"gold_loss":0},{"damage_healed":0,"gold_gain":0,"player_choice":"Obtained Book","damage_taken":21,"max_hp_gain":0,"max_hp_loss":0,"event_name":"Cursed Tome","floor":19,"gold_loss":0},{"damage_healed":0,"gold_gain":0,"player_choice":"Opened","damage_taken":0,"relics_obtained":["The Courier"],"max_hp_gain":0,"max_hp_loss":0,"event_name":"The Mausoleum","floor":20,"gold_loss":0,"cards_obtained":["Writhe"]},{"damage_healed":0,"gold_gain":0,"player_choice":"Gave Idol","damage_taken":0,"relics_obtained":["Bloody Idol"],"max_hp_gain":0,"max_hp_loss":0,"event_name":"Forgotten Altar","floor":22,"relics_lost":["Golden Idol"],"gold_loss":0}],"is_beta":false,"boss_relics":[{"not_picked":["Philosopher\u0027s Stone","Eternal Feather"],"picked":"Inserter"}],"items_purged_floors":[21],"is_endless":false,"potions_floor_spawned":[1,3,8,11,16],"killed_by":"Book of Stabbing","ascension_level":20}