{"gold_per_floor":[115,6,156,174,192,192,204,239,239,256,256,276,276],"floor_reached":13,"playtime":624,"items_purged":[],"score":174,"play_id":"41c36a37-90fa-40ad-b799-4bba4d0bc747","local_time":"20190428170440","is_ascension_mode":true,"campfire_choices":[{"floor":6.0,"key":"REST"},{"floor":11,"key":"REST"}],"neow_cost":"NONE","seed_source_timestamp":1466995487706732,"circlet_count":0,"master_deck":["AscendersBane","Strike_B","Strike_B","Strike_B","Strike_B","Defend_B","Defend_B","Defend_B","Defend_B","Zap","Dualcast","Go for the Eyes","Gash","Doubt","Cold Snap","Beam Cell","Electrodynamics","Coolheaded","Scrape"],"special_seed":0,"relics":["Cracked Core","Art of War","Peace Pipe","Pantograph"],"potions_floor_usage":[7,8],"damage_taken":[{"damage":2.0,"enemies":"Jaw Worm","floor":1.0,"turns":3.0},{"damage":3.0,"enemies":"2 Louse","floor":4.0,"turns":3.0},{"damage":0.0,"enemies":"Small Slimes","floor":5.0,"turns":3.0},{"damage":14,"enemies":"Exordium Thugs","floor":7,"turns":6},{"damage":30,"enemies":"3 Sentries","floor":8,"turns":12},{"damage":9,"enemies":"Looter","floor":10,"turns":3},{"damage":11,"enemies":"Red Slaver","floor":12,"turns":3},{"damage":11,"enemies":"Gremlin Gang","floor":13,"turns":3}],"seed_played":"-6014759074377061667","potions_obtained":[{"floor":4.0,"key":"PowerPotion"},{"floor":12,"key":"FearPotion"}],"is_trial":false,"path_per_floor":["M","$","?","M","M","R","M","E","T","M","R","M","M"],"character_chosen":"DEFECT","items_purchased":["Gash","SkillPotion"],"campfire_rested":2,"item_purchase_floors":[2,2],"current_hp_per_floor":[62,62,62,59,59,71,57,27,27,18,39,28,17],"gold":276,"neow_bonus":"RANDOM_COMMON_RELIC","is_prod":false,"is_daily":false,"chose_seed":false,"campfire_upgraded":0,"win_rate":0,"timestamp":1556460280,"path_taken":["M","$","?","M","M","R","M","E","T","M","R","M","M"],"build_version":"2019-01-23","purchased_purges":0,"victory":false,"max_hp_per_floor":[71,71,71,71,71,71,71,71,71,71,71,71,71],"card_choices":[{"not_picked":["Glacier","Barrage"],"picked":"Go for the Eyes","floor":1.0},{"not_picked":["Compile Driver","Redo","Auto Shields"],"picked":"SKIP","floor":4.0},{"not_picked":["Compile Driver","Sweeping Beam"],"picked":"Cold Snap","floor":5.0},{"not_picked":["Barrage","Darkness"],"picked":"Beam Cell","floor":7},{"not_picked":["Consume","Conserve Battery"],"picked":"Electrodynamics","floor":8},{"not_picked":["Sweeping Beam","Redo"],"picked":"Coolheaded","floor":10},{"not_picked":["Coolheaded","Tempest"],"picked":"Scrape","floor":12}],"player_experience":1257396,"relics_obtained":[{"floor":8,"key":"Peace Pipe"},{"floor":9,"key":"Pantograph"}],"event_choices":[{"damage_healed":0.0,"max_hp_gain":0.0,"max_hp_loss":0.0,"gold_gain":150.0,"event_name":"Liars Game","player_choice":"AGREE","floor":3.0,"gold_loss":0.0,"damage_taken":0.0,"cards_obtained":["Doubt"]}],"is_beta":false,"boss_relics":[],"items_purged_floors":[],"is_endless":false,"potions_floor_spawned":[4,12],"killed_by":"Gremlin Gang","ascension_level":20}