{"gold_per_floor":[112,123,123,133,133,176,74,118,145,145,186,207,207,243,243,367,367,388,388,288,33,54,54,69,69,93,93,116,14,14,14,14,143,143,167,167,167,167,244,288,113,129,198,198,217,67,111,135,135,135],"floor_reached":50,"playtime":6519,"items_purged":["Defend_B","Defend_B","Strike_B+1","Strike_B+1"],"score":684,"play_id":"8eaf82df-b698-49c9-8aea-a67f70de0396","local_time":"20180623173406","is_ascension_mode":true,"campfire_choices":[{"floor":15,"key":"REST"},{"data":"Coolheaded","floor":23,"key":"SMITH"},{"data":"Zap","floor":25,"key":"SMITH"},{"data":"Echo Form","floor":27,"key":"SMITH"},{"data":"Coolheaded","floor":32,"key":"SMITH"},{"floor":44,"key":"REST"},{"floor":49,"key":"REST"}],"neow_cost":"NONE","seed_source_timestamp":16698217971547,"circlet_count":0,"master_deck":["Strike_B+1","Defend_B+1","Defend_B+1","Zap+1","Dualcast+1","Ball Lightning+1","Sweeping Beam+1","Go for the Eyes+1","Reboot+1","Coolheaded+1","BootSequence+1","Conserve Battery+1","Echo Form+1","Sweeping Beam+1","Ghostly+1","Ghostly+1","Ghostly+1","Ghostly+1","Ghostly+1","Conserve Battery+1","Reprogram+1","Coolheaded+1","Meteor Strike+1","White Noise+1","Rebound+1"],"relics":["Cracked Core","Golden Idol","Art of War","Ancient Tea Set","Juzu Bracelet","Vajra","Lantern","Nuclear Battery","Dodecahedron","DataDisk","Fusion Hammer","Mark of the Bloom","Shuriken","Pear","Centennial Puzzle","Orichalcum"],"potions_floor_usage":[6,6,11,33,40,47,50,50],"damage_taken":[{"damage":2,"enemies":"Jaw Worm","floor":1,"turns":3},{"damage":0,"enemies":"Small Slimes","floor":2,"turns":2},{"damage":0,"enemies":"2 Louse","floor":4,"turns":2},{"damage":20,"enemies":"Lagavulin","floor":6,"turns":4},{"damage":10,"enemies":"3 Sentries","floor":8,"turns":5},{"damage":8,"enemies":"Lagavulin","floor":11,"turns":6},{"damage":0,"enemies":"Blue Slaver","floor":12,"turns":2},{"damage":7,"enemies":"3 Sentries","floor":14,"turns":4},{"damage":18,"enemies":"Hexaghost","floor":16,"turns":11},{"damage":5,"enemies":"2 Thieves","floor":18,"turns":3},{"damage":0,"enemies":"3 Byrds","floor":22,"turns":3},{"damage":0,"enemies":"Centurion and Healer","floor":24,"turns":7},{"damage":0,"enemies":"Chosen and Byrds","floor":28,"turns":4},{"damage":8,"enemies":"Collector","floor":33,"turns":9},{"damage":0,"enemies":"3 Shapes","floor":35,"turns":2},{"damage":4,"enemies":"Nemesis","floor":40,"turns":9},{"damage":0,"enemies":"3 Darklings","floor":42,"turns":4},{"damage":0,"enemies":"Maw","floor":45,"turns":6},{"damage":2,"enemies":"2 Orb Walkers","floor":47,"turns":3},{"damage":0,"enemies":"Sphere and 2 Shapes","floor":48,"turns":3},{"damage":35,"enemies":"Time Eater","floor":50,"turns":10}],"seed_played":"-6750979466764957275","potions_obtained":[{"floor":1,"key":"Swift Potion"},{"floor":2,"key":"SteroidPotion"},{"floor":4,"key":"AttackPotion"},{"floor":16,"key":"Energy Potion"},{"floor":22,"key":"FearPotion"},{"floor":28,"key":"FocusPotion"},{"floor":35,"key":"Dexterity Potion"},{"floor":40,"key":"PowerPotion"}],"is_trial":false,"path_per_floor":["M","M","?","M","?","E","$","E","T","?","E","M","?","E","R","B",null,"M","?","$","$","M","R","M","R","T","R","M","$","?","?","R","B",null,"M","?","?","?","T","E","$","M","T","R","M","$","E","M","R"],"character_chosen":"DEFECT","items_purchased":["Coolheaded","Dodecahedron","Coolheaded","Weak Potion","Swift Potion"],"campfire_rested":3,"item_purchase_floors":[7,21,29,29,41],"current_hp_per_floor":[73,73,58,58,58,38,38,28,28,28,20,20,20,13,33,15,69,64,34,34,34,34,34,34,34,34,34,34,34,34,34,34,26,34,34,34,34,34,34,30,30,30,30,30,30,30,28,28,28,0],"gold":135,"neow_bonus":"THREE_CARDS","is_prod":false,"is_daily":false,"chose_seed":false,"campfire_upgraded":4,"win_rate":0,"timestamp":1529793246,"path_taken":["M","M","?","M","?","E","$","E","T","?","E","M","?","E","R","BOSS","M","?","?","$","M","R","M","R","T","R","M","$","?","?","R","BOSS","M","?","?","?","?","E","$","M","T","R","M","$","E","M","R","BOSS"],"build_version":"2018-06-21v2","purchased_purges":4,"victory":false,"max_hp_per_floor":[75,75,75,75,69,69,69,69,69,69,69,69,69,69,69,69,69,69,34,34,34,34,34,34,34,34,34,34,34,34,34,34,34,34,34,34,34,34,34,44,44,44,44,44,44,44,44,44,44,44],"card_choices":[{"not_picked":["Beam Cell","Stack"],"picked":"Ball Lightning","floor":0},{"not_picked":["Skim","Compile Driver"],"picked":"Sweeping Beam","floor":1},{"not_picked":["Stack","Gash"],"picked":"Go for the Eyes","floor":2},{"not_picked":["Compile Driver","Gash","Recycle"],"picked":"SKIP","floor":4},{"not_picked":["Tempest","Capacitor"],"picked":"Reboot","floor":6},{"not_picked":["Buffer","Rip and Tear"],"picked":"BootSequence","floor":8},{"not_picked":["Compile Driver","Cold Snap","Aggregate"],"picked":"SKIP","floor":11},{"not_picked":["Barrage","Ball Lightning","Self Repair"],"picked":"SKIP","floor":12},{"not_picked":["Multi-Cast","Go for the Eyes"],"picked":"Conserve Battery","floor":14},{"not_picked":["Thunder Strike","Machine Learning"],"picked":"Echo Form","floor":16},{"not_picked":["Coolheaded","Conserve Battery"],"picked":"Sweeping Beam+1","floor":18},{"not_picked":["Beam Cell","Undo","Steam+1"],"picked":"SKIP","floor":22},{"not_picked":["Beam Cell","Undo","Steam+1"],"picked":"SKIP","floor":22},{"not_picked":["Recycle","Compile Driver"],"picked":"Conserve Battery+1","floor":24},{"not_picked":["Auto Shields","Rebound"],"picked":"Reprogram+1","floor":28},{"not_picked":["Machine Learning","Amplify"],"picked":"Meteor Strike","floor":33},{"not_picked":["Cold Snap","Doom and Gloom","Force Field"],"picked":"SKIP","floor":35},{"not_picked":["Heatsinks","Double Energy","Loop"],"picked":"SKIP","floor":40},{"not_picked":["Go for the Eyes","Leap","Compile Driver"],"picked":"SKIP","floor":42},{"not_picked":["Darkness","Sweeping Beam"],"picked":"White Noise+1","floor":45},{"not_picked":["Steam Power","Beam Cell"],"picked":"Rebound+1","floor":47},{"not_picked":["Sunder","Rip and Tear","Conserve Battery"],"picked":"SKIP","floor":48}],"player_experience":233337,"relics_obtained":[{"floor":6,"key":"Art of War"},{"floor":8,"key":"Ancient Tea Set"},{"floor":9,"key":"Juzu Bracelet"},{"floor":11,"key":"Vajra"},{"floor":14,"key":"Lantern"},{"floor":26,"key":"DataDisk"},{"floor":39,"key":"Shuriken"},{"floor":40,"key":"Pear"},{"floor":43,"key":"Centennial Puzzle"},{"floor":47,"key":"Orichalcum"}],"event_choices":[{"event_name":"Shining Light","player_choice":"Entered Light","floor":3,"damage_taken":0},{"event_name":"Golden Idol","player_choice":"Lose Max HP","floor":5,"damage_taken":0},{"event_name":"Liars Game","player_choice":"disagreed","floor":10,"damage_taken":0},{"event_name":"Living Wall","player_choice":"Forget","floor":13,"damage_taken":0},{"event_name":"Ghosts","player_choice":"Became a Ghost","floor":19,"damage_taken":0},{"event_name":"The Mausoleum","player_choice":"No","floor":30,"damage_taken":0},{"event_name":"Addict","player_choice":"Ignored","floor":31,"damage_taken":0},{"event_name":"MindBloom","player_choice":"Upgrade","floor":36,"damage_taken":0},{"event_name":"SecretPortal","player_choice":"Rejected Portal.","floor":37,"damage_taken":0},{"event_name":"SensoryStone","player_choice":"Memory 1","floor":38,"damage_taken":0}],"boss_relics":[{"not_picked":["Orrery","Cursed Key"],"picked":"Nuclear Battery"},{"not_picked":["White Beast Statue","Busted Crown"],"picked":"Fusion Hammer"}],"items_purged_floors":[7,20,41,46],"is_endless":false,"potions_floor_spawned":[1,2,4,16,22,28,35,40,45],"killed_by":"Time Eater","ascension_level":4}