{"gold_per_floor":[113,126,146,146,146,146,161,179,179,193,207,232,232,246,246,343,343,361,276,276,52,52,77,77],"floor_reached":24,"playtime":2246,"items_purged":["Decay"],"score":218,"play_id":"2270ce6d-d09c-4da2-99e0-613ae8916667","local_time":"20180701011002","is_ascension_mode":false,"campfire_choices":[{"data":"Armaments","floor":6,"key":"SMITH"},{"floor":13,"key":"REST"},{"data":"Juggernaut","floor":15,"key":"SMITH"}],"neow_cost":"NONE","seed_source_timestamp":886786964009877,"circlet_count":0,"master_deck":["Strike_R","Strike_R","Strike_R","Defend_R","Defend_R","Defend_R","Defend_R","Bash","Shrug It Off","Iron Wave","Armaments+1","Burning Pact","Dual Wield","Whirlwind","Anger","Juggernaut+1","Cleave","Barricade","Twin Strike","Sword Boomerang","Rampage","Armaments+1","Blood for Blood","Demon Form","Shrug It Off+1"],"relics":["Mark of Pain","Pear","Oddly Smooth Stone","Orrery","Sundial","Incense Burner"],"potions_floor_usage":[16,16,16],"damage_taken":[{"damage":0,"enemies":"Cultist","floor":1,"turns":4},{"damage":0,"enemies":"Small Slimes","floor":2,"turns":3},{"damage":3,"enemies":"2 Louse","floor":3,"turns":3},{"damage":0,"enemies":"Blue Slaver","floor":7,"turns":5},{"damage":1,"enemies":"Lots of Slimes","floor":8,"turns":8},{"damage":13,"enemies":"2 Fungi Beasts","floor":10,"turns":4},{"damage":3,"enemies":"Exordium Thugs","floor":11,"turns":5},{"damage":10,"enemies":"Lagavulin","floor":12,"turns":8},{"damage":8,"enemies":"3 Louse","floor":14,"turns":4},{"damage":33,"enemies":"The Guardian","floor":16,"turns":10},{"damage":29,"enemies":"Spheric Guardian","floor":18,"turns":6},{"damage":60,"enemies":"Book of Stabbing","floor":23,"turns":7},{"damage":8,"enemies":"Shell Parasite","floor":24,"turns":2}],"seed_played":"-4749691785266222381","potions_obtained":[{"floor":2,"key":"BloodPotion"},{"floor":10,"key":"Ancient Potion"},{"floor":11,"key":"FearPotion"},{"floor":16,"key":"LiquidBronze"},{"floor":18,"key":"Strength Potion"}],"is_trial":false,"path_per_floor":["M","M","M","?","?","R","M","M","T","M","M","E","R","M","R","B",null,"M","?","?","$","?","E"],"character_chosen":"IRONCLAD","items_purchased":["Demon Form"],"campfire_rested":1,"item_purchase_floors":[21],"current_hp_per_floor":[80,80,77,77,77,77,77,76,86,73,70,60,87,79,79,55,90,61,61,61,61,61,1,0],"gold":77,"neow_bonus":"BOSS_RELIC","is_prod":false,"is_daily":false,"chose_seed":false,"campfire_upgraded":2,"win_rate":0.0,"timestamp":1530400202,"path_taken":["M","M","?","?","?","R","M","M","T","M","?","E","R","M","R","BOSS","M","?","?","$","?","E","?"],"build_version":"2018-06-28","purchased_purges":1,"victory":false,"max_hp_per_floor":[80,80,80,80,80,80,80,80,90,90,90,90,90,90,90,90,90,90,90,90,90,90,90,90],"card_choices":[{"not_picked":["Body Slam","Clothesline"],"picked":"Shrug It Off","floor":1},{"not_picked":["Rupture","Twin Strike"],"picked":"Iron Wave","floor":2},{"not_picked":["Clothesline","Second Wind"],"picked":"Armaments","floor":3},{"not_picked":["Sever Soul","Shrug It Off"],"picked":"Burning Pact","floor":7},{"not_picked":["Rupture","Shockwave"],"picked":"Dual Wield","floor":8},{"not_picked":["Rage","Twin Strike"],"picked":"Whirlwind","floor":10},{"not_picked":["Carnage","Twin Strike"],"picked":"Anger","floor":11},{"not_picked":["Brutality","Iron Wave"],"picked":"Juggernaut","floor":12},{"not_picked":["Twin Strike","Clothesline"],"picked":"Cleave","floor":14},{"not_picked":["Offering","Reaper"],"picked":"Barricade","floor":16},{"not_picked":["Reckless Charge","Corruption"],"picked":"Twin Strike","floor":17},{"not_picked":["Disarm","Clash"],"picked":"Sword Boomerang","floor":17},{"not_picked":["Clash","Ghostly Armor"],"picked":"Rampage","floor":17},{"not_picked":["Shrug It Off","Intimidate"],"picked":"Armaments","floor":17},{"not_picked":["Body Slam","Rupture"],"picked":"Blood for Blood","floor":18},{"not_picked":["Barricade","Inflame"],"picked":"Shrug It Off+1","floor":23}],"player_experience":18130,"relics_obtained":[{"floor":9,"key":"Pear"},{"floor":12,"key":"Oddly Smooth Stone"},{"floor":23,"key":"Incense Burner"}],"event_choices":[{"event_name":"Purifier","player_choice":"One Purge","floor":4,"damage_taken":0},{"event_name":"Bonfire Elementals","player_choice":"BASIC","floor":5,"damage_taken":0},{"event_name":"Addict","player_choice":"Obtained Relic","floor":19,"damage_taken":0},{"event_name":"Forgotten Altar","player_choice":"Smashed Altar","floor":20,"damage_taken":0},{"event_name":"Upgrade Shrine","player_choice":"Upgraded","floor":22,"damage_taken":0}],"boss_relics":[{"not_picked":["Runic Cube","Sozu"],"picked":"Orrery"}],"items_purged_floors":[21],"is_endless":false,"potions_floor_spawned":[2,10,11,12,16,18],"killed_by":"Shell Parasite","ascension_level":0}