{"path_per_floor":["M","M","M","M","?","E","M","E","T","R","M","R","E","?","R"],"character_chosen":"IRONCLAD","items_purchased":[],"gold_per_floor":[115,131,147,158,158,189,202,228,252,252,270,270,299,299,299,299],"floor_reached":16,"campfire_rested":1,"playtime":1013,"item_purchase_floors":[],"current_hp_per_floor":[63,65,67,66,66,59,53,36,36,36,38,38,34,14,38,0],"items_purged":[],"gold":299,"score":195,"play_id":"ab56b0b9-cd16-4961-9ea5-df194884eb6d","local_time":"20180526031503","is_prod":false,"is_daily":false,"chose_seed":false,"is_ascension_mode":true,"campfire_upgraded":2,"win_rate":0,"timestamp":1527329703,"campfire_choices":[{"data":"Combust","floor":10,"key":"SMITH"},{"data":"Metallicize","floor":12,"key":"SMITH"},{"floor":15,"key":"REST"}],"path_taken":["M","M","M","M","?","E","M","E","T","R","M","R","E","?","R","BOSS"],"build_version":"2018-05-24","seed_source_timestamp":701933377905539,"purchased_purges":0,"victory":false,"master_deck":["Strike_R","Strike_R","Strike_R","Strike_R","Strike_R","Defend_R","Defend_R","Defend_R","Defend_R","Bash+1","AscendersBane","Combust+1","Clothesline","Iron Wave","Battle Trance","Metallicize+1","Clothesline","Uppercut"],"max_hp_per_floor":[80,80,80,80,80,80,80,80,80,80,80,80,80,80,80,80],"relics":["Burning Blood","Letter Opener","Dodecahedron","Pen Nib","Anchor","Golden Idol"],"card_choices":[{"not_picked":["Rupture","Corruption"],"picked":"Combust","floor":1},{"not_picked":["Power Through","Shrug It Off"],"picked":"Clothesline","floor":2},{"not_picked":["Clothesline","Sword Boomerang"],"picked":"Iron Wave","floor":3},{"not_picked":["Armaments","Sword Boomerang"],"picked":"Battle Trance","floor":4},{"not_picked":["Cleave","Infernal Blade","Pommel Strike"],"picked":"SKIP","floor":6},{"not_picked":["Seeing Red","Second Wind","Havoc"],"picked":"SKIP","floor":7},{"not_picked":["Reckless Charge","Havoc","Wild Strike"],"picked":"SKIP","floor":8},{"not_picked":["Spot Weakness","Fire Breathing"],"picked":"Uppercut","floor":11},{"not_picked":["Rampage","Pommel Strike","Cleave"],"picked":"SKIP","floor":13}],"player_experience":513483,"potions_floor_usage":[6,8,13],"damage_taken":[{"damage":15,"enemies":"Small Slimes","floor":1,"turns":5},{"damage":4,"enemies":"Cultist","floor":2,"turns":4},{"damage":4,"enemies":"Jaw Worm","floor":3,"turns":4},{"damage":7,"enemies":"2 Fungi Beasts","floor":4,"turns":3},{"damage":13,"enemies":"3 Sentries","floor":6,"turns":7},{"damage":12,"enemies":"Red Slaver","floor":7,"turns":6},{"damage":23,"enemies":"Lagavulin","floor":8,"turns":6},{"damage":4,"enemies":"Blue Slaver","floor":11,"turns":4},{"damage":10,"enemies":"3 Sentries","floor":13,"turns":5},{"damage":38,"enemies":"Hexaghost","floor":16,"turns":9}],"relics_obtained":[{"floor":6,"key":"Letter Opener"},{"floor":8,"key":"Dodecahedron"},{"floor":9,"key":"Pen Nib"},{"floor":13,"key":"Anchor"}],"event_choices":[{"event_name":"Match and Keep!","player_choice":"2 cards matched","floor":5,"damage_taken":0},{"event_name":"Golden Idol","player_choice":"Take Damage","floor":14,"damage_taken":0}],"boss_relics":[],"items_purged_floors":[],"potions_floor_spawned":[1,3,4,7],"seed_played":"3708226147336995281","killed_by":"Hexaghost","ascension_level":12,"potions_obtained":[{"floor":1,"key":"Dexterity Potion"},{"floor":3,"key":"AttackPotion"},{"floor":4,"key":"Poison Potion"},{"floor":7,"key":"GamblersBrew"}],"is_trial":false}