{"path_per_floor":["M","M","?","M","M","R","E","?","T","M","M","R","?","E","R","B",null,"M","?","?","M","$","R"],"character_chosen":"IRONCLAD","items_purchased":["Shrug It Off"],"gold_per_floor":[112,127,77,90,45,45,70,70,96,114,124,124,299,329,329,432,432,448,448,363,377,277,277],"floor_reached":24,"campfire_rested":2,"playtime":6630,"current_hp_per_floor":[72,68,68,71,72,72,12,12,12,18,23,44,44,34,55,44,76,80,65,65,71,71,71],"items_purged":["Strike_R"],"gold":277,"score":204,"play_id":"55a597b0-b287-42bb-9a61-8f75fc930478","is_prod":false,"is_daily":false,"is_ascension_mode":false,"campfire_upgraded":2,"path_taken":["M","M","?","M","M","R","E","?","T","M","M","R","?","E","R","BOSS","M","?","?","M","$","R","E"],"build_version":"2018-02-15-PROD1","purchased_purges":1,"victory":false,"master_deck":["Strike_R","Strike_R","Strike_R","Strike_R","Defend_R","Defend_R+1","Defend_R","Defend_R","Juggernaut+1","Armaments","Shrug It Off","Warcry+1","Body Slam","Shrug It Off","Metallicize+1","Feed","Shockwave","Shrug It Off"],"max_hp_per_floor":[72,72,72,72,72,72,72,72,72,72,72,72,72,72,72,76,76,80,85,85,85,85,85],"relics":["Burning Blood","Omamori","Prayer Wheel","War Paint","Velvet Choker","Pantograph"],"card_choices":[{"not_picked":["Bludgeon","Dark Embrace"],"picked":"Juggernaut"},{"not_picked":["Uppercut","Pummel"],"picked":"Armaments"},{"not_picked":["Sever Soul","Perfected Strike"],"picked":"Shrug It Off"},{"not_picked":["Heavy Blade","Clothesline"],"picked":"Warcry"},{"not_picked":["Perfected Strike","Heavy Blade"],"picked":"Body Slam"},{"not_picked":["Armaments","Flex"],"picked":"Shrug It Off"},{"not_picked":["Wild Strike","Shrug It Off"],"picked":"Metallicize"},{"not_picked":["Offering","Flex"],"picked":"Feed"},{"not_picked":["Searing Blow","Body Slam"],"picked":"Shockwave"}],"player_experience":26228,"potions_floor_usage":[10,10,16],"damage_taken":[{"damage":2,"enemies":"Small Slimes","floor":1,"turns":5},{"damage":10,"enemies":"Jaw Worm","floor":2,"turns":6},{"damage":3,"enemies":"2 Louse","floor":4,"turns":5},{"damage":2,"enemies":"Looter","floor":5,"turns":5},{"damage":66,"enemies":"Gremlin Nob","floor":7,"turns":6},{"damage":0,"enemies":"Large Slime","floor":10,"turns":4},{"damage":1,"enemies":"2 Fungi Beasts","floor":11,"turns":4},{"damage":16,"enemies":"3 Sentries","floor":14,"turns":7},{"damage":21,"enemies":"The Guardian","floor":16,"turns":13},{"damage":2,"enemies":"Shell Parasite","floor":18,"turns":7},{"damage":0,"enemies":"Spheric Guardian","floor":21,"turns":5},{"damage":71,"enemies":"Gremlin Leader","floor":24,"turns":7}],"event_choices":[{"event_name":"The Cleric","player_choice":"Card Removal","floor":3,"damage_taken":0},{"event_name":"Shining Light","player_choice":"Ignored","floor":8,"damage_taken":0},{"event_name":"Liars Game","player_choice":"agreed","floor":13,"damage_taken":0},{"event_name":"Forgotten Altar","player_choice":"Shed Blood","floor":19,"damage_taken":0},{"event_name":"Addict","player_choice":"Obtained Relic","floor":20,"damage_taken":0}],"boss_relics":[{"not_picked":["Mark of Pain","Tiny House"],"picked":"Velvet Choker"}],"potions_floor_spawned":[1,2,7,11,18],"seed_played":"7914067759975901630","killed_by":"Gremlin Leader","ascension_level":0,"is_trial":false}