{"gold_per_floor":[114,114,114,114,124,155,155,212,235,268,287,305,320,79,79,150,150,168,168,15,15,15,43,43,57,57,57],"floor_reached":27,"playtime":1438,"items_purged":["Strike_R","Strike_R"],"score":507,"play_id":"92ef3c65-2d7d-4be2-b34b-bc43e565268f","local_time":"20190403210334","is_ascension_mode":true,"campfire_choices":[{"data":"Infernal Blade","floor":7.0,"key":"SMITH"},{"floor":15.0,"key":"DIG"},{"floor":24.0,"key":"DIG"}],"neow_cost":"NONE","seed_source_timestamp":24210189025375,"circlet_count":0,"master_deck":["AscendersBane","Strike_R+1","Strike_R","Defend_R","Defend_R","Defend_R","Defend_R","Bash","Sword Boomerang+1","Infernal Blade+1","Headbutt","Combust","Anger","Pommel Strike","Flame Barrier","Offering","J.A.X.","Immolate","Rupture+1"],"special_seed":0,"relics":["Burning Blood","NeowsBlessing","Kunai","Shovel","Tiny Chest","Whetstone","Vajra","Omamori","Mango","Cursed Key","Happy Flower","Pen Nib","Frozen Egg 2"],"potions_floor_usage":[27],"damage_taken":[{"damage":0.0,"enemies":"Jaw Worm","floor":1.0,"turns":1.0},{"damage":0.0,"enemies":"Small Slimes","floor":5.0,"turns":1.0},{"damage":0.0,"enemies":"Lagavulin","floor":6.0,"turns":1.0},{"damage":24.0,"enemies":"Gremlin Nob","floor":8.0,"turns":4.0},{"damage":14.0,"enemies":"3 Sentries","floor":10.0,"turns":6.0},{"damage":6.0,"enemies":"Cultist","floor":11.0,"turns":3.0},{"damage":8.0,"enemies":"Looter","floor":12.0,"turns":2.0},{"damage":9.0,"enemies":"3 Louse","floor":13.0,"turns":2.0},{"damage":37.0,"enemies":"Hexaghost","floor":16.0,"turns":6.0},{"damage":2.0,"enemies":"3 Byrds","floor":18.0,"turns":3.0},{"damage":36.0,"enemies":"Slavers","floor":23.0,"turns":4.0},{"damage":15.0,"enemies":"2 Thieves","floor":25.0,"turns":2.0},{"damage":31,"enemies":"Book of Stabbing","floor":27,"turns":4}],"seed_played":"-1810864293029375133","potions_obtained":[{"floor":1.0,"key":"SkillPotion"},{"floor":10.0,"key":"PowerPotion"},{"floor":11.0,"key":"Dexterity Potion"},{"floor":16.0,"key":"Regen Potion"},{"floor":25.0,"key":"Ancient Potion"}],"is_trial":false,"path_per_floor":["M","?","T","?","M","E","R","E","T","E","M","M","M","$","R","B",null,"M","?","$","?","?","E","R","M","T","E"],"character_chosen":"IRONCLAD","items_purchased":["Omamori","Block Potion"],"campfire_rested":0,"item_purchase_floors":[14,20],"current_hp_per_floor":[74,67,67,72,78,80,80,62,62,54,54,52,49,49,63,32,79,83,83,83,83,69,39,39,30,30,0],"gold":57,"neow_bonus":"THREE_ENEMY_KILL","is_prod":false,"is_daily":false,"chose_seed":false,"campfire_upgraded":1,"win_rate":0,"timestamp":1554343414,"path_taken":["M","?","?","?","M","E","R","E","T","E","?","M","M","?","R","BOSS","M","?","$","?","?","E","R","M","T","E"],"build_version":"2019-01-23","purchased_purges":2,"victory":false,"max_hp_per_floor":[75,75,75,80,80,80,80,80,80,80,80,80,80,80,94,94,94,94,94,94,94,94,94,94,94,94,94],"card_choices":[{"not_picked":["Disarm","Iron Wave"],"picked":"Sword Boomerang","floor":1.0},{"not_picked":["Sentinel","Power Through"],"picked":"Infernal Blade","floor":5.0},{"not_picked":["Body Slam","Sentinel"],"picked":"Headbutt","floor":6.0},{"not_picked":["Metallicize","Entrench"],"picked":"Combust","floor":8.0},{"not_picked":["Feel No Pain","Clothesline"],"picked":"Anger","floor":10.0},{"not_picked":["Thunderclap","Twin Strike"],"picked":"Pommel Strike","floor":11.0},{"not_picked":["Reckless Charge","Bloodletting"],"picked":"Flame Barrier","floor":12.0},{"not_picked":["Thunderclap","Metallicize","Uppercut"],"picked":"SKIP","floor":13.0},{"not_picked":["Barricade","Juggernaut"],"picked":"Offering","floor":16.0},{"not_picked":["Clash","Metallicize","Iron Wave+1"],"picked":"SKIP","floor":18.0},{"not_picked":["Anger","Clash"],"picked":"Immolate","floor":23.0},{"not_picked":["Shrug It Off","Blood for Blood"],"picked":"Rupture+1","floor":25.0}],"player_experience":688109,"relics_obtained":[{"floor":3.0,"key":"Kunai"},{"floor":6.0,"key":"Shovel"},{"floor":8.0,"key":"Tiny Chest"},{"floor":9.0,"key":"Whetstone"},{"floor":10.0,"key":"Vajra"},{"floor":15.0,"key":"Mango"},{"floor":23.0,"key":"Happy Flower"},{"floor":24.0,"key":"Pen Nib"},{"floor":26.0,"key":"Frozen Egg 2"}],"event_choices":[{"cards_removed":["Strike_R"],"damage_healed":0.0,"max_hp_gain":0.0,"max_hp_loss":0.0,"gold_gain":0.0,"event_name":"Golden Wing","player_choice":"Card Removal","floor":2.0,"gold_loss":0.0,"damage_taken":7.0},{"damage_healed":0.0,"max_hp_gain":5.0,"max_hp_loss":0.0,"gold_gain":0.0,"event_name":"Big Fish","player_choice":"Donut","floor":4.0,"gold_loss":0.0,"damage_taken":0.0},{"damage_healed":0.0,"max_hp_gain":0.0,"max_hp_loss":0.0,"gold_gain":0.0,"event_name":"Vampires","player_choice":"Ignored","floor":19.0,"gold_loss":0.0,"damage_taken":0.0},{"damage_healed":0.0,"max_hp_gain":0.0,"max_hp_loss":0.0,"gold_gain":0.0,"event_name":"Drug Dealer","player_choice":"Obtain J.A.X.","floor":21.0,"gold_loss":0.0,"damage_taken":0.0,"cards_obtained":["J.A.X."]},{"damage_healed":0.0,"max_hp_gain":0.0,"max_hp_loss":0.0,"gold_gain":0.0,"event_name":"Wheel of Change","player_choice":"Damaged","floor":22.0,"gold_loss":0.0,"damage_taken":14.0}],"is_beta":false,"boss_relics":[{"not_picked":["Black Blood","Orrery"],"picked":"Cursed Key"}],"items_purged_floors":[14,20],"is_endless":false,"potions_floor_spawned":[1,10,11,13,16,25],"killed_by":"Book of Stabbing","ascension_level":17}