{"gold_per_floor":[114,134,134,50,70,70,86,86,141,174,192,218,43,63,63,163,163,174,184,199,76,91,117,117,117,117,117,132,146,16,27,27,132,132,142,242,253,203,214,239,239,249,249,249,199,227,239,251,263,275],"floor_reached":51,"playtime":12724,"items_purged":["Scrape","Streamline","Steam","Reinforced Body"],"score":789,"play_id":"dc7e6a3b-3f5b-4bf4-ac12-132c5a867f30","local_time":"20190406093830","is_ascension_mode":false,"campfire_choices":[{"data":"Zap","floor":6.0,"key":"SMITH"},{"data":"Barrage","floor":8.0,"key":"SMITH"},{"data":"Fission","floor":15.0,"key":"SMITH"},{"data":"Creative AI","floor":27.0,"key":"SMITH"},{"data":"Defragment","floor":32.0,"key":"SMITH"},{"data":"Darkness","floor":41.0,"key":"SMITH"},{"data":"White Noise","floor":44.0,"key":"SMITH"},{"data":"Go for the Eyes","floor":47.0,"key":"SMITH"},{"data":"Hologram","floor":49,"key":"SMITH"}],"neow_cost":"NONE","seed_source_timestamp":0,"circlet_count":0,"master_deck":["Zap+1","Dualcast","Self Repair","Barrage+1","Double Energy","Cold Snap","Cold Snap","Leap","Turbo","Capacitor","Capacitor","Fission+1","Lockon","Amplify","Go for the Eyes+1","Creative AI+1","Barrage","Steam","Glacier+1","Darkness+1","Chaos","White Noise+1","Undo","Biased Cognition","Defragment+1","Coolheaded","Chill+1","Seek","Hologram+1","Hologram+1","Ball Lightning+1","Reinforced Body+1","Rainbow","Discovery"],"special_seed":0,"relics":["Cracked Core","Tiny Chest","Smiling Mask","Unceasing Top","Pandora\u0027s Box","Letter Opener","Art of War","Turnip","Velvet Choker","Calipers","Nunchaku","Question Card","MawBank"],"potions_floor_usage":[50,50],"damage_taken":[{"damage":0.0,"enemies":"2 Louse","floor":1.0,"turns":2.0},{"damage":1.0,"enemies":"Cultist","floor":2.0,"turns":3.0},{"damage":0.0,"enemies":"Small Slimes","floor":5.0,"turns":3.0},{"damage":11.0,"enemies":"Exordium Wildlife","floor":7.0,"turns":4.0},{"damage":7.0,"enemies":"3 Sentries","floor":10.0,"turns":7.0},{"damage":0.0,"enemies":"Large Slime","floor":11.0,"turns":4.0},{"damage":0.0,"enemies":"Lagavulin","floor":12.0,"turns":4.0},{"damage":0.0,"enemies":"Blue Slaver","floor":14.0,"turns":5.0},{"damage":40.0,"enemies":"Hexaghost","floor":16.0,"turns":11.0},{"damage":14.0,"enemies":"Chosen","floor":18.0,"turns":6.0},{"damage":3.0,"enemies":"Shell Parasite","floor":19.0,"turns":6.0},{"damage":7.0,"enemies":"Snake Plant","floor":20.0,"turns":5.0},{"damage":10.0,"enemies":"Shelled Parasite and Fungi","floor":22.0,"turns":8.0},{"damage":23.0,"enemies":"Slavers","floor":23.0,"turns":5.0},{"damage":0.0,"enemies":"3 Cultists","floor":28.0,"turns":5.0},{"damage":16.0,"enemies":"Snake Plant","floor":29.0,"turns":5.0},{"damage":19.0,"enemies":"Snecko","floor":31.0,"turns":10.0},{"damage":12.0,"enemies":"Collector","floor":33.0,"turns":10.0},{"damage":1.0,"enemies":"3 Darklings","floor":35.0,"turns":6.0},{"damage":2.0,"enemies":"Mind Bloom Boss Battle","floor":36.0,"turns":9.0},{"damage":0.0,"enemies":"Orb Walker","floor":37.0,"turns":5.0},{"damage":13.0,"enemies":"Maw","floor":39.0,"turns":7.0},{"damage":0.0,"enemies":"Giant Head","floor":40.0,"turns":10.0},{"damage":7.0,"enemies":"Writhing Mass","floor":42.0,"turns":8.0},{"damage":0.0,"enemies":"Reptomancer","floor":46.0,"turns":7.0},{"damage":44,"enemies":"Awakened One","floor":50,"turns":13}],"seed_played":"1298688625448523540","potions_obtained":[{"floor":2.0,"key":"AttackPotion"},{"floor":7.0,"key":"FearPotion"},{"floor":10.0,"key":"SteroidPotion"},{"floor":14.0,"key":"PowerPotion"},{"floor":18.0,"key":"PowerPotion"},{"floor":19.0,"key":"Fire Potion"},{"floor":23.0,"key":"Fire Potion"},{"floor":33.0,"key":"Explosive Potion"},{"floor":35.0,"key":"EssenceOfSteel"},{"floor":39.0,"key":"Block Potion"},{"floor":42.0,"key":"Strength Potion"},{"floor":46.0,"key":"FocusPotion"}],"is_trial":false,"path_per_floor":["M","M","?","$","M","R","M","R","T","E","M","E","$","M","R","B",null,"M","M","M","$","M","E","?","T","T","R","M","M","$","M","R","B",null,"M","?","M","$","M","E","R","M","T","R","$","E","R","?","R","B",null],"character_chosen":"DEFECT","items_purchased":["Barrage","Double Energy","Capacitor","Fission","White Noise","Defragment","Coolheaded"],"campfire_rested":0,"item_purchase_floors":[4,4,13,13,21,30,30],"current_hp_per_floor":[75,75,75,75,75,75,71,71,71,71,75,75,75,75,75,42,75,75,75,75,75,72,63,63,63,63,63,70,61,61,49,49,44,75,75,75,75,75,75,75,75,75,75,75,75,75,75,70,70,33],"gold":287,"neow_bonus":"REMOVE_CARD","is_prod":false,"is_daily":false,"chose_seed":false,"campfire_upgraded":9,"win_rate":0,"timestamp":1554536310,"path_taken":["M","M","?","$","?","R","M","R","T","E","M","E","$","?","R","BOSS","M","M","M","$","M","E","?","?","T","R","M","M","$","M","R","BOSS","M","?","M","$","M","E","R","M","T","R","$","E","R","?","R","BOSS"],"build_version":"2019-01-23","purchased_purges":4,"victory":true,"max_hp_per_floor":[75,75,75,75,75,75,75,75,75,75,75,75,75,75,75,75,75,75,75,75,75,75,75,75,75,75,75,75,75,75,75,75,75,75,75,75,75,75,75,75,75,75,75,75,75,75,75,75,75,75],"card_choices":[{"not_picked":["Gash","Recycle"],"picked":"Self Repair","floor":1.0},{"not_picked":["Go for the Eyes","Compile Driver"],"picked":"Reinforced Body","floor":2.0},{"not_picked":["Hello World","Storm"],"picked":"Cold Snap","floor":5.0},{"not_picked":["Reinforced Body","Go for the Eyes"],"picked":"Cold Snap","floor":7.0},{"not_picked":["Force Field","Steam"],"picked":"Leap","floor":10.0},{"not_picked":["Recycle","Steam"],"picked":"Turbo","floor":11.0},{"not_picked":["Consume","Chill"],"picked":"Capacitor","floor":12.0},{"not_picked":["Reinforced Body","Scrape"],"picked":"Lockon","floor":14.0},{"not_picked":["Machine Learning","Fission"],"picked":"Amplify","floor":16.0},{"not_picked":["Reprogram","Go for the Eyes+1"],"picked":"Glacier+1","floor":18.0},{"not_picked":["Gash","Hologram"],"picked":"Darkness","floor":19.0},{"not_picked":["Streamline","Buffer"],"picked":"Chaos","floor":20.0},{"not_picked":["Leap","Lockon","Sweeping Beam"],"picked":"SKIP","floor":22.0},{"not_picked":["Sweeping Beam","Force Field"],"picked":"Undo","floor":23.0},{"not_picked":["Cold Snap","Rebound","Beam Cell"],"picked":"SKIP","floor":28.0},{"not_picked":["Scrape","Turbo"],"picked":"Steam","floor":29.0},{"not_picked":["Recycle","Steam"],"picked":"Chill+1","floor":31.0},{"not_picked":["Amplify","Hyperbeam"],"picked":"Seek","floor":33.0},{"not_picked":["Barrage","Turbo+1"],"picked":"Hologram","floor":35.0},{"not_picked":["Hello World+1","All For One"],"picked":"Hologram+1","floor":37.0},{"not_picked":["Sunder+1","Tempest","Heatsinks+1"],"picked":"SKIP","floor":39.0},{"not_picked":["Rebound","Streamline+1"],"picked":"Ball Lightning+1","floor":40.0},{"not_picked":["Blizzard","Steam"],"picked":"Reinforced Body+1","floor":42.0},{"not_picked":["Conserve Battery+1","White Noise+1","Double Energy"],"picked":"Rainbow","floor":46.0},{"not_picked":["Impatience","Good Instincts","Purity"],"picked":"Discovery","floor":48}],"player_experience":566891,"relics_obtained":[{"floor":9.0,"key":"Tiny Chest"},{"floor":10.0,"key":"Smiling Mask"},{"floor":12.0,"key":"Unceasing Top"},{"floor":23.0,"key":"Letter Opener"},{"floor":25.0,"key":"Art of War"},{"floor":26.0,"key":"Turnip"},{"floor":36.0,"key":"Calipers"},{"floor":40.0,"key":"Nunchaku"},{"floor":43.0,"key":"Question Card"},{"floor":46.0,"key":"MawBank"}],"event_choices":[{"cards_removed":["Defend_B"],"damage_healed":0.0,"max_hp_gain":0.0,"max_hp_loss":0.0,"gold_gain":0.0,"event_name":"Bonfire Elementals","player_choice":"Offered Basic","floor":3.0,"gold_loss":0.0,"damage_taken":0.0},{"damage_healed":0.0,"max_hp_gain":0.0,"max_hp_loss":0.0,"gold_gain":0.0,"event_name":"The Library","player_choice":"Read","floor":24.0,"gold_loss":0.0,"damage_taken":0.0,"cards_obtained":["Biased Cognition"]},{"damage_healed":0.0,"max_hp_gain":0.0,"max_hp_loss":0.0,"gold_gain":0.0,"event_name":"MindBloom","player_choice":"Fight","floor":36.0,"gold_loss":0.0,"damage_taken":0.0},{"damage_healed":0,"gold_gain":0,"player_choice":"Memory 2","damage_taken":5,"max_hp_gain":0,"max_hp_loss":0,"event_name":"SensoryStone","floor":48,"gold_loss":0}],"is_beta":false,"boss_relics":[{"not_picked":["Cursed Key","Philosopher\u0027s Stone"],"picked":"Pandora\u0027s Box"},{"not_picked":["Black Star","Astrolabe"],"picked":"Velvet Choker"}],"items_purged_floors":[21,30,38,45],"is_endless":false,"potions_floor_spawned":[2,7,10,14,18,19,22,23,33,35,39,42,46],"ascension_level":0}