{"gold_per_floor":[114,129,129,129,177,177,193,193,219,244,269,4,22,97,97,196,196,214,239,514,528,528],"floor_reached":22,"playtime":1920,"items_purged":["Strike_G"],"score":329,"play_id":"3cfd4378-8603-4fa4-b4f0-eef5a742464a","local_time":"20190427191620","is_ascension_mode":true,"campfire_choices":[{"data":"Neutralize","floor":6.0,"key":"SMITH"},{"data":"Dagger Throw","floor":8.0,"key":"SMITH"},{"data":"Footwork","floor":15,"key":"SMITH"}],"neow_cost":"TEN_PERCENT_HP_LOSS","seed_source_timestamp":5351380008405,"circlet_count":0,"master_deck":["AscendersBane","Defend_G","Defend_G","Defend_G","Defend_G","Defend_G","Strike_G","Strike_G","Survivor","Neutralize+1","PiercingWail","Setup+1","Underhanded Strike","Calculated Gamble","Dagger Throw+1","Escape Plan","Escape Plan","Masterful Stab","Noxious Fumes","Footwork+1","Tools of the Trade","Dagger Throw+1","Distraction","Regret","All Out Attack"],"special_seed":0,"relics":["Ring of the Snake","Golden Idol","Smiling Mask","Boot","Sozu"],"potions_floor_usage":[11,16,22],"damage_taken":[{"damage":0.0,"enemies":"2 Louse","floor":1.0,"turns":4.0},{"damage":5.0,"enemies":"Small Slimes","floor":2.0,"turns":5.0},{"damage":2.0,"enemies":"Jaw Worm","floor":7.0,"turns":6.0},{"damage":15.0,"enemies":"Exordium Thugs","floor":10.0,"turns":6.0},{"damage":1,"enemies":"Exordium Wildlife","floor":11,"turns":5},{"damage":0,"enemies":"Looter","floor":13,"turns":3},{"damage":11,"enemies":"Hexaghost","floor":16,"turns":11},{"damage":0,"enemies":"Spheric Guardian","floor":18,"turns":5},{"damage":0,"enemies":"Chosen","floor":19,"turns":5},{"damage":14,"enemies":"Centurion and Healer","floor":21,"turns":9},{"damage":30,"enemies":"Chosen and Byrds","floor":22,"turns":5}],"seed_played":"8607087484506301677","potions_obtained":[{"floor":2.0,"key":"LiquidBronze"},{"floor":10.0,"key":"SteroidPotion"}],"is_trial":false,"path_per_floor":["M","M","?","?","T","R","M","R","T","M","M","$","M","?","R","B",null,"M","M","?","M","M"],"character_chosen":"THE_SILENT","items_purchased":["Masterful Stab","Noxious Fumes","Energy Potion"],"campfire_rested":0,"item_purchase_floors":[12,12,12],"current_hp_per_floor":[59,54,54,54,54,54,52,52,52,37,36,36,36,25,25,14,44,44,44,44,30,0],"gold":528,"neow_bonus":"TRANSFORM_TWO_CARDS","is_prod":false,"is_daily":false,"chose_seed":false,"campfire_upgraded":3,"win_rate":0,"timestamp":1556410580,"path_taken":["M","M","?","?","?","R","M","R","T","M","?","$","M","?","R","BOSS","M","M","?","M","?"],"build_version":"2019-01-23","purchased_purges":1,"victory":false,"max_hp_per_floor":[60,60,54,54,54,54,54,54,54,54,54,54,54,54,54,54,54,54,54,54,54,54],"card_choices":[{"not_picked":["Prepared","Bane"],"picked":"Underhanded Strike","floor":1.0},{"not_picked":["Blade Dance","Flechettes"],"picked":"Calculated Gamble","floor":2.0},{"not_picked":["PiercingWail","Eviscerate"],"picked":"Dagger Throw","floor":7.0},{"not_picked":["Dagger Spray","Sucker Punch"],"picked":"Escape Plan","floor":10.0},{"not_picked":["Deflect","Bouncing Flask"],"picked":"Escape Plan","floor":11},{"not_picked":["Bullet Time","PiercingWail"],"picked":"Footwork","floor":13},{"not_picked":["Malaise","After Image"],"picked":"Tools of the Trade","floor":16},{"not_picked":["Poisoned Stab","Blade Dance"],"picked":"Dagger Throw+1","floor":18},{"not_picked":["Accuracy","Sucker Punch"],"picked":"Distraction","floor":19},{"not_picked":["Quick Slash+1","Slice"],"picked":"All Out Attack","floor":21}],"player_experience":831937,"relics_obtained":[{"floor":5.0,"key":"Smiling Mask"},{"floor":9.0,"key":"Boot"}],"event_choices":[{"damage_healed":0.0,"max_hp_gain":0.0,"max_hp_loss":6.0,"gold_gain":0.0,"event_name":"Golden Idol","player_choice":"Lose Max HP","floor":3.0,"gold_loss":0.0,"damage_taken":0.0,"relics_obtained":["Golden Idol"]},{"damage_healed":0.0,"max_hp_gain":0.0,"max_hp_loss":0.0,"gold_gain":0.0,"event_name":"Living Wall","player_choice":"Grow","floor":4.0,"gold_loss":0.0,"damage_taken":0.0,"cards_upgraded":["Setup"]},{"damage_healed":0,"gold_gain":75,"player_choice":"Gather Gold","damage_taken":11,"max_hp_gain":0,"max_hp_loss":0,"event_name":"World of Goop","floor":14,"gold_loss":0},{"damage_healed":0,"gold_gain":275,"player_choice":"Desecrate","damage_taken":0,"max_hp_gain":0,"max_hp_loss":0,"event_name":"Golden Shrine","floor":20,"gold_loss":0,"cards_obtained":["Regret"]}],"is_beta":false,"boss_relics":[{"not_picked":["White Beast Statue","Fusion Hammer"],"picked":"Sozu"}],"items_purged_floors":[12],"is_endless":false,"potions_floor_spawned":[2,10,19],"killed_by":"Chosen and Byrds","ascension_level":17}