{"gold_per_floor":[113,128,128,141,151,176,176,202,276,131,148,148,20,32,32,129,129,129,129,69,69,69,69,69,69,69,69,69,69,69,47,47,47,47,47,47,47,47,47,47,47,47,47,47,25,0,0,0,0,0],"floor_reached":51,"playtime":2726,"items_purged":["Pain"],"score":1011,"play_id":"3254444c-1a61-4e2d-a6d3-256e813505f0","local_time":"20190123101740","is_ascension_mode":true,"campfire_choices":[{"data":"Darkness","floor":7.0,"key":"SMITH"},{"data":"Zap","floor":12.0,"key":"SMITH"},{"data":"Hologram","floor":15.0,"key":"SMITH"},{"data":"Defragment","floor":23.0,"key":"SMITH"},{"data":"Dualcast","floor":25.0,"key":"SMITH"},{"data":"Go for the Eyes","floor":27.0,"key":"SMITH"},{"data":"Conserve Battery","floor":30,"key":"SMITH"},{"data":"Steam","floor":32,"key":"SMITH"},{"floor":42,"key":"REST"},{"data":"Doom and Gloom","floor":44,"key":"SMITH"},{"data":"Cold Snap","floor":47,"key":"SMITH"},{"floor":49,"key":"REST"}],"neow_cost":"NONE","seed_source_timestamp":213169643950076,"circlet_count":0,"master_deck":["Strike_B+1","Strike_B+1","Strike_B+1","Strike_B+1","Defend_B+1","Defend_B+1","Defend_B+1","Defend_B+1","Zap+1","Dualcast+1","Doom and Gloom+1","Conserve Battery+1","Darkness+1","Ball Lightning","Defragment+1","Steam+1","Buffer+1","Hologram+1","Defragment+1","Go for the Eyes+1","Cold Snap","Buffer+1","Defragment+1","Loop+1","Loop+1","Steam Power+1","Stack+1","Machine Learning+1","Cold Snap+1","Bandage Up+1","Force Field+1","Hologram+1","Coolheaded+1","Darkness+1","Turbo+1"],"special_seed":0,"relics":["Cracked Core","NeowsBlessing","WarpedTongs","Meat on the Bone","Ice Cream","Frozen Egg 2","Ectoplasm","Cables","Toxic Egg 2","Ancient Tea Set","MutagenicStrength","Nuclear Battery","Pocketwatch","Gambling Chip","Question Card","Potion Belt","Red Mask","Bronze Scales"],"potions_floor_usage":[50],"damage_taken":[{"damage":0.0,"enemies":"Cultist","floor":1.0,"turns":1.0},{"damage":0.0,"enemies":"2 Louse","floor":2.0,"turns":1.0},{"damage":1.0,"enemies":"Small Slimes","floor":4.0,"turns":1.0},{"damage":12.0,"enemies":"Exordium Wildlife","floor":5.0,"turns":3.0},{"damage":28.0,"enemies":"Lagavulin","floor":6.0,"turns":6.0},{"damage":17.0,"enemies":"Gremlin Nob","floor":8.0,"turns":3.0},{"damage":0.0,"enemies":"Looter","floor":11.0,"turns":3.0},{"damage":8.0,"enemies":"Blue Slaver","floor":14.0,"turns":3.0},{"damage":0.0,"enemies":"Slime Boss","floor":16.0,"turns":8.0},{"damage":14.0,"enemies":"3 Byrds","floor":18.0,"turns":5.0},{"damage":8.0,"enemies":"2 Thieves","floor":20.0,"turns":4.0},{"damage":8.0,"enemies":"Shelled Parasite and Fungi","floor":21.0,"turns":6.0},{"damage":0.0,"enemies":"Cultist and Chosen","floor":24.0,"turns":5.0},{"damage":0,"enemies":"Gremlin Leader","floor":28,"turns":6},{"damage":0,"enemies":"Champ","floor":33,"turns":6},{"damage":6,"enemies":"Orb Walker","floor":35,"turns":3},{"damage":24,"enemies":"2 Orb Walkers","floor":37,"turns":4},{"damage":8,"enemies":"Mind Bloom Boss Battle","floor":38,"turns":7},{"damage":9,"enemies":"3 Darklings","floor":39,"turns":5},{"damage":25,"enemies":"Reptomancer","floor":40,"turns":6},{"damage":0,"enemies":"Transient","floor":41,"turns":5},{"damage":42,"enemies":"Awakened One","floor":50,"turns":8}],"seed_played":"7001289972796816193","potions_obtained":[{"floor":1.0,"key":"Weak Potion"},{"floor":2.0,"key":"Dexterity Potion"},{"floor":5.0,"key":"Fire Potion"}],"is_trial":false,"path_per_floor":["M","M","?","M","M","E","R","E","T","$","M","R","$","M","R","B",null,"M","?","M","M","T","R","M","R","T","R","E","?","R","$","R","B",null,"M","?","?","?","M","E","M","R","T","R","$","?","R","T","R","B",null],"character_chosen":"DEFECT","items_purchased":["Buffer+1","Defragment+1","Go for the Eyes","Stack+1","Turbo+1"],"campfire_rested":2,"item_purchase_floors":[10,13,13,31,45],"current_hp_per_floor":[75,75,75,74,62,34,34,29,29,29,41,41,41,45,45,45,75,61,61,53,45,45,45,45,45,45,45,45,45,45,45,45,45,75,69,69,45,43,40,33,39,61,61,61,61,61,61,61,75,39],"gold":0,"neow_bonus":"THREE_ENEMY_KILL","is_prod":false,"is_daily":false,"chose_seed":false,"campfire_upgraded":10,"win_rate":0,"timestamp":1548235060,"path_taken":["M","?","?","?","?","E","R","E","T","?","M","R","$","M","R","BOSS","M","?","M","M","?","R","M","R","T","R","E","?","R","$","R","BOSS","M","?","?","?","M","E","M","R","T","R","$","?","R","?","R","BOSS"],"build_version":"2018-12-20","purchased_purges":1,"victory":true,"max_hp_per_floor":[75,75,75,75,75,75,75,75,75,75,75,75,75,75,75,75,75,75,75,75,75,75,75,75,75,75,75,75,75,75,75,75,75,75,75,75,75,75,75,75,75,75,75,75,75,75,75,75,75,75],"card_choices":[{"not_picked":["Stack","Chaos"],"picked":"Doom and Gloom","floor":1.0},{"not_picked":["Blizzard","Rebound"],"picked":"Conserve Battery","floor":2.0},{"not_picked":["Sweeping Beam","Coolheaded"],"picked":"Darkness","floor":4.0},{"not_picked":["Compile Driver","Sunder"],"picked":"Ball Lightning","floor":5.0},{"not_picked":["Beam Cell","Reinforced Body"],"picked":"Defragment","floor":6.0},{"not_picked":["Sweeping Beam","Doom and Gloom"],"picked":"Steam","floor":8.0},{"not_picked":["Reboot","Undo"],"picked":"Hologram","floor":11.0},{"not_picked":["Ball Lightning","Leap"],"picked":"Cold Snap","floor":14.0},{"not_picked":["Core Surge","Fission"],"picked":"Buffer+1","floor":16.0},{"not_picked":["Recycle","Gash"],"picked":"Defragment+1","floor":18.0},{"not_picked":["Streamline","Beam Cell","Fusion"],"picked":"SKIP","floor":20.0},{"not_picked":["Hello World+1","Ball Lightning"],"picked":"Loop+1","floor":21.0},{"not_picked":["Streamline","Barrage"],"picked":"Loop+1","floor":24.0},{"not_picked":["Gash","Beam Cell"],"picked":"Steam Power+1","floor":28},{"not_picked":["Core Surge","All For One"],"picked":"Machine Learning+1","floor":33},{"not_picked":["Ball Lightning","Blizzard+1"],"picked":"Cold Snap","floor":35},{"not_picked":["Purity+1","Panache+1"],"picked":"Bandage Up+1","floor":36},{"not_picked":["Rebound+1","Double Energy+1"],"picked":"Force Field+1","floor":38},{"not_picked":["Cold Snap+1","Blizzard"],"picked":"Hologram+1","floor":39},{"not_picked":["Streamline+1","Blizzard"],"picked":"Coolheaded+1","floor":40},{"not_picked":["Redo+1","Beam Cell","Gash"],"picked":"Darkness+1","floor":41}],"player_experience":111843,"relics_obtained":[{"floor":6.0,"key":"Meat on the Bone"},{"floor":8.0,"key":"Ice Cream"},{"floor":9.0,"key":"Frozen Egg 2"},{"floor":22.0,"key":"Cables"},{"floor":26.0,"key":"Toxic Egg 2"},{"floor":28,"key":"Ancient Tea Set"},{"floor":37,"key":"Pocketwatch"},{"floor":38,"key":"Gambling Chip"},{"floor":40,"key":"Question Card"},{"floor":43,"key":"Potion Belt"},{"floor":48,"key":"Bronze Scales"}],"event_choices":[{"damage_healed":0.0,"max_hp_gain":0.0,"max_hp_loss":0.0,"gold_gain":0.0,"event_name":"Accursed Blacksmith","player_choice":"Rummage","floor":3.0,"gold_loss":0.0,"damage_taken":0.0,"relics_obtained":["WarpedTongs"],"cards_obtained":["Pain"]},{"damage_healed":0.0,"max_hp_gain":0.0,"max_hp_loss":0.0,"gold_gain":0.0,"event_name":"Back to Basics","player_choice":"Simplicity","floor":19.0,"gold_loss":0.0,"damage_taken":0.0,"cards_upgraded":["Strike_B","Strike_B","Strike_B","Strike_B","Defend_B","Defend_B","Defend_B","Defend_B"]},{"damage_healed":0,"gold_gain":0,"player_choice":"Inject Mutagens","damage_taken":0,"relics_obtained":["MutagenicStrength"],"max_hp_gain":0,"max_hp_loss":0,"event_name":"Drug Dealer","floor":29,"gold_loss":0},{"damage_healed":0,"gold_gain":0,"player_choice":"Memory 1","damage_taken":0,"max_hp_gain":0,"max_hp_loss":0,"event_name":"SensoryStone","floor":36,"gold_loss":0},{"damage_healed":0,"gold_gain":0,"player_choice":"Fight","damage_taken":0,"max_hp_gain":0,"max_hp_loss":0,"event_name":"Mysterious Sphere","floor":37,"gold_loss":0},{"damage_healed":0,"gold_gain":0,"player_choice":"Fight","damage_taken":0,"max_hp_gain":0,"max_hp_loss":0,"event_name":"MindBloom","floor":38,"gold_loss":0},{"damage_healed":0,"gold_gain":0,"player_choice":"Paid","damage_taken":0,"relics_obtained":["Red Mask"],"max_hp_gain":0,"max_hp_loss":0,"event_name":"Tomb of Lord Red Mask","floor":46,"gold_loss":25}],"is_beta":false,"boss_relics":[{"not_picked":["Empty Cage","FrozenCore"],"picked":"Ectoplasm"},{"not_picked":["Coffee Dripper","Velvet Choker"],"picked":"Nuclear Battery"}],"items_purged_floors":[10],"is_endless":false,"potions_floor_spawned":[1,2,5,14,18,24,33,37,39],"ascension_level":4}