{"gold_per_floor":[114,130,149,149,169,169,202,214,239,239,239,268,268,283,283,360,360,380,390,390,410,211,246,246,275,275,275,287,320,337,354,354,431,431,444,455,103,103,114,114,114,161,161,90,107,107,107,185,185,185],"floor_reached":51,"playtime":2498,"items_purged":["Defend_R","Decay"],"score":1200,"play_id":"d255f12b-3ff4-4b46-8dd0-c827da7d9850","local_time":"20180916022555","is_ascension_mode":true,"campfire_choices":[{"data":"Bludgeon","floor":6.0,"key":"SMITH"},{"data":"True Grit","floor":10.0,"key":"SMITH"},{"data":"Shrug It Off","floor":13.0,"key":"SMITH"},{"data":"Defend_R","floor":15.0,"key":"SMITH"},{"floor":24.0,"key":"REST"},{"floor":27.0,"key":"REST"},{"data":"Havoc","floor":32.0,"key":"SMITH"},{"data":"Shockwave","floor":40.0,"key":"SMITH"},{"data":"Juggernaut","floor":41.0,"key":"SMITH"},{"data":"Metallicize","floor":46.0,"key":"SMITH"},{"data":"Inflame","floor":47.0,"key":"SMITH"},{"data":"Uppercut","floor":49.0,"key":"SMITH"}],"neow_cost":"NONE","seed_source_timestamp":0,"circlet_count":0,"master_deck":["Strike_R","Strike_R","Strike_R","Strike_R","Strike_R","Defend_R","Defend_R+1","Bash+1","AscendersBane","Shrug It Off+1","Bludgeon+1","True Grit+1","Reaper","True Grit","Anger+1","Shockwave+1","Shrug It Off","Whirlwind+1","Inflame+1","Blood for Blood+1","Dropkick+1","Havoc+1","Offering","Clothesline+1","Spot Weakness","Juggernaut+1","Bash","Doubt","Metallicize+1","Uppercut+1","Parasite"],"special_seed":0,"relics":["Burning Blood","WingedGreaves","Bag of Preparation","Paper Frog","Odd Mushroom","Cursed Key","Regal Pillow","Happy Flower","Prayer Wheel","Champion Belt","Busted Crown","Bottled Lightning","Ice Cream","Mercury Hourglass","Toxic Egg 2"],"potions_floor_usage":[50],"damage_taken":[{"damage":0.0,"enemies":"Small Slimes","floor":1.0,"turns":3.0},{"damage":1.0,"enemies":"Cultist","floor":2.0,"turns":3.0},{"damage":4.0,"enemies":"2 Louse","floor":3.0,"turns":3.0},{"damage":9.0,"enemies":"Looter","floor":5.0,"turns":4.0},{"damage":18.0,"enemies":"Gremlin Nob","floor":7.0,"turns":3.0},{"damage":8.0,"enemies":"Blue Slaver","floor":8.0,"turns":2.0},{"damage":20.0,"enemies":"The Mushroom Lair","floor":12.0,"turns":6.0},{"damage":17.0,"enemies":"3 Louse","floor":14.0,"turns":5.0},{"damage":42.0,"enemies":"Hexaghost","floor":16.0,"turns":10.0},{"damage":13.0,"enemies":"Shell Parasite","floor":18.0,"turns":5.0},{"damage":16.0,"enemies":"2 Thieves","floor":19.0,"turns":4.0},{"damage":47.0,"enemies":"3 Cultists","floor":21.0,"turns":8.0},{"damage":33.0,"enemies":"Slavers","floor":23.0,"turns":8.0},{"damage":37.0,"enemies":"Book of Stabbing","floor":25.0,"turns":7.0},{"damage":12.0,"enemies":"Centurion and Healer","floor":28.0,"turns":6.0},{"damage":20.0,"enemies":"Gremlin Leader","floor":29.0,"turns":7.0},{"damage":5.0,"enemies":"Snake Plant","floor":30.0,"turns":2.0},{"damage":18.0,"enemies":"Snecko","floor":31.0,"turns":4.0},{"damage":32.0,"enemies":"Champ","floor":33.0,"turns":9.0},{"damage":6.0,"enemies":"3 Darklings","floor":35.0,"turns":3.0},{"damage":17.0,"enemies":"Orb Walker","floor":36.0,"turns":3.0},{"damage":6.0,"enemies":"4 Shapes","floor":39.0,"turns":1.0},{"damage":10.0,"enemies":"Mysterious Sphere","floor":42.0,"turns":4.0},{"damage":19.0,"enemies":"3 Darklings","floor":45.0,"turns":3.0},{"damage":92,"enemies":"Donu and Deca","floor":50,"turns":8}],"seed_played":"-2367158943747949805","potions_obtained":[{"floor":2.0,"key":"FairyPotion"},{"floor":5.0,"key":"SkillPotion"},{"floor":12.0,"key":"SmokeBomb"},{"floor":14.0,"key":"Regen Potion"},{"floor":21.0,"key":"SteroidPotion"},{"floor":23.0,"key":"Block Potion"},{"floor":29.0,"key":"Regen Potion"},{"floor":35.0,"key":"Fire Potion"}],"is_trial":false,"path_per_floor":["M","M","M","?","M","R","E","M","T","R","T","?","R","M","R","B",null,"M","M","?","M","$","E","R","E","T","R","M","E","M","M","R","B",null,"M","M","$","?","M","R","R","?","T","$","M","R","R","T","R","B"],"character_chosen":"IRONCLAD","items_purchased":["Shockwave","Shrug It Off","Bottled Lightning","Metallicize"],"campfire_rested":2,"item_purchase_floors":[22,22,37,44],"current_hp_per_floor":[81,82,82,82,79,79,67,65,65,65,65,51,51,40,40,19,66,59,57,57,24,24,24,63,39,39,78,76,81,82,70,70,69,79,82,77,77,77,77,77,77,82,82,82,69,69,69,69,69,14],"gold":185,"neow_bonus":"TEN_PERCENT_HP_BONUS","is_prod":false,"is_daily":false,"chose_seed":false,"campfire_upgraded":10,"win_rate":0,"timestamp":1537089955,"path_taken":["M","M","M","?","?","R","E","M","T","R","?","?","R","M","R","BOSS","M","M","?","M","$","E","R","E","T","R","?","E","M","M","R","BOSS","M","M","$","?","M","R","R","?","T","$","M","R","R","?","R","BOSS"],"build_version":"2018-09-06","purchased_purges":2,"victory":true,"max_hp_per_floor":[82,82,82,82,82,82,82,82,82,82,82,82,82,82,82,82,82,82,82,82,82,82,82,82,82,82,82,82,82,82,82,82,82,82,82,82,82,82,82,82,82,82,82,82,82,82,82,82,82,82],"card_choices":[{"not_picked":["Heavy Blade","Wild Strike","Sword Boomerang"],"picked":"SKIP","floor":1.0},{"not_picked":["Twin Strike","Intimidate"],"picked":"Shrug It Off","floor":2.0},{"not_picked":["Twin Strike","Warcry","Anger"],"picked":"SKIP","floor":3.0},{"not_picked":["Sword Boomerang","Thunderclap"],"picked":"Bludgeon","floor":5.0},{"not_picked":["Body Slam","Sentinel","Twin Strike"],"picked":"SKIP","floor":7.0},{"not_picked":["Cleave","Iron Wave"],"picked":"True Grit","floor":8.0},{"not_picked":["Thunderclap","Sever Soul","Body Slam"],"picked":"SKIP","floor":14.0},{"not_picked":["Brutality","Fiend Fire"],"picked":"Reaper","floor":16.0},{"not_picked":["Perfected Strike","Heavy Blade","Rupture"],"picked":"SKIP","floor":18.0},{"not_picked":["Rage","Hemokinesis"],"picked":"True Grit","floor":19.0},{"not_picked":["Cleave+1","Wild Strike"],"picked":"Anger+1","floor":21.0},{"not_picked":["Body Slam","Dark Embrace","Armaments"],"picked":"SKIP","floor":23.0},{"not_picked":["Second Wind+1","Evolve","Hemokinesis+1"],"picked":"SKIP","floor":25.0},{"not_picked":["Armaments","Sentinel+1","Combust"],"picked":"SKIP","floor":28.0},{"not_picked":["Clash","Armaments","Flex"],"picked":"SKIP","floor":28.0},{"not_picked":["Fire Breathing","Disarm"],"picked":"Whirlwind+1","floor":29.0},{"not_picked":["Armaments","Flex"],"picked":"Inflame","floor":30.0},{"not_picked":["Whirlwind","Burning Pact"],"picked":"Blood for Blood+1","floor":30.0},{"not_picked":["Heavy Blade","Clash"],"picked":"Dropkick+1","floor":31.0},{"not_picked":["Combust","Seeing Red"],"picked":"Havoc","floor":31.0},{"not_picked":["Barricade","Limit Break"],"picked":"Offering","floor":33.0},{"not_picked":[],"picked":"Clothesline+1","floor":35.0},{"not_picked":["Cleave+1"],"picked":"SKIP","floor":35.0},{"not_picked":[],"picked":"Spot Weakness","floor":36.0},{"not_picked":["Perfected Strike"],"picked":"SKIP","floor":36.0},{"not_picked":["Body Slam"],"picked":"SKIP","floor":39.0},{"not_picked":["Armaments"],"picked":"SKIP","floor":39.0},{"not_picked":[],"picked":"Uppercut","floor":45.0},{"not_picked":["Dropkick"],"picked":"SKIP","floor":45.0}],"player_experience":827700,"relics_obtained":[{"floor":7.0,"key":"WingedGreaves"},{"floor":9.0,"key":"Bag of Preparation"},{"floor":11.0,"key":"Paper Frog"},{"floor":12.0,"key":"Odd Mushroom"},{"floor":23.0,"key":"Regal Pillow"},{"floor":25.0,"key":"Happy Flower"},{"floor":26.0,"key":"Prayer Wheel"},{"floor":29.0,"key":"Champion Belt"},{"floor":42.0,"key":"Ice Cream"},{"floor":43.0,"key":"Mercury Hourglass"},{"floor":48.0,"key":"Toxic Egg 2"}],"event_choices":[{"event_name":"Upgrade Shrine","player_choice":"Upgraded","floor":4.0,"damage_taken":0.0},{"event_name":"Mushrooms","player_choice":"Fought Mushrooms","floor":12.0,"damage_taken":0.0},{"event_name":"Purifier","player_choice":"One Purge","floor":20.0,"damage_taken":0.0},{"event_name":"Match and Keep!","player_choice":"2 cards matched","floor":38.0,"damage_taken":0.0},{"event_name":"Mysterious Sphere","player_choice":"Fight","floor":42.0,"damage_taken":0.0}],"is_beta":false,"boss_relics":[{"not_picked":["Tiny House","Black Blood"],"picked":"Cursed Key"},{"not_picked":["Snecko Eye","Runic Dome"],"picked":"Busted Crown"}],"items_purged_floors":[22,37],"is_endless":false,"potions_floor_spawned":[2,5,12,14,21,23,29,31,35,42],"ascension_level":15}