{"gold_per_floor":[110,129,129,129,129,156,156,175,228,243,276,291,291,320,320,396,396,416,432,432,132,132,132,32,60,60,74,74,124,150,162,162,236,236,247,4,58,58,72,72,85,85,85,117,117,144,144,0,0,0],"floor_reached":51,"playtime":4735,"items_purged":["Strike_B","Strike_B","Strike_B"],"score":1250,"play_id":"8c9a66e5-0549-4665-b362-ccb48e866e61","local_time":"20190202142633","is_ascension_mode":true,"campfire_choices":[{"data":"Zap","floor":7.0,"key":"SMITH"},{"data":"Barrage","floor":13.0,"key":"SMITH"},{"data":"Dualcast","floor":15.0,"key":"SMITH"},{"data":"Coolheaded","floor":23,"key":"SMITH"},{"data":"Coolheaded","floor":28,"key":"SMITH"},{"data":"Hologram","floor":32,"key":"SMITH"},{"data":"Capacitor","floor":40,"key":"SMITH"},{"data":"Capacitor","floor":42,"key":"SMITH"},{"data":"Blizzard","floor":47,"key":"SMITH"},{"floor":49,"key":"REST"}],"neow_cost":"NONE","seed_source_timestamp":8543796045304,"circlet_count":0,"master_deck":["AscendersBane","Strike_B","Defend_B","Defend_B","Defend_B","Defend_B","Zap+1","Dualcast+1","Cold Snap","Coolheaded+1","Melter","Conserve Battery","Capacitor+1","Barrage+1","Leap","Core Surge","Buffer","Hologram+1","Rebound","Capacitor+1","Master of Strategy","Hologram+1","Coolheaded+1","Reboot","White Noise+1","Barrage+1","Consume","Blizzard+1","Capacitor"],"special_seed":0,"relics":["FrozenCore","NeowsBlessing","Lantern","Mercury Hourglass","Anchor","Strawberry","Centennial Puzzle","Sozu","MutagenicStrength","Happy Flower","Peace Pipe","Smiling Mask","DollysMirror","WingedGreaves","Molten Egg 2","Bag of Preparation","Red Mask"],"potions_floor_usage":[16,33],"damage_taken":[{"damage":0.0,"enemies":"Jaw Worm","floor":1.0,"turns":1.0},{"damage":0.0,"enemies":"Small Slimes","floor":2.0,"turns":1.0},{"damage":0.0,"enemies":"Lagavulin","floor":6.0,"turns":1.0},{"damage":0.0,"enemies":"2 Louse","floor":8.0,"turns":2.0},{"damage":1.0,"enemies":"Gremlin Gang","floor":10.0,"turns":3.0},{"damage":15.0,"enemies":"3 Sentries","floor":11.0,"turns":6.0},{"damage":0.0,"enemies":"Exordium Wildlife","floor":12.0,"turns":4.0},{"damage":16.0,"enemies":"Lagavulin","floor":14.0,"turns":5.0},{"damage":9,"enemies":"Slime Boss","floor":16,"turns":10},{"damage":0,"enemies":"Spheric Guardian","floor":18,"turns":2},{"damage":0,"enemies":"2 Thieves","floor":19,"turns":4},{"damage":14,"enemies":"Gremlin Leader","floor":25,"turns":7},{"damage":0,"enemies":"Cultist and Chosen","floor":27,"turns":4},{"damage":0,"enemies":"Centurion and Healer","floor":31,"turns":4},{"damage":31,"enemies":"Collector","floor":33,"turns":13},{"damage":1,"enemies":"Orb Walker","floor":35,"turns":5},{"damage":17,"enemies":"2 Orb Walkers","floor":37,"turns":5},{"damage":0,"enemies":"3 Darklings","floor":39,"turns":5},{"damage":0,"enemies":"Jaw Worm Horde","floor":41,"turns":5},{"damage":1,"enemies":"Nemesis","floor":44,"turns":7},{"damage":22,"enemies":"Reptomancer","floor":46,"turns":6},{"damage":32,"enemies":"Time Eater","floor":50,"turns":14}],"seed_played":"-2760423985836665523","potions_obtained":[{"floor":2.0,"key":"LiquidBronze"},{"floor":5.0,"key":"Ancient Potion"},{"floor":5.0,"key":"FairyPotion"},{"floor":8.0,"key":"Strength Potion"}],"is_trial":false,"path_per_floor":["M","M","?","?","?","E","R","M","T","M","E","M","R","E","R","B",null,"M","M","?","$","?","R","$","E","T","M","R","?","T","M","R","B",null,"M","$","?","?","M","R","M","R","T","E","?","E","R","?","R","B",null],"character_chosen":"DEFECT","items_purchased":["Capacitor","Master of Strategy","DollysMirror"],"campfire_rested":1,"item_purchase_floors":[21,21,36],"current_hp_per_floor":[64,64,69,58,58,58,58,58,58,57,49,49,49,33,33,24,68,68,68,68,68,68,68,68,54,54,54,54,54,54,54,54,23,68,67,67,50,50,50,50,50,50,50,49,49,27,27,27,50,18],"gold":0,"neow_bonus":"THREE_ENEMY_KILL","is_prod":false,"is_daily":false,"chose_seed":false,"campfire_upgraded":9,"win_rate":0,"timestamp":1549139193,"path_taken":["M","M","?","?","?","E","R","M","T","M","E","M","R","E","R","BOSS","M","?","?","$","?","R","$","E","T","M","R","?","?","?","R","BOSS","M","$","?","?","?","R","M","R","T","E","?","E","R","?","R","BOSS"],"build_version":"2019-01-23","purchased_purges":3,"victory":true,"max_hp_per_floor":[71,71,76,76,76,76,76,76,76,76,83,83,83,83,83,83,83,83,83,83,83,83,83,83,83,83,83,83,83,83,83,83,83,83,83,83,83,83,83,83,83,83,83,83,79,79,79,79,79,79],"card_choices":[{"not_picked":["Leap","Loop"],"picked":"Cold Snap","floor":1.0},{"not_picked":["Steam Power","Streamline"],"picked":"Coolheaded","floor":2.0},{"not_picked":["Redo","Chaos"],"picked":"Melter","floor":6.0},{"not_picked":["Blizzard","Reprogram"],"picked":"Conserve Battery","floor":8.0},{"not_picked":["Leap","Coolheaded"],"picked":"Capacitor","floor":10.0},{"not_picked":["Rebound","Darkness"],"picked":"Barrage","floor":11.0},{"not_picked":["Beam Cell","Coolheaded"],"picked":"Leap","floor":12.0},{"not_picked":["Go for the Eyes","Multi-Cast"],"picked":"Core Surge","floor":14.0},{"not_picked":["Creative AI","Amplify"],"picked":"Buffer","floor":16},{"not_picked":["Streamline","Coolheaded"],"picked":"Hologram+1","floor":18},{"not_picked":["Scrape","Gash"],"picked":"Rebound","floor":19},{"not_picked":["Aggregate","Redo"],"picked":"Hologram","floor":25},{"not_picked":["Skim","Gash"],"picked":"Coolheaded","floor":27},{"not_picked":["Redo","Conserve Battery","Rebound+1"],"picked":"SKIP","floor":31},{"not_picked":["Redo","Conserve Battery","Rebound+1"],"picked":"SKIP","floor":31},{"not_picked":["Redo","Conserve Battery","Rebound+1"],"picked":"SKIP","floor":31},{"not_picked":["All For One","Multi-Cast"],"picked":"Reboot","floor":33},{"not_picked":["Rebound","Steam Power+1"],"picked":"White Noise+1","floor":35},{"not_picked":["Lockon","BootSequence+1"],"picked":"Consume","floor":37},{"not_picked":["Doom and Gloom","Aggregate"],"picked":"Blizzard","floor":39},{"not_picked":["Double Energy","Gash","Heatsinks"],"picked":"SKIP","floor":41},{"not_picked":["Coolheaded","Recycle+1"],"picked":"Capacitor","floor":44},{"not_picked":["Steam Power","Sweeping Beam+1","Redo"],"picked":"SKIP","floor":46}],"player_experience":535243,"relics_obtained":[{"floor":6.0,"key":"Mercury Hourglass"},{"floor":9.0,"key":"Anchor"},{"floor":11.0,"key":"Strawberry"},{"floor":14.0,"key":"Centennial Puzzle"},{"floor":25,"key":"Happy Flower"},{"floor":26,"key":"Peace Pipe"},{"floor":30,"key":"Smiling Mask"},{"floor":37,"key":"WingedGreaves"},{"floor":43,"key":"Molten Egg 2"},{"floor":44,"key":"Bag of Preparation"}],"event_choices":[{"damage_healed":0.0,"max_hp_gain":5.0,"max_hp_loss":0.0,"gold_gain":0.0,"event_name":"Big Fish","player_choice":"Donut","floor":3.0,"gold_loss":0.0,"damage_taken":0.0},{"damage_healed":0.0,"max_hp_gain":0.0,"max_hp_loss":0.0,"gold_gain":0.0,"event_name":"Scrap Ooze","player_choice":"Success","floor":4.0,"gold_loss":0.0,"damage_taken":11.0,"relics_obtained":["Lantern"]},{"damage_healed":0.0,"max_hp_gain":0.0,"max_hp_loss":0.0,"gold_gain":0.0,"event_name":"Lab","player_choice":"Got Potions","floor":5.0,"gold_loss":0.0,"damage_taken":0.0},{"damage_healed":0,"gold_gain":0,"player_choice":"Inject Mutagens","damage_taken":0,"relics_obtained":["MutagenicStrength"],"max_hp_gain":0,"max_hp_loss":0,"event_name":"Drug Dealer","floor":20,"gold_loss":0},{"damage_healed":0,"gold_gain":0,"player_choice":"Ignored","damage_taken":0,"max_hp_gain":0,"max_hp_loss":0,"event_name":"Vampires","floor":22,"gold_loss":0},{"damage_healed":0,"gold_gain":50,"player_choice":"Stole From Cult","damage_taken":0,"max_hp_gain":0,"max_hp_loss":0,"event_name":"Nest","floor":29,"gold_loss":0},{"damage_healed":0,"gold_gain":0,"player_choice":"Fight","damage_taken":0,"max_hp_gain":0,"max_hp_loss":0,"event_name":"Mysterious Sphere","floor":37,"gold_loss":0},{"damage_healed":0,"gold_gain":0,"player_choice":"Ignored","damage_taken":0,"max_hp_gain":0,"max_hp_loss":0,"event_name":"Transmorgrifier","floor":38,"gold_loss":0},{"damage_healed":0,"gold_gain":0,"player_choice":"Max HP","damage_taken":0,"max_hp_gain":0,"max_hp_loss":4,"event_name":"Winding Halls","floor":45,"gold_loss":0},{"damage_healed":0,"gold_gain":0,"player_choice":"Paid","damage_taken":0,"relics_obtained":["Red Mask"],"max_hp_gain":0,"max_hp_loss":0,"event_name":"Tomb of Lord Red Mask","floor":48,"gold_loss":144}],"is_beta":false,"boss_relics":[{"not_picked":["Busted Crown","Runic Pyramid"],"picked":"Sozu"},{"not_picked":["Calling Bell","Orrery"],"picked":"FrozenCore"}],"items_purged_floors":[21,24,36],"is_endless":false,"potions_floor_spawned":[2,8,10,18,25,39,44,46],"ascension_level":15}