{"gold_per_floor":[113,125,138,213,213,213,245,245,268,296,316,333,333,363,363,459,459,471,491,71,71,83,83,111,111,185,284,299,199,219,122,122,221,221,233,244,244,244,262,262,137,165,195,195,214,214,13,46,46,46],"floor_reached":51,"playtime":9064,"items_purged":["Regret","Regret","Writhe","Pain"],"score":879,"play_id":"7d4106c7-8401-4cc1-94da-a331a2396bc0","local_time":"20180726154354","is_ascension_mode":true,"campfire_choices":[{"data":"Zap","floor":6.0,"key":"SMITH"},{"floor":8.0,"key":"REST"},{"floor":15.0,"key":"REST"},{"floor":23.0,"key":"REST"},{"data":"Chaos","floor":25.0,"key":"SMITH"},{"floor":32.0,"key":"REST"},{"data":"Meteor Strike","floor":40.0,"key":"SMITH"},{"floor":44,"key":"REST"},{"data":"Defragment","floor":49,"key":"SMITH"}],"neow_cost":"NONE","seed_source_timestamp":0,"circlet_count":0,"master_deck":["Strike_B","Strike_B","Strike_B","Strike_B","Defend_B","Defend_B","Defend_B","Defend_B","Zap+1","Dualcast","Capacitor","Glacier","All For One","Electrodynamics","Ball Lightning","Chaos+1","Seek","Coolheaded+1","Leap","Echo Form","Static Discharge+1","Seek","Glacier","Conserve Battery","Defragment+1","Meteor Strike+1","Secret Technique"],"special_seed":0,"relics":["Cracked Core","Anchor","Kunai","Potion Belt","Bag of Marbles","DataDisk","Cursed Key","Runic Capacitor","Regal Pillow","Cables","Singing Bowl","Busted Crown","Calipers","Tiny Chest","Bag of Preparation"],"potions_floor_usage":[48,50,50,50,50],"damage_taken":[{"damage":10.0,"enemies":"Small Slimes","floor":1.0,"turns":3.0},{"damage":0.0,"enemies":"2 Louse","floor":2.0,"turns":2.0},{"damage":3.0,"enemies":"Jaw Worm","floor":3.0,"turns":4.0},{"damage":50.0,"enemies":"Gremlin Nob","floor":7.0,"turns":5.0},{"damage":9.0,"enemies":"3 Sentries","floor":10.0,"turns":3.0},{"damage":2.0,"enemies":"3 Louse","floor":11.0,"turns":2.0},{"damage":5.0,"enemies":"Red Slaver","floor":12.0,"turns":5.0},{"damage":22.0,"enemies":"Hexaghost","floor":16.0,"turns":9.0},{"damage":21.0,"enemies":"2 Thieves","floor":18.0,"turns":3.0},{"damage":0.0,"enemies":"3 Byrds","floor":19.0,"turns":1.0},{"damage":10.0,"enemies":"Cultist and Chosen","floor":22.0,"turns":6.0},{"damage":20.0,"enemies":"Book of Stabbing","floor":24.0,"turns":5.0},{"damage":14.0,"enemies":"Slaver and Parasite","floor":28.0,"turns":4.0},{"damage":0.0,"enemies":"Centurion and Healer","floor":30.0,"turns":4.0},{"damage":20.0,"enemies":"Collector","floor":33.0,"turns":7.0},{"damage":13.0,"enemies":"Flame Bruiser 1 Orb","floor":35.0,"turns":5.0},{"damage":1.0,"enemies":"Orb Walker","floor":36.0,"turns":4.0},{"damage":0.0,"enemies":"4 Shapes","floor":39.0,"turns":4.0},{"damage":38.0,"enemies":"2 Orb Walkers","floor":42.0,"turns":4.0},{"damage":25,"enemies":"Maw","floor":45,"turns":9},{"damage":4,"enemies":"Giant Head","floor":48,"turns":9},{"damage":45,"enemies":"Time Eater","floor":50,"turns":10}],"seed_played":"8462217188318339554","potions_obtained":[{"floor":1.0,"key":"Block Potion"},{"floor":7.0,"key":"Strength Potion"},{"floor":10.0,"key":"Block Potion"},{"floor":11.0,"key":"Block Potion"},{"floor":18.0,"key":"SteroidPotion"},{"floor":28.0,"key":"Ancient Potion"},{"floor":30.0,"key":"Ancient Potion"},{"floor":35.0,"key":"GamblersBrew"},{"floor":37.0,"key":"Explosive Potion"},{"floor":37.0,"key":"Ancient Potion"},{"floor":37.0,"key":"Regen Potion"},{"floor":48,"key":"Ancient Potion"}],"is_trial":false,"path_per_floor":["M","M","M","?","?","R","E","R","T","E","M","M","?","?","R","B",null,"M","M","$","?","M","R","E","R","T","?","M","$","M","$","R","B",null,"M","M","?","?","M","R","$","E","T","R","M","?","$","E","R","B"],"character_chosen":"DEFECT","items_purchased":["Echo Form","Runic Capacitor","Conserve Battery","Defragment","Swift Potion"],"campfire_rested":5,"item_purchase_floors":[20,20,31,31,47],"current_hp_per_floor":[72,72,69,58,58,58,8,32,32,23,21,16,9,9,33,11,64,43,43,43,43,33,72,52,52,52,52,38,38,40,40,80,60,78,67,68,68,88,90,90,90,54,54,92,69,69,69,82,82,37],"gold":46,"neow_bonus":"TEN_PERCENT_HP_BONUS","is_prod":false,"is_daily":false,"chose_seed":false,"campfire_upgraded":4,"win_rate":0,"timestamp":1532645034,"path_taken":["M","M","M","?","?","R","E","R","T","E","?","M","?","?","R","BOSS","M","M","$","?","M","R","E","R","T","?","M","$","?","?","R","BOSS","M","?","?","?","?","R","$","E","T","R","M","?","$","E","R","BOSS"],"build_version":"2018-07-19v2","purchased_purges":4,"victory":true,"max_hp_per_floor":[82,82,82,82,82,82,82,82,82,82,82,82,82,82,82,82,82,82,82,82,82,82,82,82,82,82,82,82,82,84,84,84,84,84,86,88,88,88,90,90,90,92,92,92,94,94,94,96,96,96],"card_choices":[{"not_picked":["Hologram","Go for the Eyes"],"picked":"Capacitor","floor":1.0},{"not_picked":["Steam","Darkness"],"picked":"Glacier","floor":2.0},{"not_picked":["Hologram","Redo"],"picked":"All For One","floor":3.0},{"not_picked":["Sweeping Beam","Undo"],"picked":"Electrodynamics","floor":7.0},{"not_picked":["Conserve Battery","Lockon"],"picked":"Ball Lightning","floor":10.0},{"not_picked":["Skim","Doom and Gloom"],"picked":"Chaos","floor":11.0},{"not_picked":["Chill","Beam Cell","Self Repair"],"picked":"SKIP","floor":12.0},{"not_picked":["Machine Learning","All For One"],"picked":"Seek","floor":16.0},{"not_picked":["Go for the Eyes","Force Field"],"picked":"Coolheaded+1","floor":18.0},{"not_picked":["Redo","Rebound+1"],"picked":"Leap","floor":19.0},{"not_picked":["Go for the Eyes+1","Lockon"],"picked":"Static Discharge+1","floor":22.0},{"not_picked":["Self Repair+1","Undo"],"picked":"Seek","floor":24.0},{"not_picked":["Redo+1","Rebound"],"picked":"Glacier","floor":28.0},{"not_picked":["Redo","Compile Driver","Cold Snap"],"picked":"Singing Bowl","floor":30.0},{"not_picked":["Creative AI","Biased Cognition"],"picked":"Meteor Strike","floor":33.0},{"not_picked":["Ball Lightning"],"picked":"Singing Bowl","floor":35.0},{"not_picked":["Rebound+1"],"picked":"Singing Bowl","floor":36.0},{"not_picked":["Undo"],"picked":"Singing Bowl","floor":39.0},{"not_picked":["Streamline"],"picked":"Singing Bowl","floor":42.0},{"not_picked":["Double Energy+1"],"picked":"Singing Bowl","floor":45},{"not_picked":[],"picked":"Secret Technique","floor":46},{"not_picked":["White Noise+1"],"picked":"Singing Bowl","floor":48}],"player_experience":663981,"relics_obtained":[{"floor":7.0,"key":"Kunai"},{"floor":9.0,"key":"Potion Belt"},{"floor":10.0,"key":"Bag of Marbles"},{"floor":24.0,"key":"Cables"},{"floor":26.0,"key":"Singing Bowl"},{"floor":42.0,"key":"Calipers"},{"floor":43,"key":"Tiny Chest"},{"floor":48,"key":"Bag of Preparation"}],"event_choices":[{"event_name":"World of Goop","player_choice":"Gather Gold","floor":4.0,"damage_taken":0.0},{"event_name":"Big Fish","player_choice":"Box","floor":5.0,"damage_taken":0.0},{"event_name":"Scrap Ooze","player_choice":"success","floor":13.0,"damage_taken":7.0},{"event_name":"Dead Adventurer","player_choice":"Searched \u00271\u0027 times","floor":14.0,"damage_taken":0.0},{"event_name":"The Mausoleum","player_choice":"Yes","floor":21.0,"damage_taken":0.0},{"event_name":"Nest","player_choice":"Stole From Cult","floor":27.0,"damage_taken":0.0},{"event_name":"The Lab","player_choice":"Got Potions","floor":37.0,"damage_taken":0.0},{"event_name":"Winding Halls","player_choice":"Writhe","floor":38.0,"damage_taken":0.0},{"event_name":"SensoryStone","player_choice":"Memory 1","floor":46,"damage_taken":0}],"is_beta":false,"boss_relics":[{"not_picked":["Astrolabe","Black Star"],"picked":"Cursed Key"},{"not_picked":["Empty Cage","Runic Pyramid"],"picked":"Busted Crown"}],"items_purged_floors":[20,29,41,47],"is_endless":false,"potions_floor_spawned":[1,7,10,11,18,28,30,35,39,48],"ascension_level":5}