{"gold_per_floor":[114,264,52,52,72,100,100,120,120,133,133,163,180,180,180,180],"floor_reached":16,"playtime":1601,"items_purged":[],"score":204,"play_id":"28ac1f8e-4357-4765-8488-e50e0dacc5e9","local_time":"20181106003302","is_ascension_mode":true,"campfire_choices":[{"data":"Adrenaline","floor":7,"key":"SMITH"},{"data":"Tools of the Trade","floor":15,"key":"SMITH"}],"neow_cost":"NONE","seed_source_timestamp":52332516730800,"circlet_count":0,"master_deck":["AscendersBane","Defend_G","Defend_G","Defend_G","Defend_G","Strike_G","Strike_G","Strike_G","Survivor","Neutralize","Dash","Backflip","Adrenaline+1","Cloak And Dagger","Dodge and Roll","Reflex","Tools of the Trade+1","Sucker Punch"],"relics":["Ring of the Snake","TwistedFunnel","Ninja Scroll","Sundial","FossilizedHelix"],"potions_floor_usage":[6,16],"damage_taken":[{"damage":2,"enemies":"Jaw Worm","floor":1,"turns":4},{"damage":0,"enemies":"2 Louse","floor":5,"turns":3},{"damage":22,"enemies":"Gremlin Nob","floor":6,"turns":4},{"damage":0,"enemies":"Cultist","floor":8,"turns":2},{"damage":0,"enemies":"Exordium Wildlife","floor":10,"turns":4},{"damage":1,"enemies":"3 Sentries","floor":12,"turns":11},{"damage":0,"enemies":"Blue Slaver","floor":13,"turns":3},{"damage":47,"enemies":"The Guardian","floor":16,"turns":20}],"seed_played":"4792665010126278053","potions_obtained":[{"floor":1,"key":"AttackPotion"},{"floor":8,"key":"FearPotion"},{"floor":13,"key":"GamblersBrew"}],"is_trial":false,"path_per_floor":["M","?","$","?","M","E","R","M","T","M","?","E","M","?","R","B"],"character_chosen":"THE_SILENT","items_purchased":["TwistedFunnel"],"campfire_rested":0,"item_purchase_floors":[3],"current_hp_per_floor":[57,57,57,50,50,28,28,28,28,28,28,27,27,27,27,0],"gold":180,"neow_bonus":"TRANSFORM_CARD","is_prod":false,"is_daily":false,"chose_seed":false,"campfire_upgraded":2,"win_rate":0,"timestamp":1541493182,"path_taken":["M","?","$","?","M","E","R","M","T","M","?","E","?","?","R","BOSS"],"build_version":"2018-11-01","purchased_purges":0,"victory":false,"max_hp_per_floor":[66,66,66,66,66,66,66,66,66,66,66,66,66,66,66,66],"card_choices":[{"not_picked":["Riddle With Holes","Quick Slash","PiercingWail"],"picked":"SKIP","floor":1},{"not_picked":["PiercingWail","Dagger Spray"],"picked":"Backflip","floor":5},{"not_picked":["Deadly Poison","Blur"],"picked":"Adrenaline","floor":6},{"not_picked":["Sucker Punch","Deflect"],"picked":"Cloak And Dagger","floor":8},{"not_picked":["Flechettes","Acrobatics"],"picked":"Dodge and Roll","floor":10},{"not_picked":["Prepared","Setup"],"picked":"Tools of the Trade","floor":12},{"not_picked":["Flying Knee","Quick Slash"],"picked":"Sucker Punch","floor":13}],"player_experience":1020416,"relics_obtained":[{"floor":6,"key":"Ninja Scroll"},{"floor":9,"key":"Sundial"},{"floor":12,"key":"FossilizedHelix"}],"event_choices":[{"damage_healed":0,"gold_gain":150,"player_choice":"AGREE","damage_taken":0,"max_hp_gain":0,"max_hp_loss":0,"event_name":"Liars Game","floor":2,"gold_loss":0,"cards_obtained":["Doubt"]},{"cards_removed":["Doubt"],"damage_healed":0,"gold_gain":0,"player_choice":"Card Removal","damage_taken":7,"max_hp_gain":0,"max_hp_loss":0,"event_name":"Golden Wing","floor":4,"gold_loss":0},{"damage_healed":0,"gold_gain":0,"cards_transformed":["Defend_G"],"player_choice":"Transformed","damage_taken":0,"max_hp_gain":0,"max_hp_loss":0,"event_name":"Transmorgrifier","floor":11,"gold_loss":0,"cards_obtained":["Reflex"]},{"cards_removed":["Strike_G"],"damage_healed":0,"gold_gain":0,"player_choice":"Forget","damage_taken":0,"max_hp_gain":0,"max_hp_loss":0,"event_name":"Living Wall","floor":14,"gold_loss":0}],"is_beta":false,"boss_relics":[],"items_purged_floors":[],"is_endless":false,"potions_floor_spawned":[1,8,13],"killed_by":"The Guardian","ascension_level":17}