{"gold_per_floor":[109,184,73,73,86,114,131,144,144,144,144,216,12,44,44,148,148,160,17,37,37,48,48,79,79,79,79,79,79,90,90,90,191,191,208,208,22,22,35,35,62,62,62,62,62,174,12,23,23,23],"floor_reached":51,"playtime":2778,"items_purged":["Writhe","Pain"],"score":722,"play_id":"2efbbe81-c7b1-417a-b5ff-a485fc524914","local_time":"20190415194453","is_ascension_mode":false,"campfire_choices":[{"floor":10,"key":"REST"},{"floor":15,"key":"REST"},{"data":"Machine Learning","floor":23,"key":"SMITH"},{"data":"Storm","floor":25,"key":"SMITH"},{"floor":27,"key":"REST"},{"data":"Defragment","floor":29,"key":"SMITH"},{"floor":32,"key":"REST"},{"floor":40,"key":"REST"},{"data":"Apotheosis","floor":49,"key":"SMITH"}],"neow_cost":"NONE","seed_source_timestamp":433687586635246,"circlet_count":0,"master_deck":["Strike_B+1","Strike_B+1","Strike_B","Strike_B","Defend_B","Defend_B","Defend_B","Defend_B","Zap+1","Dualcast","Defragment+1","Capacitor","Steam Power","Glacier","Biased Cognition","Coolheaded","Loop","FTL+1","Self Repair","Bandage Up","Storm+1","Machine Learning+1","Ball Lightning+1","Static Discharge","Doom and Gloom+1","Barrage+1","Mind Blast+1","Ball Lightning+1","Sweeping Beam+1","Creative AI","Machine Learning","Hello World+1","Flash of Steel+1","Apotheosis+1","Darkness","Defragment","Storm+1","Madness","Madness","Loop+1","Defragment","Doom and Gloom+1"],"relics":["Cracked Core","Ornamental Fan","Molten Egg 2","Pantograph","Matryoshka","Unceasing Top","Cursed Key","Ancient Tea Set","Whetstone","Pear","Juzu Bracelet","Kunai","Nilry\u0027s Codex","Black Star","Dodecahedron","Bag of Preparation","Darkstone Periapt","MawBank","Girya"],"potions_floor_usage":[33,50],"damage_taken":[{"damage":0,"enemies":"2 Louse","floor":1,"turns":2},{"damage":10,"enemies":"Small Slimes","floor":5,"turns":3},{"damage":29,"enemies":"Gremlin Nob","floor":6,"turns":7},{"damage":0,"enemies":"Cultist","floor":7,"turns":3},{"damage":0,"enemies":"Looter","floor":8,"turns":3},{"damage":16,"enemies":"3 Sentries","floor":14,"turns":13},{"damage":32,"enemies":"Slime Boss","floor":16,"turns":6},{"damage":4,"enemies":"3 Byrds","floor":18,"turns":5},{"damage":23,"enemies":"Shell Parasite","floor":20,"turns":4},{"damage":20,"enemies":"Centurion and Healer","floor":22,"turns":3},{"damage":18,"enemies":"Book of Stabbing","floor":24,"turns":4},{"damage":10,"enemies":"Snecko","floor":30,"turns":3},{"damage":56,"enemies":"Collector","floor":33,"turns":7},{"damage":18,"enemies":"3 Shapes","floor":35,"turns":3},{"damage":43,"enemies":"3 Darklings","floor":39,"turns":4},{"damage":9,"enemies":"Giant Head","floor":41,"turns":5},{"damage":21,"enemies":"Mind Bloom Boss Battle","floor":46,"turns":4},{"damage":0,"enemies":"Maw","floor":48,"turns":4},{"damage":50,"enemies":"Donu and Deca","floor":50,"turns":4}],"seed_played":"-4837681378899967369","potions_obtained":[{"floor":1,"key":"FairyPotion"},{"floor":5,"key":"Energy Potion"},{"floor":8,"key":"EssenceOfSteel"},{"floor":18,"key":"EntropicBrew"},{"floor":22,"key":"PowerPotion"},{"floor":39,"key":"PowerPotion"},{"floor":41,"key":"FocusPotion"},{"floor":46,"key":"SteroidPotion"}],"is_trial":false,"path_per_floor":["M","?","$","?","M","E","M","M","T","R","?","T","$","E","R","B",null,"M","$","M","?","M","R","E","R","T","R","T","R","M","?","R","B",null,"M","?","$","?","M","R","E","?","T","?","?","?","$","M","R","B",null],"character_chosen":"DEFECT","items_purchased":["Capacitor","Steam Power","FTL+1","Self Repair","Bandage Up","Static Discharge","Doom and Gloom+1","Darkness","Defragment","Defragment"],"campfire_rested":5,"item_purchase_floors":[3,3,13,13,13,19,19,37,37,47],"current_hp_per_floor":[75,64,64,64,54,25,25,25,25,47,40,40,40,35,57,50,75,75,75,63,49,33,33,19,19,29,54,54,54,44,28,53,26,85,67,62,62,62,35,60,62,62,62,51,51,59,59,59,59,34],"gold":23,"neow_bonus":"UPGRADE_CARD","is_prod":false,"is_daily":false,"chose_seed":false,"campfire_upgraded":4,"win_rate":0.0,"timestamp":1555371893,"path_taken":["M","?","$","?","?","E","M","M","T","R","?","?","$","E","R","BOSS","M","?","?","?","?","R","E","R","T","R","?","R","M","?","R","BOSS","M","?","$","?","M","R","E","?","T","?","?","?","$","M","R","BOSS"],"build_version":"2019-01-23","purchased_purges":2,"victory":true,"max_hp_per_floor":[75,75,75,75,75,75,75,75,75,75,75,75,75,75,75,75,75,75,75,75,75,75,75,75,75,85,85,85,85,85,85,85,85,85,85,85,85,85,85,85,85,85,85,85,85,85,85,85,85,85],"card_choices":[{"not_picked":["Ball Lightning","Compile Driver"],"picked":"Defragment","floor":1},{"not_picked":["Beam Cell","Reprogram"],"picked":"Glacier","floor":5},{"not_picked":["Gash","Undo"],"picked":"Biased Cognition","floor":6},{"not_picked":["Chaos","Rebound"],"picked":"Coolheaded","floor":7},{"not_picked":["White Noise","Hologram"],"picked":"Loop","floor":8},{"not_picked":["Doom and Gloom+1","Cold Snap+1"],"picked":"Storm","floor":14},{"not_picked":["Amplify","Rainbow"],"picked":"Machine Learning","floor":16},{"not_picked":["Barrage+1","Stack"],"picked":"Ball Lightning+1","floor":18},{"not_picked":["Rebound+1","Reprogram"],"picked":"Barrage+1","floor":20},{"not_picked":["Lockon+1","Sweeping Beam+1"],"picked":"Ball Lightning+1","floor":22},{"not_picked":["Darkness","Beam Cell+1"],"picked":"Sweeping Beam+1","floor":24},{"not_picked":["Streamline+1","Conserve Battery"],"picked":"Creative AI","floor":30},{"not_picked":["Amplify","Meteor Strike+1"],"picked":"Machine Learning","floor":33},{"not_picked":["Ball Lightning+1","Static Discharge+1"],"picked":"Hello World+1","floor":35},{"not_picked":["Madness","Secret Weapon"],"picked":"Flash of Steel+1","floor":36},{"not_picked":["Bandage Up","Discovery"],"picked":"Apotheosis","floor":36},{"not_picked":["Compile Driver+1","Blizzard+1"],"picked":"Storm+1","floor":39},{"not_picked":["Cold Snap+1","Genetic Algorithm"],"picked":"Skim","floor":41},{"not_picked":["Streamline+1","Cold Snap+1"],"picked":"Loop+1","floor":46},{"not_picked":["Rebound+1","Beam Cell+1"],"picked":"Doom and Gloom+1","floor":48}],"player_experience":17807,"relics_obtained":[{"floor":6,"key":"Ornamental Fan"},{"floor":9,"key":"Molten Egg 2"},{"floor":12,"key":"Matryoshka"},{"floor":14,"key":"Unceasing Top"},{"floor":24,"key":"Ancient Tea Set"},{"floor":26,"key":"Whetstone"},{"floor":26,"key":"Pear"},{"floor":28,"key":"Juzu Bracelet"},{"floor":28,"key":"Kunai"},{"floor":31,"key":"Nilry\u0027s Codex"},{"floor":41,"key":"Dodecahedron"},{"floor":41,"key":"Bag of Preparation"},{"floor":43,"key":"Darkstone Periapt"},{"floor":46,"key":"Girya"}],"event_choices":[{"damage_healed":0,"gold_gain":75,"player_choice":"Gather Gold","damage_taken":11,"max_hp_gain":0,"max_hp_loss":0,"event_name":"World of Goop","floor":2,"gold_loss":0},{"damage_healed":0,"gold_gain":0,"player_choice":"Ignored","damage_taken":0,"max_hp_gain":0,"max_hp_loss":0,"event_name":"NoteForYourself","floor":4,"gold_loss":0},{"damage_healed":0,"gold_gain":0,"player_choice":"Success","damage_taken":7,"relics_obtained":["Pantograph"],"max_hp_gain":0,"max_hp_loss":0,"event_name":"Scrap Ooze","floor":11,"gold_loss":0},{"damage_healed":0,"gold_gain":0,"player_choice":"CARD ","damage_taken":14,"max_hp_gain":0,"max_hp_loss":0,"event_name":"Knowing Skull","floor":21,"potions_obtained":[],"gold_loss":0,"cards_obtained":["Mind Blast"]},{"damage_healed":0,"gold_gain":0,"player_choice":"Obtained Book","damage_taken":16,"max_hp_gain":0,"max_hp_loss":0,"event_name":"Cursed Tome","floor":31,"gold_loss":0},{"damage_healed":0,"gold_gain":0,"player_choice":"Memory 2","damage_taken":5,"max_hp_gain":0,"max_hp_loss":0,"event_name":"SensoryStone","floor":36,"gold_loss":0},{"cards_removed":["Clumsy"],"damage_healed":0,"gold_gain":0,"player_choice":"Removed Curses","damage_taken":0,"max_hp_gain":0,"max_hp_loss":0,"event_name":"Fountain of Cleansing","floor":38,"gold_loss":0},{"cards_removed":["Skim"],"damage_healed":0,"gold_gain":0,"player_choice":"Removed Skill","damage_taken":0,"max_hp_gain":0,"max_hp_loss":0,"event_name":"Falling","floor":42,"gold_loss":0},{"damage_healed":0,"gold_gain":0,"player_choice":"Embrace Madness","damage_taken":11,"max_hp_gain":0,"max_hp_loss":0,"event_name":"Winding Halls","floor":44,"gold_loss":0,"cards_obtained":["Madness","Madness"]},{"damage_healed":0,"gold_gain":0,"player_choice":"Gave Potion","damage_taken":0,"relics_obtained":["MawBank"],"max_hp_gain":0,"max_hp_loss":0,"event_name":"WeMeetAgain","floor":45,"gold_loss":0},{"damage_healed":0,"gold_gain":0,"player_choice":"Fight","damage_taken":0,"max_hp_gain":0,"max_hp_loss":0,"event_name":"MindBloom","floor":46,"gold_loss":0}],"is_beta":false,"boss_relics":[{"not_picked":["Ectoplasm","White Beast Statue"],"picked":"Cursed Key"},{"not_picked":["Philosopher\u0027s Stone","Sozu"],"picked":"Black Star"}],"items_purged_floors":[37,47],"is_endless":false,"potions_floor_spawned":[1,5,8,18,22,30,39,41,46],"ascension_level":0}