{"gold_per_floor":[164,164,180,200,210,242,242,273,273,303,338,39,70,90,90,190,190,204,204,204,204,58,58,87,106,106,106,24,24,24,35,35,138,138,149,149,3,20,68,68,82,332,332,5,5,5,18,53,53,53],"floor_reached":51,"playtime":4136,"items_purged":["Strike_B","Strike_B","Strike_B","Regret"],"score":1097,"play_id":"e2fb3395-5e17-43a3-afee-8f6c05b70355","local_time":"20180807185828","is_ascension_mode":true,"campfire_choices":[{"floor":7,"key":"REST"},{"floor":15,"key":"REST"},{"data":"Dualcast","floor":23,"key":"SMITH"},{"data":"Coolheaded","floor":29,"key":"SMITH"},{"floor":32,"key":"REST"},{"data":"Buffer","floor":40,"key":"SMITH"},{"floor":49,"key":"REST"}],"neow_cost":"NONE","seed_source_timestamp":7221126904696,"circlet_count":0,"master_deck":["Strike_B+1","Defend_B+1","Defend_B","Defend_B","Defend_B","Zap+1","Dualcast+1","White Noise","Go for the Eyes+1","Genetic Algorithm","BootSequence","Gash+1","Chill+1","Seek","Finesse","Beam Cell+1","Coolheaded+1","Cold Snap+1","Electrodynamics","Injury","Steam+1","Gash+1","Gash+1","Leap","Gash+1","Streamline+1","Decay","Coolheaded+1","Buffer+1","Leap+1","Glacier+1","Sunder+1","Tempest+1","Decay","Transmutation+1","Writhe","Tempest+1"],"relics":["Tiny House","Ancient Tea Set","Omamori","Smiling Mask","Molten Egg 2","War Paint","Juzu Bracelet","Calling Bell","Pen Nib","Darkstone Periapt","Sundial","Ice Cream","The Courier","Letter Opener","Toxic Egg 2","Cursed Key","Mango","Ginger","Art of War","Whetstone","Dream Catcher"],"potions_floor_usage":[5,6,8,16,24,24,24,25,33,48,50,50],"damage_taken":[{"damage":9,"enemies":"Jaw Worm","floor":1,"turns":5},{"damage":0,"enemies":"2 Louse","floor":3,"turns":3},{"damage":6,"enemies":"Cultist","floor":4,"turns":4},{"damage":11,"enemies":"Gremlin Gang","floor":5,"turns":8},{"damage":62,"enemies":"Gremlin Nob","floor":6,"turns":7},{"damage":20,"enemies":"Lagavulin","floor":8,"turns":7},{"damage":12,"enemies":"3 Sentries","floor":11,"turns":10},{"damage":0,"enemies":"Lagavulin","floor":13,"turns":7},{"damage":0,"enemies":"Large Slime","floor":14,"turns":4},{"damage":27,"enemies":"Hexaghost","floor":16,"turns":13},{"damage":7,"enemies":"Chosen","floor":18,"turns":6},{"damage":8,"enemies":"Gremlin Leader","floor":24,"turns":8},{"damage":12,"enemies":"Shell Parasite","floor":25,"turns":5},{"damage":7,"enemies":"3 Cultists","floor":31,"turns":4},{"damage":41,"enemies":"Collector","floor":33,"turns":8},{"damage":11,"enemies":"Flame Bruiser 1 Orb","floor":35,"turns":5},{"damage":0,"floor":36,"turns":5},{"damage":0,"enemies":"Orb Walker","floor":38,"turns":5},{"damage":1,"floor":39,"turns":4},{"damage":0,"enemies":"Sphere and 2 Shapes","floor":41,"turns":4},{"damage":2,"enemies":"3 Darklings","floor":47,"turns":7},{"damage":25,"enemies":"2 Orb Walkers","floor":48,"turns":4},{"damage":46,"enemies":"Time Eater","floor":50,"turns":11}],"seed_played":"-7254050588356705780","potions_obtained":[{"floor":0,"key":"FairyPotion"},{"floor":1,"key":"Dexterity Potion"},{"floor":4,"key":"Poison Potion"},{"floor":6,"key":"GamblersBrew"},{"floor":14,"key":"Ancient Potion"},{"floor":16,"key":"SteroidPotion"},{"floor":18,"key":"FearPotion"},{"floor":24,"key":"PowerPotion"},{"floor":25,"key":"Weak Potion"},{"floor":36,"key":"FearPotion"},{"floor":39,"key":"Ancient Potion"},{"floor":47,"key":"Strength Potion"}],"is_trial":false,"path_per_floor":["M","?","M","M","M","E","R","E","T","?","E","$","E","M","R","B",null,"M","?","?","?","$","R","E","M","T","?","?","R","?","M","R","B",null,"M","?","$","M","?","R","M","?","T","$","?","?","M","E","R","B"],"character_chosen":"DEFECT","items_purchased":["FTL+1","Finesse","Beam Cell+1","Dexterity Potion","Gash+1","Leap","Glacier+1","Sunder+1","Transmutation+1","Whetstone"],"campfire_rested":4,"item_purchase_floors":[12,12,12,12,22,22,37,37,44,44],"current_hp_per_floor":[64,69,69,63,52,8,33,20,20,20,8,8,8,8,33,6,65,58,58,58,58,58,58,50,38,38,38,38,38,44,37,64,23,74,63,77,77,77,76,76,76,82,88,88,123,123,121,96,123,77],"gold":53,"neow_bonus":"BOSS_RELIC","is_prod":false,"is_daily":false,"chose_seed":false,"campfire_upgraded":3,"win_rate":0,"timestamp":1533686308,"path_taken":["M","?","M","?","?","E","R","E","T","?","E","$","E","M","R","BOSS","M","?","?","?","$","R","E","M","T","?","?","R","?","M","R","BOSS","M","?","?","M","?","R","M","?","T","$","?","?","M","E","R","BOSS"],"build_version":"2018-08-02","purchased_purges":4,"victory":true,"max_hp_per_floor":[80,85,85,85,85,85,85,85,85,85,85,85,85,85,85,85,85,85,85,85,85,85,85,85,85,85,85,85,85,91,91,91,91,91,91,105,105,105,105,105,105,111,117,117,123,123,123,123,123,123],"card_choices":[{"not_picked":["Capacitor","Blizzard"],"picked":"White Noise","floor":0},{"not_picked":["Turbo","Rip and Tear"],"picked":"Go for the Eyes","floor":1},{"not_picked":["Gash","Recycle"],"picked":"Genetic Algorithm","floor":3},{"not_picked":["Rip and Tear","Compile Driver"],"picked":"BootSequence","floor":4},{"not_picked":["Reprogram","Barrage","Recycle"],"picked":"SKIP","floor":5},{"not_picked":["Melter","Aggregate"],"picked":"Gash","floor":6},{"not_picked":["Rebound","Barrage"],"picked":"Chill","floor":8},{"not_picked":["Hologram","Barrage+1"],"picked":"Seek","floor":11},{"not_picked":["Barrage+1","Steam Power"],"picked":"Coolheaded","floor":13},{"not_picked":["Sunder+1","Turbo"],"picked":"Cold Snap+1","floor":14},{"not_picked":["Fission","Biased Cognition"],"picked":"Electrodynamics","floor":16},{"not_picked":["Heatsinks","Sweeping Beam+1"],"picked":"Steam+1","floor":18},{"not_picked":["Rip and Tear+1","Double Energy+1"],"picked":"Gash+1","floor":24},{"not_picked":["Redo+1","Beam Cell+1"],"picked":"Streamline+1","floor":25},{"not_picked":["Beam Cell+1","Blizzard+1"],"picked":"Coolheaded+1","floor":31},{"not_picked":["Electrodynamics","Hyperbeam+1"],"picked":"Buffer","floor":33},{"not_picked":["Hologram+1","Barrage+1","Chill+1"],"picked":"SKIP","floor":35},{"not_picked":["Go for the Eyes+1","Barrage+1"],"picked":"Leap+1","floor":36},{"not_picked":["Go for the Eyes+1","Electrodynamics","Steam+1"],"picked":"SKIP","floor":38},{"not_picked":["Turbo+1","Hologram+1"],"picked":"Tempest+1","floor":39},{"not_picked":["Genetic Algorithm+1","Barrage+1","Cold Snap+1"],"picked":"SKIP","floor":41},{"not_picked":["Gash+1","Coolheaded+1"],"picked":"Tempest+1","floor":47},{"not_picked":["Beam Cell+1","Barrage+1","Fission+1"],"picked":"SKIP","floor":48}],"player_experience":328735,"relics_obtained":[{"floor":6,"key":"Ancient Tea Set"},{"floor":8,"key":"Omamori"},{"floor":9,"key":"Smiling Mask"},{"floor":11,"key":"War Paint"},{"floor":13,"key":"Juzu Bracelet"},{"floor":17,"key":"Pen Nib"},{"floor":17,"key":"Darkstone Periapt"},{"floor":17,"key":"Sundial"},{"floor":24,"key":"The Courier"},{"floor":26,"key":"Letter Opener"},{"floor":36,"key":"Mango"},{"floor":39,"key":"Ginger"},{"floor":43,"key":"Art of War"},{"floor":48,"key":"Dream Catcher"}],"event_choices":[{"event_name":"Big Fish","player_choice":"Donut","floor":2,"damage_taken":0},{"event_name":"Dead Adventurer","player_choice":"Searched \u00273\u0027 times","floor":10,"damage_taken":0},{"event_name":"The Mausoleum","player_choice":"Yes","floor":19,"damage_taken":0},{"event_name":"Accursed Blacksmith","player_choice":"Forge","floor":20,"damage_taken":0},{"event_name":"The Library","player_choice":"Read","floor":21,"damage_taken":0},{"event_name":"Drug Dealer","player_choice":"Ignored","floor":27,"damage_taken":0},{"event_name":"WeMeetAgain","player_choice":"Gold","floor":28,"damage_taken":0},{"event_name":"Forgotten Altar","player_choice":"Smashed Altar","floor":30,"damage_taken":0},{"event_name":"MindBloom","player_choice":"Fight","floor":36,"damage_taken":0},{"event_name":"Mysterious Sphere","player_choice":"Fight","floor":39,"damage_taken":0},{"event_name":"Golden Shrine","player_choice":"Desecrate","floor":42,"damage_taken":0},{"event_name":"Winding Halls","player_choice":"Writhe","floor":45,"damage_taken":0},{"event_name":"Falling","player_choice":"Removed Attack","floor":46,"damage_taken":0}],"is_beta":false,"boss_relics":[{"not_picked":["Runic Pyramid","Eternal Feather"],"picked":"Calling Bell"},{"not_picked":["Empty Cage","Velvet Choker"],"picked":"Cursed Key"}],"items_purged_floors":[12,22,37,44],"is_endless":false,"potions_floor_spawned":[1,4,6,14,16,18,24,25,36,39,47],"ascension_level":8}