{"gold_per_floor":[117,135,49,49,121,196,196,2,26,57,5,5,17,31,31,131,131,146,162,122,10,20,46,46,76,99,99,23,39,52,63,63,166,166,181,199,145,158,13,13,33,64,64,64,76,76,76,93,93,93,93,93,13,13],"floor_reached":54,"playtime":3692,"items_purged":["Strike_B"],"score":952,"play_id":"ae236c55-9982-4523-b36b-d86d920ed93f","local_time":"20190129185735","is_ascension_mode":true,"campfire_choices":[{"floor":7.0,"key":"REST"},{"data":"Go for the Eyes","floor":12.0,"key":"SMITH"},{"data":"Fusion","floor":15.0,"key":"SMITH"},{"data":"Beam Cell","floor":24.0,"key":"SMITH"},{"floor":32.0,"key":"REST"},{"data":"Defragment","floor":40.0,"key":"SMITH"},{"data":"Sunder","floor":44.0,"key":"SMITH"},{"floor":46.0,"key":"REST"},{"floor":49.0,"key":"RECALL"},{"data":"Coolheaded","floor":52.0,"key":"SMITH"}],"neow_cost":"NONE","seed_source_timestamp":369664994909015,"circlet_count":0,"master_deck":["Strike_B","Defend_B","Defend_B","Defend_B","Zap+1","Dualcast","Glacier","Gash","Melter","Chill","Go for the Eyes+1","Beam Cell+1","Fusion+1","Echo Form","Gash+1","Scrape+1","Conserve Battery","Blind","Sunder+1","Coolheaded+1","Ball Lightning","Defragment+1","Hologram+1","Coolheaded","Core Surge","Rebound","Reinforced Body+1","Stack+1","Leap","Capacitor"],"special_seed":0,"relics":["Cracked Core","Oddly Smooth Stone","Blue Candle","Lee\u0027s Waffle","PreservedInsect","Centennial Puzzle","Busted Crown","Kunai","Incense Burner","Smiling Mask","Boot","Empty Cage","Anchor","Calipers"],"potions_floor_usage":[],"damage_taken":[{"damage":4.0,"enemies":"2 Louse","floor":1.0,"turns":2.0},{"damage":2.0,"enemies":"Jaw Worm","floor":2.0,"turns":4.0},{"damage":12.0,"enemies":"Lagavulin","floor":10.0,"turns":4.0},{"damage":0.0,"enemies":"Small Slimes","floor":13.0,"turns":2.0},{"damage":0.0,"enemies":"Blue Slaver","floor":14.0,"turns":3.0},{"damage":10.0,"enemies":"The Guardian","floor":16.0,"turns":12.0},{"damage":10.0,"enemies":"Chosen","floor":18.0,"turns":5.0},{"damage":12.0,"enemies":"3 Byrds","floor":19.0,"turns":6.0},{"damage":10.0,"enemies":"Centurion and Healer","floor":22.0,"turns":4.0},{"damage":0.0,"enemies":"Gremlin Leader","floor":23.0,"turns":6.0},{"damage":32.0,"enemies":"Slavers","floor":25.0,"turns":4.0},{"damage":10.0,"enemies":"Shelled Parasite and Fungi","floor":29.0,"turns":6.0},{"damage":16.0,"enemies":"Snecko","floor":30.0,"turns":5.0},{"damage":6.0,"enemies":"Centurion and Healer","floor":31.0,"turns":5.0},{"damage":10.0,"enemies":"Champ","floor":33.0,"turns":11.0},{"damage":7.0,"enemies":"3 Darklings","floor":35.0,"turns":4.0},{"damage":1.0,"enemies":"Orb Walker","floor":36.0,"turns":3.0},{"damage":2.0,"enemies":"Sphere and 2 Shapes","floor":38.0,"turns":6.0},{"damage":0.0,"enemies":"Jaw Worm Horde","floor":41.0,"turns":6.0},{"damage":0.0,"enemies":"Nemesis","floor":42.0,"turns":5.0},{"damage":21.0,"enemies":"4 Shapes","floor":45.0,"turns":5.0},{"damage":0.0,"enemies":"Maw","floor":48.0,"turns":7.0},{"damage":16.0,"enemies":"Awakened One","floor":50.0,"turns":16.0},{"damage":76,"enemies":"Shield and Spear","floor":54,"turns":3}],"seed_played":"-7969594687524316635","potions_obtained":[{"floor":2.0,"key":"SmokeBomb"},{"floor":13.0,"key":"AttackPotion"},{"floor":14.0,"key":"Regen Potion"},{"floor":16.0,"key":"GamblersBrew"},{"floor":18.0,"key":"Dexterity Potion"},{"floor":22.0,"key":"FairyPotion"},{"floor":30.0,"key":"SneckoOil"},{"floor":31.0,"key":"Regen Potion"},{"floor":35.0,"key":"SteroidPotion"},{"floor":42.0,"key":"Poison Potion"},{"floor":45.0,"key":"SpeedPotion"},{"floor":48.0,"key":"PowerPotion"}],"is_trial":false,"path_per_floor":["M","M","$","?","T","?","R","$","T","E","$","R","M","M","R","B",null,"M","M","?","$","M","E","R","E","T","T","$","M","M","M","R","B",null,"M","M","?","M","$","R","M","E","T","R","M","R","?","M","R","B",null,"R","$","E"],"character_chosen":"DEFECT","items_purchased":["Block Potion","Melter","Lee\u0027s Waffle","Go for the Eyes","Conserve Battery","Blind","Ball Lightning","Core Surge","Capacitor"],"campfire_rested":3,"item_purchase_floors":[3,3,8,11,21,21,28,39,53],"current_hp_per_floor":[64,62,62,20,20,9,31,82,82,70,70,70,70,70,70,60,77,67,55,55,55,57,57,57,25,25,25,25,15,7,1,25,30,69,62,61,61,59,59,59,59,59,59,59,38,62,62,62,62,46,73,73,73,0],"gold":13,"neow_bonus":"UPGRADE_CARD","is_prod":false,"is_daily":false,"chose_seed":false,"campfire_upgraded":6,"win_rate":0,"timestamp":1548784655,"path_taken":["M","M","$","?","?","?","R","?","T","E","$","R","?","M","R","BOSS","M","M","?","?","M","E","R","E","T","?","$","M","M","?","R","BOSS","M","M","?","?","$","R","M","E","T","R","M","R","?","M","R","BOSS","R","$","E"],"build_version":"2019-01-23","purchased_purges":1,"victory":false,"max_hp_per_floor":[75,75,75,75,75,75,75,82,82,82,82,82,82,82,82,82,82,82,82,82,82,82,82,82,82,82,82,82,82,82,82,82,82,82,82,82,82,82,82,82,82,82,82,82,82,82,82,82,82,82,82,82,82,82],"card_choices":[{"not_picked":["Gash","Redo"],"picked":"Glacier","floor":1.0},{"not_picked":["Melter","Ball Lightning"],"picked":"Gash","floor":2.0},{"not_picked":["Rebound","Coolheaded"],"picked":"Chill","floor":10.0},{"not_picked":["Conserve Battery","Steam"],"picked":"Beam Cell","floor":13.0},{"not_picked":["Static Discharge","Force Field"],"picked":"Fusion","floor":14.0},{"not_picked":["Thunder Strike","Electrodynamics"],"picked":"Echo Form","floor":16.0},{"not_picked":[],"picked":"Gash","floor":18.0},{"not_picked":[],"picked":"Scrape","floor":19.0},{"not_picked":[],"picked":"Sunder","floor":22.0},{"not_picked":[],"picked":"Coolheaded","floor":23.0},{"not_picked":["Force Field"],"picked":"SKIP","floor":25.0},{"not_picked":["Redo+1"],"picked":"SKIP","floor":29.0},{"not_picked":["Tempest"],"picked":"SKIP","floor":30.0},{"not_picked":[],"picked":"Defragment","floor":31.0},{"not_picked":["Melter+1"],"picked":"SKIP","floor":35.0},{"not_picked":[],"picked":"Hologram+1","floor":36.0},{"not_picked":[],"picked":"Coolheaded","floor":38.0},{"not_picked":[],"picked":"Rebound","floor":41.0},{"not_picked":[],"picked":"Reinforced Body+1","floor":42.0},{"not_picked":[],"picked":"Stack+1","floor":45.0},{"not_picked":[],"picked":"Leap","floor":48.0}],"player_experience":171942,"relics_obtained":[{"floor":5.0,"key":"Blue Candle"},{"floor":9.0,"key":"PreservedInsect"},{"floor":10.0,"key":"Centennial Puzzle"},{"floor":23.0,"key":"Kunai"},{"floor":25.0,"key":"Incense Burner"},{"floor":26.0,"key":"Smiling Mask"},{"floor":27.0,"key":"Boot"},{"floor":42.0,"key":"Calipers"}],"event_choices":[{"damage_healed":0.0,"max_hp_gain":0.0,"max_hp_loss":0.0,"gold_gain":0.0,"event_name":"Scrap Ooze","player_choice":"Success","floor":4.0,"gold_loss":0.0,"damage_taken":42.0,"relics_obtained":["Oddly Smooth Stone"]},{"damage_healed":0.0,"max_hp_gain":0.0,"max_hp_loss":0.0,"gold_gain":75.0,"event_name":"World of Goop","player_choice":"Gather Gold","floor":6.0,"gold_loss":0.0,"damage_taken":11.0},{"damage_healed":0.0,"max_hp_gain":0.0,"max_hp_loss":0.0,"gold_gain":0.0,"event_name":"Designer","player_choice":"Upgraded Two","floor":20.0,"gold_loss":40.0,"damage_taken":0.0,"cards_upgraded":["Gash","Scrape"]},{"damage_healed":0.0,"max_hp_gain":0.0,"max_hp_loss":0.0,"gold_gain":0.0,"event_name":"WeMeetAgain","player_choice":"Paid Gold","floor":37.0,"gold_loss":54.0,"damage_taken":0.0,"relics_obtained":["Anchor"]},{"cards_removed":["Defend_B"],"damage_healed":0.0,"max_hp_gain":0.0,"max_hp_loss":0.0,"gold_gain":0.0,"event_name":"Falling","player_choice":"Removed Skill","floor":47.0,"gold_loss":0.0,"damage_taken":0.0}],"is_beta":false,"boss_relics":[{"not_picked":["Astrolabe","Tiny House"],"picked":"Busted Crown"},{"not_picked":["FrozenCore","Lizard Tail"],"picked":"Empty Cage"}],"items_purged_floors":[28],"is_endless":false,"potions_floor_spawned":[2,13,14,16,18,22,30,31,35,42,45,48],"killed_by":"Shield and Spear","ascension_level":6}