{"path_per_floor":["M","M","M","?","M","E","M","R","T","?","R","M","M","E","R"],"character_chosen":"IRONCLAD","items_purchased":[],"gold_per_floor":[14,30,42,42,56,91,109,109,109,109,109,128,143,169,169,169],"floor_reached":16,"campfire_rested":0,"playtime":880,"item_purchase_floors":[],"current_hp_per_floor":[70,70,70,67,65,55,52,52,52,52,52,41,44,30,30,0],"items_purged":[],"gold":169,"score":182,"play_id":"d759530e-c316-482c-9976-6a3daf44f123","local_time":"20180524211458","is_prod":false,"is_daily":false,"chose_seed":false,"is_ascension_mode":true,"campfire_upgraded":1,"win_rate":0,"timestamp":1527221698,"campfire_choices":[{"data":"Demon Form","floor":8,"key":"SMITH"},{"data":"Strike_R","floor":11,"key":"PURGE"},{"data":"Strike_R","floor":15,"key":"PURGE"}],"path_taken":["M","M","M","?","M","E","M","R","T","?","R","?","M","E","R","BOSS"],"build_version":"2018-05-24","seed_source_timestamp":594060529775729,"purchased_purges":0,"victory":false,"master_deck":["Strike_R","Strike_R","Defend_R","Defend_R","Defend_R","Defend_R","Bash","AscendersBane","Offering","Shrug It Off","Iron Wave","Twin Strike","Clash","Clash","Demon Form+1","Heavy Blade","Flex","Clothesline"],"max_hp_per_floor":[80,80,80,80,80,80,80,80,80,80,80,80,80,80,80,80],"relics":["Burning Blood","Blood Vial","Self Forming Clay","Peace Pipe","Ginger"],"card_choices":[{"not_picked":["Impervious","Feed"],"picked":"Offering","floor":0},{"not_picked":["Sword Boomerang","Bloodletting"],"picked":"Shrug It Off","floor":1},{"not_picked":["Body Slam","Flex"],"picked":"Iron Wave","floor":2},{"not_picked":["Anger","Flex"],"picked":"Twin Strike","floor":3},{"not_picked":["Inflame","Anger"],"picked":"Clash","floor":5},{"not_picked":["Heavy Blade","Bloodletting"],"picked":"Clash","floor":6},{"not_picked":["Body Slam","Cleave"],"picked":"Demon Form","floor":7},{"not_picked":["Clothesline","Wild Strike"],"picked":"Heavy Blade","floor":12},{"not_picked":["Perfected Strike","Battle Trance"],"picked":"Flex","floor":13},{"not_picked":["Cleave","Pommel Strike"],"picked":"Clothesline","floor":14}],"player_experience":497223,"potions_floor_usage":[12,16,16,16],"damage_taken":[{"damage":8,"enemies":"2 Louse","floor":1,"turns":3},{"damage":6,"enemies":"Jaw Worm","floor":2,"turns":3},{"damage":6,"enemies":"Small Slimes","floor":3,"turns":4},{"damage":10,"enemies":"Looter","floor":5,"turns":2},{"damage":18,"enemies":"Gremlin Nob","floor":6,"turns":4},{"damage":11,"enemies":"Large Slime","floor":7,"turns":4},{"damage":19,"enemies":"Exordium Thugs","floor":12,"turns":4},{"damage":5,"enemies":"Exordium Wildlife","floor":13,"turns":3},{"damage":22,"enemies":"3 Sentries","floor":14,"turns":12},{"damage":33,"enemies":"Slime Boss","floor":16,"turns":9}],"relics_obtained":[{"floor":6,"key":"Self Forming Clay"},{"floor":9,"key":"Peace Pipe"},{"floor":14,"key":"Ginger"}],"event_choices":[{"event_name":"Scrap Ooze","player_choice":"success","floor":4,"damage_taken":3},{"event_name":"Living Wall","player_choice":"Forget","floor":10,"damage_taken":0}],"boss_relics":[],"items_purged_floors":[],"potions_floor_spawned":[2,5,6,14],"seed_played":"627532981624170847","killed_by":"Slime Boss","ascension_level":12,"potions_obtained":[{"floor":2,"key":"SkillPotion"},{"floor":5,"key":"Block Potion"},{"floor":6,"key":"Block Potion"},{"floor":14,"key":"SkillPotion"}],"is_trial":false}