{"gold_per_floor":[109,127,138,138,138,138,172,186,186,216,216,228,228,253,253,349,349,368,217,229,239,255,285,302,330,357,267,366,366,366,366,366,463,463,480,490,92,112,112,145,190,207,207,207,11,21,21,55,55,55],"floor_reached":51,"playtime":3213,"items_purged":["Strike_B","Creative AI+1","Capacitor+1"],"score":840,"play_id":"2d97176f-163c-4207-83ea-625b0ccdcf33","local_time":"20181012163128","is_ascension_mode":false,"campfire_choices":[{"data":"Zap","floor":6.0,"key":"SMITH"},{"data":"Zap","floor":13.0,"key":"SMITH"},{"data":"Dualcast","floor":15.0,"key":"SMITH"},{"data":"Capacitor","floor":29.0,"key":"SMITH"},{"data":"Creative AI","floor":32.0,"key":"SMITH"},{"floor":44,"key":"REST"},{"data":"Conserve Battery","floor":49,"key":"SMITH"}],"neow_cost":"PERCENT_DAMAGE","seed_source_timestamp":0,"circlet_count":0,"master_deck":["Defend_B+1","Defend_B+1","Defend_B+1","Defend_B+1","Zap+1","Dualcast+1","Ball Lightning+1","Hologram+1","Zap+1","Seek+1","BootSequence+1","Ball Lightning+1","Conserve Battery+1","Coolheaded+1","Coolheaded+1","Chill+1","Cold Snap+1","FTL+1","Ball Lightning+1","Glacier+1","Echo Form+1","Barrage+1","Ball Lightning+1","Leap","Conserve Battery+1"],"special_seed":0,"relics":["Cracked Core","Pear","Happy Flower","Letter Opener","Darkstone Periapt","Bag of Preparation","Black Star","Unceasing Top","Gambling Chip","Potion Belt","War Paint","Dream Catcher","MutagenicStrength","Inserter","Emotion Chip","Mark of the Bloom","The Courier","Bottled Flame","Turnip","Thread and Needle","Strawberry","Bronze Scales"],"potions_floor_usage":[41,50,50,50,50,50],"damage_taken":[{"damage":0.0,"enemies":"Small Slimes","floor":1.0,"turns":2.0},{"damage":3.0,"enemies":"Jaw Worm","floor":2.0,"turns":3.0},{"damage":0.0,"enemies":"2 Louse","floor":3.0,"turns":2.0},{"damage":13.0,"enemies":"Lagavulin","floor":7.0,"turns":7.0},{"damage":0.0,"enemies":"Red Slaver","floor":8.0,"turns":2.0},{"damage":9.0,"enemies":"3 Sentries","floor":10.0,"turns":5.0},{"damage":0.0,"enemies":"3 Louse","floor":12.0,"turns":3.0},{"damage":8.0,"enemies":"Lagavulin","floor":14.0,"turns":6.0},{"damage":12.0,"enemies":"Slime Boss","floor":16.0,"turns":9.0},{"damage":0.0,"enemies":"Chosen","floor":18.0,"turns":3.0},{"damage":0.0,"enemies":"3 Byrds","floor":20.0,"turns":2.0},{"damage":10.0,"enemies":"Sentry and Sphere","floor":21.0,"turns":5.0},{"damage":0.0,"enemies":"Cultist and Chosen","floor":22.0,"turns":4.0},{"damage":17.0,"enemies":"Book of Stabbing","floor":23.0,"turns":6.0},{"damage":1.0,"enemies":"Chosen and Byrds","floor":24.0,"turns":4.0},{"damage":13.0,"enemies":"Slavers","floor":25.0,"turns":4.0},{"damage":17.0,"enemies":"Champ","floor":33.0,"turns":10.0},{"damage":1,"enemies":"Orb Walker","floor":35,"turns":3},{"damage":20,"enemies":"3 Darklings","floor":36,"turns":6},{"damage":8,"enemies":"Reptomancer","floor":38,"turns":7},{"damage":5,"enemies":"2 Orb Walkers","floor":40,"turns":6},{"damage":0,"enemies":"Mysterious Sphere","floor":41,"turns":5},{"damage":2,"enemies":"4 Shapes","floor":42,"turns":6},{"damage":3,"enemies":"Transient","floor":46,"turns":5},{"damage":0,"enemies":"Nemesis","floor":48,"turns":8},{"damage":3,"enemies":"Awakened One","floor":50,"turns":9}],"seed_played":"-3122200326149759187","potions_obtained":[{"floor":1.0,"key":"Weak Potion"},{"floor":2.0,"key":"SteroidPotion"},{"floor":12.0,"key":"GamblersBrew"},{"floor":16.0,"key":"Weak Potion"},{"floor":21.0,"key":"GamblersBrew"},{"floor":25.0,"key":"FocusPotion"},{"floor":33.0,"key":"FocusPotion"},{"floor":36,"key":"Swift Potion"}],"is_trial":false,"path_per_floor":["M","M","M","?","?","R","E","M","T","E","?","M","R","E","R","B",null,"M","$","M","M","M","E","M","E","T","?","?","R","?","?","R","B",null,"M","M","$","M","?","E","?","M","T","R","$","M","?","E","R","B"],"character_chosen":"DEFECT","items_purchased":["Chill","Emotion Chip","FocusPotion","Weak Potion"],"campfire_rested":1,"item_purchase_floors":[19,37,45,45],"current_hp_per_floor":[68,65,65,68,68,68,55,55,55,46,39,39,39,31,31,19,99,99,99,99,89,89,72,71,58,58,58,58,58,58,58,58,41,99,98,78,78,70,70,65,65,63,63,63,63,60,60,60,60,57],"gold":55,"neow_bonus":"TWENTY_PERCENT_HP_BONUS","is_prod":false,"is_daily":false,"chose_seed":false,"campfire_upgraded":6,"win_rate":0,"timestamp":1539387088,"path_taken":["M","M","M","?","?","R","E","M","T","E","?","?","R","E","R","BOSS","M","$","M","M","M","E","M","E","T","?","?","R","?","?","R","BOSS","M","M","$","M","?","E","?","M","T","R","$","?","?","E","R","BOSS"],"build_version":"2018-10-11","purchased_purges":3,"victory":true,"max_hp_per_floor":[89,89,89,99,99,99,99,99,99,99,99,99,99,99,99,99,99,99,99,99,99,99,99,99,99,99,99,99,99,99,99,99,99,99,99,99,99,99,99,99,99,99,99,99,99,99,99,106,106,106],"card_choices":[{"not_picked":["Turbo","Doom and Gloom","Double Energy"],"picked":"SKIP","floor":1.0},{"not_picked":["Steam","Compile Driver"],"picked":"Ball Lightning","floor":2.0},{"not_picked":["Heatsinks","Sweeping Beam"],"picked":"Hologram","floor":3.0},{"not_picked":["Double Energy","Hyperbeam"],"picked":"Ball Lightning","floor":7.0},{"not_picked":["Redo","Streamline","Compile Driver"],"picked":"SKIP","floor":8.0},{"not_picked":["Steam","Turbo","Sweeping Beam"],"picked":"SKIP","floor":10.0},{"not_picked":["Turbo","Beam Cell"],"picked":"Conserve Battery","floor":12.0},{"not_picked":["Recycle","Thunder Strike"],"picked":"Coolheaded","floor":14.0},{"not_picked":["Multi-Cast","Amplify"],"picked":"Creative AI","floor":16.0},{"not_picked":["Rebound","Storm"],"picked":"Coolheaded","floor":18.0},{"not_picked":["Auto Shields+1","Stack"],"picked":"Cold Snap+1","floor":20.0},{"not_picked":["Steam+1","Rebound+1"],"picked":"FTL","floor":21.0},{"not_picked":["Barrage","Sweeping Beam+1","Chill"],"picked":"SKIP","floor":22.0},{"not_picked":["Auto Shields","Steam"],"picked":"Ball Lightning+1","floor":23.0},{"not_picked":["Machine Learning","Sweeping Beam"],"picked":"Capacitor","floor":24.0},{"not_picked":["Gash+1","Rebound"],"picked":"Glacier","floor":25.0},{"not_picked":["Creative AI","All For One"],"picked":"Echo Form","floor":33.0},{"not_picked":["Beam Cell","Streamline+1","Ball Lightning"],"picked":"SKIP","floor":35},{"not_picked":["Steam+1","Self Repair+1","Cold Snap"],"picked":"SKIP","floor":36},{"not_picked":["Sunder","Go for the Eyes"],"picked":"Barrage+1","floor":38},{"not_picked":["Cold Snap","Creative AI","Tempest+1"],"picked":"SKIP","floor":40},{"not_picked":["Cold Snap","Creative AI","Tempest+1"],"picked":"SKIP","floor":40},{"not_picked":["Go for the Eyes","Force Field+1"],"picked":"Ball Lightning+1","floor":41},{"not_picked":["Turbo+1","Coolheaded+1","Gash+1"],"picked":"SKIP","floor":42},{"not_picked":["Ball Lightning","Double Energy"],"picked":"Leap","floor":44},{"not_picked":["Ball Lightning","Undo","Gash"],"picked":"SKIP","floor":46},{"not_picked":["Loop+1","Buffer"],"picked":"Conserve Battery","floor":48}],"player_experience":930026,"relics_obtained":[{"floor":7.0,"key":"Happy Flower"},{"floor":9.0,"key":"Letter Opener"},{"floor":10.0,"key":"Darkstone Periapt"},{"floor":14.0,"key":"Bag of Preparation"},{"floor":23.0,"key":"Unceasing Top"},{"floor":23.0,"key":"Gambling Chip"},{"floor":25.0,"key":"Potion Belt"},{"floor":25.0,"key":"War Paint"},{"floor":26.0,"key":"Dream Catcher"},{"floor":40,"key":"The Courier"},{"floor":40,"key":"Bottled Flame"},{"floor":41,"key":"Turnip"},{"floor":43,"key":"Thread and Needle"},{"floor":48,"key":"Strawberry"},{"floor":48,"key":"Bronze Scales"}],"event_choices":[{"event_name":"Scrap Ooze","player_choice":"success","floor":4.0,"damage_taken":7.0},{"event_name":"Match and Keep!","player_choice":"3 cards matched","floor":5.0,"damage_taken":0.0},{"event_name":"Golden Wing","player_choice":"Card Removal","floor":11.0,"damage_taken":0.0},{"event_name":"Designer","player_choice":"Full Service","floor":27.0,"damage_taken":0.0},{"event_name":"Nest","player_choice":"Stole From Cult","floor":28.0,"damage_taken":0.0},{"event_name":"Drug Dealer","player_choice":"Inject Mutagens","floor":30.0,"damage_taken":0.0},{"event_name":"Vampires","player_choice":"Ignored","floor":31.0,"damage_taken":0.0},{"event_name":"MindBloom","player_choice":"Upgrade","floor":39,"damage_taken":0},{"event_name":"Mysterious Sphere","player_choice":"Fight","floor":41,"damage_taken":0},{"event_name":"Falling","player_choice":"Removed Attack","floor":47,"damage_taken":0}],"is_beta":false,"boss_relics":[{"not_picked":["Runic Pyramid","Snecko Eye"],"picked":"Black Star"},{"not_picked":["Pandora\u0027s Box","Tiny House"],"picked":"Inserter"}],"items_purged_floors":[19,37,45],"is_endless":false,"potions_floor_spawned":[1,2,12,16,21,25,33,36,46],"ascension_level":0}