{"gold_per_floor":[213,227,402,414,59,59,59,86,112,63,120,30,30,58,58,153,153,165,176,176,97,97,97,37,37,61,61,79,94,122,134,134,239,239,254,254,265,275,100,100,112,0,0,29,4,15,15,34,34,34],"floor_reached":50,"playtime":4745,"items_purged":["Doubt","Injury"],"score":697,"play_id":"d4d1ea2d-8469-4115-bfaf-178f13378ddd","local_time":"20190125125528","is_ascension_mode":true,"campfire_choices":[{"data":"Armaments","floor":6.0,"key":"SMITH"},{"data":"Entrench","floor":13.0,"key":"SMITH"},{"data":"Rage","floor":15.0,"key":"SMITH"},{"data":"Body Slam","floor":23.0,"key":"SMITH"},{"data":"Dual Wield","floor":25.0,"key":"SMITH"},{"data":"Trip","floor":27.0,"key":"SMITH"},{"floor":32.0,"key":"RECALL"},{"data":"Flame Barrier","floor":40.0,"key":"SMITH"},{"data":"True Grit","floor":49.0,"key":"SMITH"}],"neow_cost":"NONE","seed_source_timestamp":4812330623942,"circlet_count":0,"master_deck":["Strike_R","Strike_R","Strike_R","Strike_R","Defend_R","Defend_R","Defend_R","Defend_R","Bash","Armaments+1","Body Slam+1","Clash","Trip+1","Entrench+1","Headbutt","Rage+1","Bandage Up","Battle Trance","Feed","Pommel Strike","Dual Wield+1","Clothesline","Battle Trance","Hemokinesis","Shrug It Off+1","Parasite","Metallicize+1","Flame Barrier+1","Decay","Metallicize","True Grit+1","Armaments+1"],"special_seed":0,"relics":["Burning Blood","Lee\u0027s Waffle","Art of War","Bronze Scales","Pen Nib","Ginger","Cursed Key","WarpedTongs","Orichalcum","Strawberry","Coffee Dripper","Red Mask","MawBank"],"potions_floor_usage":[50],"damage_taken":[{"damage":0.0,"enemies":"2 Louse","floor":1.0,"turns":3.0},{"damage":7.0,"enemies":"Jaw Worm","floor":2.0,"turns":3.0},{"damage":15.0,"enemies":"Cultist","floor":4.0,"turns":5.0},{"damage":30.0,"enemies":"Lagavulin","floor":8.0,"turns":5.0},{"damage":30.0,"enemies":"3 Sentries","floor":11.0,"turns":7.0},{"damage":20.0,"enemies":"3 Sentries","floor":14.0,"turns":7.0},{"damage":16.0,"enemies":"Hexaghost","floor":16.0,"turns":8.0},{"damage":0.0,"enemies":"3 Byrds","floor":18.0,"turns":3.0},{"damage":7.0,"enemies":"Spheric Guardian","floor":19.0,"turns":4.0},{"damage":6.0,"enemies":"Snecko","floor":28.0,"turns":4.0},{"damage":4.0,"enemies":"Chosen and Byrds","floor":29.0,"turns":4.0},{"damage":1.0,"enemies":"Book of Stabbing","floor":30.0,"turns":4.0},{"damage":8.0,"enemies":"3 Cultists","floor":31.0,"turns":4.0},{"damage":51.0,"enemies":"Automaton","floor":33.0,"turns":8.0},{"damage":28.0,"enemies":"3 Darklings","floor":35.0,"turns":4.0},{"damage":0.0,"enemies":"Orb Walker","floor":37.0,"turns":3.0},{"damage":8.0,"enemies":"Writhing Mass","floor":38.0,"turns":4.0},{"damage":3.0,"enemies":"3 Darklings","floor":41.0,"turns":6.0},{"damage":52.0,"enemies":"Nemesis","floor":44.0,"turns":9.0},{"damage":21.0,"enemies":"Sphere and 2 Shapes","floor":46.0,"turns":7.0},{"damage":38.0,"enemies":"Transient","floor":48.0,"turns":5.0},{"damage":14,"enemies":"Awakened One","floor":50,"turns":3}],"seed_played":"3205411747268933157","potions_obtained":[{"floor":8.0,"key":"EssenceOfSteel"},{"floor":14.0,"key":"PowerPotion"},{"floor":16.0,"key":"PowerPotion"},{"floor":19.0,"key":"SpeedPotion"},{"floor":28.0,"key":"EssenceOfSteel"},{"floor":31.0,"key":"Poison Potion"},{"floor":37.0,"key":"Weak Potion"}],"is_trial":false,"path_per_floor":["M","M","?","M","$","R","?","E","T","$","?","$","R","E","R","B",null,"M","M","?","$","$","R","?","R","T","R","M","M","E","M","R","B",null,"M","?","M","M","$","R","M","?","T","E","$","M","T","M","R","B"],"character_chosen":"IRONCLAD","items_purchased":["Trip","Lee\u0027s Waffle","Headbutt","Bandage Up","Dual Wield","Flame Barrier","Metallicize"],"campfire_rested":0,"item_purchase_floors":[5,5,10,12,21,39,45],"current_hp_per_floor":[78,77,77,68,87,87,80,56,56,56,32,32,32,22,22,18,70,83,89,89,89,89,89,89,89,89,89,93,96,103,107,107,64,96,78,78,84,86,86,86,93,93,93,51,51,42,42,14,14,0],"gold":34,"neow_bonus":"HUNDRED_GOLD","is_prod":false,"is_daily":false,"chose_seed":false,"campfire_upgraded":8,"win_rate":0,"timestamp":1548417328,"path_taken":["M","M","?","M","$","R","?","E","T","$","?","?","R","E","R","BOSS","M","M","?","?","$","R","?","R","T","R","M","M","E","?","R","BOSS","M","?","M","M","$","R","M","?","T","E","?","?","?","M","R","BOSS"],"build_version":"2018-12-20","purchased_purges":2,"victory":false,"max_hp_per_floor":[80,80,80,80,87,87,87,87,87,87,87,87,87,87,87,87,87,90,93,93,93,93,93,93,93,93,93,93,96,103,107,107,107,107,107,102,102,102,102,102,102,102,102,102,102,102,102,102,102,102],"card_choices":[{"not_picked":["Havoc","Second Wind"],"picked":"Armaments","floor":1.0},{"not_picked":["Ghostly Armor","Blood for Blood"],"picked":"Body Slam","floor":2.0},{"not_picked":["Feel No Pain","Sword Boomerang"],"picked":"Clash","floor":4.0},{"not_picked":["Sword Boomerang","Anger"],"picked":"Entrench","floor":8.0},{"not_picked":["Sword Boomerang","Entrench"],"picked":"Rage","floor":11.0},{"not_picked":["Juggernaut","Disarm"],"picked":"Battle Trance","floor":14.0},{"not_picked":["Immolate","Juggernaut"],"picked":"Feed","floor":16.0},{"not_picked":["Sword Boomerang","Headbutt","Clash+1"],"picked":"SKIP","floor":18.0},{"not_picked":["Twin Strike","Rupture+1"],"picked":"Pommel Strike","floor":19.0},{"not_picked":["Carnage","Fire Breathing"],"picked":"Clothesline","floor":28.0},{"not_picked":["Thunderclap+1","Perfected Strike"],"picked":"Battle Trance","floor":29.0},{"not_picked":["Pummel","Rupture"],"picked":"Hemokinesis","floor":30.0},{"not_picked":["Thunderclap","Disarm","Sword Boomerang"],"picked":"SKIP","floor":31.0},{"not_picked":["Flex+1","Clash"],"picked":"Shrug It Off+1","floor":35.0},{"not_picked":["Battle Trance+1","Flex+1","Entrench"],"picked":"SKIP","floor":37.0},{"not_picked":["Sword Boomerang+1","Searing Blow+1"],"picked":"Metallicize+1","floor":38.0},{"not_picked":["Rupture","Anger+1","Warcry+1"],"picked":"SKIP","floor":41.0},{"not_picked":["Feel No Pain+1","Infernal Blade","Carnage+1"],"picked":"SKIP","floor":44.0},{"not_picked":["Heavy Blade+1","Uppercut"],"picked":"True Grit","floor":46.0},{"not_picked":["Pommel Strike","Offering"],"picked":"Armaments+1","floor":48.0}],"player_experience":150598,"relics_obtained":[{"floor":8.0,"key":"Art of War"},{"floor":9.0,"key":"Bronze Scales"},{"floor":14.0,"key":"Ginger"},{"floor":26.0,"key":"Orichalcum"},{"floor":30.0,"key":"Strawberry"},{"floor":44.0,"key":"MawBank"}],"event_choices":[{"damage_healed":0.0,"max_hp_gain":0.0,"max_hp_loss":0.0,"gold_gain":175.0,"event_name":"Liars Game","player_choice":"AGREE","floor":3.0,"gold_loss":0.0,"damage_taken":0.0,"cards_obtained":["Doubt"]},{"cards_removed":["Strike_R"],"damage_healed":0.0,"max_hp_gain":0.0,"max_hp_loss":0.0,"gold_gain":0.0,"event_name":"Golden Wing","player_choice":"Card Removal","floor":7.0,"gold_loss":0.0,"damage_taken":7.0},{"damage_healed":0.0,"max_hp_gain":0.0,"max_hp_loss":0.0,"gold_gain":0.0,"event_name":"Dead Adventurer","player_choice":"Searched \u00272\u0027 times","floor":11.0,"gold_loss":0.0,"damage_taken":0.0,"relics_obtained":["Pen Nib"]},{"damage_healed":0.0,"max_hp_gain":0.0,"max_hp_loss":0.0,"gold_gain":0.0,"event_name":"Accursed Blacksmith","player_choice":"Rummage","floor":20.0,"gold_loss":0.0,"damage_taken":0.0,"relics_obtained":["WarpedTongs"],"cards_obtained":["Pain"]},{"cards_removed":["Pain"],"damage_healed":0.0,"max_hp_gain":0.0,"max_hp_loss":0.0,"gold_gain":0.0,"event_name":"Designer","player_choice":"Single Remove","floor":24.0,"gold_loss":60.0,"damage_taken":0.0},{"damage_healed":0.0,"max_hp_gain":0.0,"max_hp_loss":5.0,"gold_gain":0.0,"event_name":"Winding Halls","player_choice":"Max HP","floor":36.0,"gold_loss":0.0,"damage_taken":0.0},{"damage_healed":0.0,"max_hp_gain":0.0,"max_hp_loss":0.0,"gold_gain":0.0,"event_name":"Tomb of Lord Red Mask","player_choice":"Paid","floor":42.0,"gold_loss":112.0,"damage_taken":0.0,"relics_obtained":["Red Mask"]}],"is_beta":false,"boss_relics":[{"not_picked":["Runic Dome","Empty Cage"],"picked":"Cursed Key"},{"not_picked":["Velvet Choker","Runic Pyramid"],"picked":"Coffee Dripper"}],"items_purged_floors":[5,39],"is_endless":false,"potions_floor_spawned":[8,14,16,19,28,31,37,41],"killed_by":"Awakened One","ascension_level":7}