{"gold_per_floor":[361,378,378,234,250,283,38,48,48,77,96,44,64,78,78,182,182,201,61,61,61,61,93,93,93,144,144,154,165,264,315,315,315],"floor_reached":33,"playtime":3188,"items_purged":["Defend_B","Strike_B"],"score":360,"play_id":"5515d73d-ba27-43e7-b368-e2bf33f574d1","local_time":"20180625154207","is_ascension_mode":true,"campfire_choices":[{"floor":15,"key":"REST"},{"floor":32,"key":"REST"}],"neow_cost":"TEN_PERCENT_HP_LOSS","seed_source_timestamp":1610318490278,"circlet_count":0,"master_deck":["Strike_B","Strike_B","Strike_B","Defend_B","Defend_B","Defend_B+1","Zap+1","Dualcast+1","Sweeping Beam","Echo Form","Glacier","Fusion","Beam Cell","Cold Snap","Skim","Go for the Eyes","Electrodynamics","Force Field","BootSequence","Thunder Strike","Reinforced Body+1","Writhe","Ball Lightning","Chill+1"],"special_seed":17707,"relics":["Cracked Core","Lantern","Juzu Bracelet","Happy Flower","Cables","Orrery","Potion Belt","Prayer Wheel","Bag of Preparation","Blood Vial"],"potions_floor_usage":[8,23,23,23,28,29,29],"damage_taken":[{"damage":0,"enemies":"Small Slimes","floor":1,"turns":3},{"damage":2,"enemies":"Jaw Worm","floor":2,"turns":3},{"damage":0,"enemies":"2 Louse","floor":5,"turns":2},{"damage":0,"enemies":"Lagavulin","floor":6,"turns":7},{"damage":0,"enemies":"Lots of Slimes","floor":8,"turns":1},{"damage":10,"enemies":"3 Sentries","floor":10,"turns":5},{"damage":0,"enemies":"Looter","floor":11,"turns":3},{"damage":8,"enemies":"Large Slime","floor":13,"turns":4},{"damage":6,"enemies":"3 Louse","floor":14,"turns":3},{"damage":38,"enemies":"Hexaghost","floor":16,"turns":11},{"damage":0,"enemies":"3 Byrds","floor":18,"turns":2},{"damage":33,"enemies":"Book of Stabbing","floor":23,"turns":4},{"damage":8,"enemies":"Shell Parasite","floor":28,"turns":7},{"damage":12,"enemies":"Centurion and Healer","floor":29,"turns":7},{"damage":47,"enemies":"Champ","floor":33,"turns":10}],"seed_played":"-5539197402340742677","potions_obtained":[{"floor":2,"key":"Explosive Potion"},{"floor":6,"key":"Fire Potion"},{"floor":8,"key":"Energy Potion"},{"floor":13,"key":"SteroidPotion"},{"floor":16,"key":"EntropicBrew"},{"floor":29,"key":"Fire Potion"}],"is_trial":false,"path_per_floor":["M","M","?","$","M","E","$","M","T","E","M","$","M","M","R","B",null,"M","$","?","?","$","E","?","?","T","?","M","M","?","T","R"],"character_chosen":"DEFECT","items_purchased":["Glacier","Juzu Bracelet","Cold Snap","Thunder Strike"],"campfire_rested":2,"item_purchase_floors":[4,7,12,19],"current_hp_per_floor":[68,66,52,52,52,52,52,52,52,42,42,42,34,28,48,10,68,68,68,68,68,68,35,35,35,35,23,22,24,24,24,45,0],"gold":315,"neow_bonus":"TWO_FIFTY_GOLD","is_prod":false,"is_daily":false,"chose_seed":false,"campfire_upgraded":0,"win_rate":0,"timestamp":1529959327,"path_taken":["M","M","?","$","?","E","$","M","T","E","M","$","M","M","R","BOSS","M","$","?","?","$","E","?","?","T","?","M","M","?","?","R","BOSS"],"build_version":"2018-06-21v2","purchased_purges":2,"victory":false,"max_hp_per_floor":[68,68,68,68,68,68,68,68,68,68,68,68,68,68,68,68,68,68,68,68,68,68,68,68,68,68,73,73,73,73,73,73,73],"card_choices":[{"not_picked":["Beam Cell","Stack"],"picked":"Sweeping Beam","floor":1},{"not_picked":["Gash","Heatsinks"],"picked":"Echo Form","floor":2},{"not_picked":["Heatsinks","Stack","Compile Driver"],"picked":"SKIP","floor":5},{"not_picked":["Glacier","Redo"],"picked":"Fusion","floor":6},{"not_picked":["Consume","Turbo"],"picked":"Beam Cell","floor":8},{"not_picked":["Beam Cell","Fission","Stack"],"picked":"SKIP","floor":10},{"not_picked":["Chaos","Rebound","Heatsinks"],"picked":"SKIP","floor":11},{"not_picked":["Turbo","Stack"],"picked":"Skim","floor":13},{"not_picked":["Rebound","Beam Cell"],"picked":"Go for the Eyes","floor":14},{"not_picked":["Reboot","Machine Learning"],"picked":"Electrodynamics","floor":16},{"not_picked":["Sweeping Beam","Turbo"],"picked":"Force Field","floor":17},{"not_picked":["Conserve Battery","Sweeping Beam"],"picked":"BootSequence","floor":17},{"not_picked":["Doom and Gloom+1","Coolheaded","Reprogram"],"picked":"SKIP","floor":18},{"not_picked":["Barrage","Beam Cell"],"picked":"Reinforced Body+1","floor":23},{"not_picked":["Cold Snap","Conserve Battery","Barrage"],"picked":"SKIP","floor":28},{"not_picked":["Force Field","Hello World","Steam Power"],"picked":"SKIP","floor":28},{"not_picked":["Rebound","Go for the Eyes+1"],"picked":"Ball Lightning","floor":29},{"not_picked":["Stack","Multi-Cast"],"picked":"Chill+1","floor":29}],"player_experience":243667,"relics_obtained":[{"floor":6,"key":"Lantern"},{"floor":9,"key":"Happy Flower"},{"floor":10,"key":"Cables"},{"floor":23,"key":"Potion Belt"},{"floor":26,"key":"Bag of Preparation"},{"floor":31,"key":"Blood Vial"}],"event_choices":[{"event_name":"Shining Light","player_choice":"Entered Light","floor":3,"damage_taken":0},{"event_name":"Addict","player_choice":"Ignored","floor":20,"damage_taken":0},{"event_name":"Vampires","player_choice":"Ignored","floor":21,"damage_taken":0},{"event_name":"Upgrade Shrine","player_choice":"Upgraded","floor":24,"damage_taken":0},{"event_name":"The Mausoleum","player_choice":"Yes","floor":25,"damage_taken":0},{"event_name":"Forgotten Altar","player_choice":"Shed Blood","floor":27,"damage_taken":0},{"event_name":"Nest","player_choice":"Stole From Cult","floor":30,"damage_taken":0}],"boss_relics":[{"not_picked":["Ectoplasm","Busted Crown"],"picked":"Orrery"}],"items_purged_floors":[4,7],"is_endless":false,"potions_floor_spawned":[2,6,8,13,16,18,29],"killed_by":"Champ","ascension_level":4}