{"path_per_floor":["M","M","?","M","$","R","E","M","T","M","E","M","R","M","R","B",null,"M","M","$","M","?","R","E","?","T"],"character_chosen":"IRONCLAD","items_purchased":["Offering","Metallicize","Bag of Marbles"],"gold_per_floor":[115,135,135,154,1,1,27,42,42,60,93,104,104,115,115,211,211,223,235,5,24,24,24,53,53,76,76],"floor_reached":27,"campfire_rested":0,"playtime":1408,"current_hp_per_floor":[78,80,80,80,80,80,41,39,39,45,31,33,33,39,39,33,68,70,67,67,60,45,45,45,45,45,0],"items_purged":["Strike_R"],"gold":76,"score":306,"play_id":"d45fe413-9cb7-4e99-99ae-0ba464c5a1ec","local_time":"20180419130401","is_prod":false,"is_daily":false,"chose_seed":false,"is_ascension_mode":true,"campfire_upgraded":1,"timestamp":1524168241,"path_taken":["M","M","?","M","$","R","E","M","T","M","E","M","R","M","R","BOSS","M","M","$","M","?","R","E","?","T","E"],"build_version":"2018-04-12","seed_source_timestamp":660036750265264,"purchased_purges":1,"victory":false,"master_deck":["Strike_R","Strike_R","Strike_R","Strike_R","Defend_R","Defend_R","Defend_R+1","Defend_R","Bash","Writhe","Whirlwind+1","Trip","Shrug It Off","Offering","Iron Wave+1","Shrug It Off+1","Iron Wave+1","Heavy Blade+1","Offering","Rupture+1","Heavy Blade+1","Metallicize+1","Iron Wave+1","Clash+1"],"max_hp_per_floor":[80,80,80,80,80,80,80,80,80,80,80,80,80,80,80,80,80,80,80,80,80,85,85,85,85,85,85],"relics":["Burning Blood","Girya","Molten Egg 2","Darkstone Periapt","Frozen Egg 2","Velvet Choker","Bag of Marbles","War Paint","Bronze Scales"],"card_choices":[{"not_picked":["Headbutt","Clothesline"],"picked":"Whirlwind","floor":1},{"not_picked":["Clothesline","Perfected Strike"],"picked":"Shrug It Off","floor":4},{"not_picked":["Exhume","Whirlwind"],"picked":"Iron Wave","floor":7},{"not_picked":["Sword Boomerang","Flex"],"picked":"Shrug It Off","floor":10},{"not_picked":["Disarm","Heavy Blade"],"picked":"Iron Wave","floor":12},{"not_picked":["Ghostly Armor","True Grit"],"picked":"Heavy Blade","floor":14},{"not_picked":["Impervious","Barricade"],"picked":"Offering","floor":16},{"not_picked":["Shrug It Off","Reckless Charge"],"picked":"Rupture","floor":18},{"not_picked":["Rampage","Sword Boomerang"],"picked":"Heavy Blade","floor":19},{"not_picked":["Heavy Blade","Bloodletting"],"picked":"Iron Wave","floor":21},{"not_picked":["Burning Pact","Armaments"],"picked":"Clash","floor":24}],"player_experience":308724,"potions_floor_usage":[11,14,14,24,27],"damage_taken":[{"damage":8,"enemies":"2 Louse","floor":1,"turns":4},{"damage":1,"enemies":"Cultist","floor":2,"turns":3},{"damage":0,"enemies":"Small Slimes","floor":4,"turns":3},{"damage":45,"enemies":"Lagavulin","floor":7,"turns":7},{"damage":8,"enemies":"Blue Slaver","floor":8,"turns":4},{"damage":0,"enemies":"Lots of Slimes","floor":10,"turns":2},{"damage":20,"enemies":"Gremlin Nob","floor":11,"turns":4},{"damage":4,"enemies":"Large Slime","floor":12,"turns":3},{"damage":0,"enemies":"Gremlin Gang","floor":14,"turns":1},{"damage":12,"enemies":"Hexaghost","floor":16,"turns":8},{"damage":4,"enemies":"3 Byrds","floor":18,"turns":5},{"damage":9,"enemies":"Shell Parasite","floor":19,"turns":3},{"damage":13,"enemies":"Snake Plant","floor":21,"turns":2},{"damage":6,"enemies":"Book of Stabbing","floor":24,"turns":3},{"damage":50,"enemies":"Gremlin Leader","floor":27,"turns":3}],"event_choices":[{"event_name":"Match and Keep!","player_choice":"1 cards matched","floor":3,"damage_taken":0},{"event_name":"Forgotten Altar","player_choice":"Shed Blood","floor":22,"damage_taken":0},{"event_name":"Beggar","player_choice":"Ignored","floor":25,"damage_taken":0}],"boss_relics":[{"not_picked":["Pandora\u0027s Box","Lizard Tail"],"picked":"Velvet Choker"}],"potions_floor_spawned":[4,7,8,12,14,16,21,24],"seed_played":"3822473480012504","killed_by":"Gremlin Leader","ascension_level":5,"is_trial":false}