{"gold_per_floor":[111,111,186,59,73,106,106,119,191,206,222,251,251,269,269,366,366,377,377,24,41,58,58,85,85,85,97,97,113,113,128,128,224,224,238,238,0,14,14,39,51,70,70,70,102,121,121,140,140,140],"floor_reached":51,"playtime":3447,"items_purged":["Strike_G","Cloak And Dagger+1"],"score":791,"play_id":"f5a3490c-ec5b-4264-8c93-43165e095b25","local_time":"20181004204343","is_ascension_mode":false,"campfire_choices":[{"data":"Neutralize","floor":7.0,"key":"SMITH"},{"data":"Dash","floor":13.0,"key":"SMITH"},{"data":"Well Laid Plans","floor":15.0,"key":"SMITH"},{"data":"Glass Knife","floor":23.0,"key":"SMITH"},{"data":"Dagger Spray","floor":25.0,"key":"SMITH"},{"data":"Backstab","floor":28.0,"key":"SMITH"},{"data":"Backflip","floor":30,"key":"SMITH"},{"data":"Survivor","floor":32,"key":"SMITH"},{"data":"Footwork","floor":44,"key":"SMITH"},{"data":"Tools of the Trade","floor":47,"key":"SMITH"},{"floor":49,"key":"REST"}],"neow_cost":"NONE","seed_source_timestamp":0,"circlet_count":0,"master_deck":["Defend_G","Defend_G","Defend_G","Defend_G","Defend_G","Strike_G+1","Strike_G+1","Strike_G","Strike_G","Survivor+1","Neutralize+1","Dagger Spray+1","Backflip+1","Crippling Poison","Dash+1","Backstab+1","Deflect+1","Leg Sweep+1","Well Laid Plans+1","Glass Knife+1","Dodge and Roll+1","Blur+1","Backflip+1","Tools of the Trade+1","Footwork+1","Quick Slash","Quick Slash+1","Riddle With Holes+1"],"special_seed":0,"relics":["Ring of the Snake","Whetstone","Strawberry","Matryoshka","Happy Flower","Toxic Egg 2","Paper Crane","Velvet Choker","Shuriken","Dream Catcher","Boot","Du-Vu Doll","Busted Crown","Unceasing Top","Red Mask","Blue Candle","Calipers","Blood Vial"],"potions_floor_usage":[45,50],"damage_taken":[{"damage":1.0,"enemies":"Small Slimes","floor":1.0,"turns":3.0},{"damage":0.0,"enemies":"2 Louse","floor":5.0,"turns":2.0},{"damage":37.0,"enemies":"Lagavulin","floor":6.0,"turns":14.0},{"damage":0.0,"enemies":"Cultist","floor":8.0,"turns":3.0},{"damage":0.0,"enemies":"Large Slime","floor":10.0,"turns":5.0},{"damage":2.0,"enemies":"Exordium Thugs","floor":11.0,"turns":4.0},{"damage":8.0,"enemies":"Gremlin Nob","floor":12.0,"turns":5.0},{"damage":7.0,"enemies":"Exordium Wildlife","floor":14.0,"turns":6.0},{"damage":0.0,"enemies":"The Guardian","floor":16.0,"turns":14.0},{"damage":8.0,"enemies":"Chosen","floor":18.0,"turns":6.0},{"damage":0.0,"enemies":"Shell Parasite","floor":21.0,"turns":5.0},{"damage":0.0,"enemies":"Chosen and Byrds","floor":22.0,"turns":7.0},{"damage":1.0,"enemies":"Book of Stabbing","floor":24.0,"turns":6.0},{"damage":0.0,"enemies":"3 Cultists","floor":27.0,"turns":5.0},{"damage":3,"enemies":"Centurion and Healer","floor":29,"turns":6},{"damage":5,"enemies":"Sentry and Sphere","floor":31,"turns":5},{"damage":10,"enemies":"Automaton","floor":33,"turns":11},{"damage":0,"enemies":"3 Darklings","floor":35,"turns":5},{"damage":0,"enemies":"Mind Bloom Boss Battle","floor":36,"turns":7},{"damage":0,"enemies":"Orb Walker","floor":38,"turns":3},{"damage":0,"enemies":"2 Orb Walkers","floor":40,"turns":7},{"damage":0,"enemies":"Sphere and 2 Shapes","floor":41,"turns":6},{"damage":15,"enemies":"Spire Growth","floor":42,"turns":6},{"damage":6,"enemies":"Nemesis","floor":45,"turns":9},{"damage":26,"enemies":"Reptomancer","floor":46,"turns":7},{"damage":0,"enemies":"Transient","floor":48,"turns":5},{"damage":22,"enemies":"Awakened One","floor":50,"turns":14}],"seed_played":"-496657314614238494","potions_obtained":[{"floor":8.0,"key":"GamblersBrew"},{"floor":10.0,"key":"Regen Potion"},{"floor":11.0,"key":"Ancient Potion"},{"floor":12.0,"key":"Regen Potion"},{"floor":14.0,"key":"Ancient Potion"},{"floor":22.0,"key":"AttackPotion"},{"floor":24.0,"key":"Regen Potion"},{"floor":45,"key":"SpeedPotion"}],"is_trial":false,"path_per_floor":["M","?","?","$","M","E","R","M","T","M","M","E","R","M","R","B",null,"M","?","$","M","M","R","E","R","T","M","R","M","R","M","R","B",null,"M","?","?","M","$","E","M","M","T","R","E","M","R","M","R","B"],"character_chosen":"THE_SILENT","items_purchased":["Backflip","Shuriken"],"campfire_rested":1,"item_purchase_floors":[4,20],"current_hp_per_floor":[69,73,62,62,62,25,25,25,25,25,23,29,29,22,22,22,77,69,69,69,69,69,69,68,68,68,68,68,65,65,60,60,50,77,77,77,77,77,77,77,77,62,62,62,71,47,47,49,72,65],"gold":140,"neow_bonus":"RANDOM_COMMON_RELIC","is_prod":false,"is_daily":false,"chose_seed":false,"campfire_upgraded":10,"win_rate":0,"timestamp":1538711023,"path_taken":["M","?","?","$","M","E","R","M","T","?","M","E","R","M","R","BOSS","M","?","$","M","M","R","E","R","T","M","R","M","R","M","R","BOSS","M","?","?","M","$","E","?","M","T","R","E","M","R","M","R","BOSS"],"build_version":"2018-10-04","purchased_purges":2,"victory":true,"max_hp_per_floor":[70,77,77,77,77,77,77,77,77,77,77,77,77,77,77,77,77,77,77,77,77,77,77,77,77,77,77,77,77,77,77,77,77,77,77,77,77,77,77,77,77,77,77,77,77,77,77,77,77,77],"card_choices":[{"not_picked":["Dodge and Roll","Blade Dance"],"picked":"Dagger Spray","floor":1.0},{"not_picked":["Reflex","Poisoned Stab"],"picked":"Crippling Poison","floor":5.0},{"not_picked":["Sucker Punch","Tools of the Trade"],"picked":"Dash","floor":6.0},{"not_picked":["Acrobatics","Outmaneuver"],"picked":"Backstab","floor":8.0},{"not_picked":["Quick Slash","Sucker Punch"],"picked":"Deflect+1","floor":10.0},{"not_picked":["Sucker Punch","Prepared+1"],"picked":"Leg Sweep+1","floor":11.0},{"not_picked":["Bane","Dagger Throw"],"picked":"Well Laid Plans","floor":12.0},{"not_picked":["Choke","Crippling Poison+1"],"picked":"Cloak And Dagger+1","floor":14.0},{"not_picked":["Phantasmal Killer+1","Venomology+1"],"picked":"Glass Knife","floor":16.0},{"not_picked":["Acrobatics+1","Dagger Spray+1"],"picked":"Dodge and Roll+1","floor":18.0},{"not_picked":["Outmaneuver+1","Expertise+1"],"picked":"Blur+1","floor":21.0},{"not_picked":["Cloak And Dagger+1","Catalyst+1","Sucker Punch+1"],"picked":"SKIP","floor":22.0},{"not_picked":["Unload","Endless Agony"],"picked":"Backflip+1","floor":24.0},{"not_picked":["Acrobatics+1","Expertise+1","Blade Dance+1"],"picked":"SKIP","floor":27.0},{"not_picked":["Slice","Dodge and Roll+1","Choke"],"picked":"SKIP","floor":29},{"not_picked":["Blade Dance+1","Heel Hook","Noxious Fumes"],"picked":"SKIP","floor":31},{"not_picked":["Wraith Form v2","Unload"],"picked":"Tools of the Trade","floor":33},{"not_picked":["Sucker Punch"],"picked":"SKIP","floor":35},{"not_picked":[],"picked":"Footwork","floor":36},{"not_picked":["Bane"],"picked":"SKIP","floor":38},{"not_picked":["Deadly Poison+1"],"picked":"SKIP","floor":40},{"not_picked":["Acrobatics+1"],"picked":"SKIP","floor":41},{"not_picked":[],"picked":"Quick Slash","floor":42},{"not_picked":["Acrobatics+1"],"picked":"SKIP","floor":45},{"not_picked":[],"picked":"Quick Slash+1","floor":46},{"not_picked":["Poisoned Stab+1"],"picked":"SKIP","floor":48},{"not_picked":[],"picked":"Riddle With Holes+1","floor":49}],"player_experience":871826,"relics_obtained":[{"floor":6.0,"key":"Matryoshka"},{"floor":9.0,"key":"Happy Flower"},{"floor":9.0,"key":"Toxic Egg 2"},{"floor":12.0,"key":"Paper Crane"},{"floor":24.0,"key":"Dream Catcher"},{"floor":26.0,"key":"Boot"},{"floor":26.0,"key":"Du-Vu Doll"},{"floor":36,"key":"Unceasing Top"},{"floor":40,"key":"Blue Candle"},{"floor":43,"key":"Calipers"},{"floor":45,"key":"Blood Vial"}],"event_choices":[{"event_name":"Scrap Ooze","player_choice":"success","floor":2.0,"damage_taken":3.0},{"event_name":"World of Goop","player_choice":"Gather Gold","floor":3.0,"damage_taken":0.0},{"event_name":"Vampires","player_choice":"Ignored","floor":19.0,"damage_taken":0.0},{"event_name":"MindBloom","player_choice":"Fight","floor":36,"damage_taken":0},{"event_name":"Tomb of Lord Red Mask","player_choice":"Paid","floor":37,"damage_taken":0}],"is_beta":false,"boss_relics":[{"not_picked":["Orrery","Runic Dome"],"picked":"Velvet Choker"},{"not_picked":["Ring of the Serpent","Black Star"],"picked":"Busted Crown"}],"items_purged_floors":[4,20],"is_endless":false,"potions_floor_spawned":[8,10,11,12,14,22,24,27,29,33,35,40,42,45],"ascension_level":0}