{"gold_per_floor":[110,260,275,20,20,20,40,71,96,96,108,8,26,26,26,103,103,115,115,129,129,3,3],"floor_reached":23,"playtime":1041,"items_purged":["Doubt","Pain"],"score":375,"play_id":"b3c7f8ca-c656-4aba-b9bc-6e3536235688","local_time":"20190222113439","is_ascension_mode":true,"campfire_choices":[{"data":"Loop","floor":6.0,"key":"SMITH"},{"floor":10.0,"key":"REST"},{"data":"Consume","floor":15.0,"key":"SMITH"}],"neow_cost":"NONE","seed_source_timestamp":306161112840958,"circlet_count":0,"master_deck":["AscendersBane","Strike_B+1","Strike_B+1","Strike_B+1","Defend_B+1","Defend_B+1","Defend_B+1","Defend_B+1","Zap","Dualcast","Darkness","Rebound","Loop+1","Conserve Battery","Bandage Up","Redo","Hologram","Consume+1","Ball Lightning","Buffer","Skim","Sunder","Leap"],"special_seed":0,"relics":["Cracked Core","WarpedTongs","Anchor","Whetstone","Regal Pillow","Philosopher\u0027s Stone","Potion Belt"],"potions_floor_usage":[23,23],"damage_taken":[{"damage":8.0,"enemies":"Jaw Worm","floor":1.0,"turns":4.0},{"damage":3.0,"enemies":"2 Louse","floor":3.0,"turns":3.0},{"damage":3.0,"enemies":"Cultist","floor":7.0,"turns":3.0},{"damage":52.0,"enemies":"Gremlin Nob","floor":8.0,"turns":5.0},{"damage":13.0,"enemies":"Exordium Thugs","floor":11.0,"turns":4.0},{"damage":2.0,"enemies":"Looter","floor":13.0,"turns":3.0},{"damage":6.0,"enemies":"Hexaghost","floor":16.0,"turns":8.0},{"damage":48.0,"enemies":"3 Byrds","floor":18.0,"turns":4.0},{"damage":1.0,"enemies":"Chosen","floor":20.0,"turns":5.0},{"damage":20,"enemies":"Gremlin Leader","floor":23,"turns":2}],"seed_played":"5783048465461527083","potions_obtained":[{"floor":1.0,"key":"Energy Potion"},{"floor":3.0,"key":"PowerPotion"},{"floor":7.0,"key":"FocusPotion"},{"floor":18.0,"key":"SkillPotion"}],"is_trial":false,"path_per_floor":["M","?","M","$","?","R","M","E","T","R","M","$","M","T","R","B",null,"M","?","M","?","$","E"],"character_chosen":"DEFECT","items_purchased":["Loop","Conserve Battery","Bandage Up","Sunder","Leap"],"campfire_rested":1,"item_purchase_floors":[4,4,4,22,22],"current_hp_per_floor":[56,56,53,53,53,53,54,2,2,23,10,10,8,8,8,6,55,11,11,10,10,10,0],"gold":3,"neow_bonus":"REMOVE_CARD","is_prod":false,"is_daily":false,"chose_seed":false,"campfire_upgraded":2,"win_rate":0,"timestamp":1550831679,"path_taken":["M","?","M","$","?","R","M","E","T","R","M","$","?","?","R","BOSS","M","?","?","?","$","E"],"build_version":"2019-01-23","purchased_purges":2,"victory":false,"max_hp_per_floor":[71,71,71,71,71,71,71,71,71,71,71,71,71,71,71,71,71,71,71,71,71,71,71],"card_choices":[{"not_picked":["Glacier","Fusion"],"picked":"Darkness","floor":1.0},{"not_picked":["Skim","Hello World"],"picked":"Rebound","floor":3.0},{"not_picked":["Reprogram","Rebound"],"picked":"Redo","floor":7.0},{"not_picked":["Undo","Force Field"],"picked":"Hologram","floor":8.0},{"not_picked":["Sweeping Beam","Hologram"],"picked":"Consume","floor":11.0},{"not_picked":["Beam Cell","Tempest"],"picked":"Ball Lightning","floor":13.0},{"not_picked":["Meteor Strike","Machine Learning"],"picked":"Buffer","floor":16.0},{"not_picked":["Steam","Rebound","Beam Cell"],"picked":"SKIP","floor":18.0},{"not_picked":["Beam Cell","Skim","Fusion"],"picked":"SKIP","floor":20.0},{"not_picked":["Beam Cell","Fusion"],"picked":"Skim","floor":20.0}],"player_experience":395768,"relics_obtained":[{"floor":8.0,"key":"Anchor"},{"floor":9.0,"key":"Whetstone"},{"floor":14.0,"key":"Regal Pillow"},{"floor":19.0,"key":"Potion Belt"}],"event_choices":[{"damage_healed":0.0,"max_hp_gain":0.0,"max_hp_loss":0.0,"gold_gain":150.0,"event_name":"Liars Game","player_choice":"AGREE","floor":2.0,"gold_loss":0.0,"damage_taken":0.0,"cards_obtained":["Doubt"]},{"damage_healed":0.0,"max_hp_gain":0.0,"max_hp_loss":0.0,"gold_gain":0.0,"event_name":"Accursed Blacksmith","player_choice":"Rummage","floor":5.0,"gold_loss":0.0,"damage_taken":0.0,"relics_obtained":["WarpedTongs"],"cards_obtained":["Pain"]},{"damage_healed":0.0,"max_hp_gain":0.0,"max_hp_loss":0.0,"gold_gain":0.0,"event_name":"Wheel of Change","player_choice":"Relic","floor":19.0,"gold_loss":0.0,"damage_taken":0.0},{"damage_healed":0.0,"max_hp_gain":0.0,"max_hp_loss":0.0,"gold_gain":0.0,"event_name":"Back to Basics","player_choice":"Simplicity","floor":21.0,"gold_loss":0.0,"damage_taken":0.0,"cards_upgraded":["Strike_B","Defend_B","Defend_B","Defend_B","Defend_B"]}],"is_beta":false,"boss_relics":[{"not_picked":["Orrery","Cursed Key"],"picked":"Philosopher\u0027s Stone"}],"items_purged_floors":[4,12],"is_endless":false,"potions_floor_spawned":[1,3,7,8,18],"killed_by":"Gremlin Leader","ascension_level":15}