{"gold_per_floor":[18,38,38,49,62,62,96,106,106,124,139,139,167,7,7,112,112,123,123,123,123,138,138,169,169,192,245,40,60,76,105,105,105],"floor_reached":33,"playtime":1754,"items_purged":["Strike_B"],"score":320,"play_id":"5e5cde3d-1893-44dd-ac60-385db5655da5","local_time":"20180721174251","is_ascension_mode":true,"campfire_choices":[{"data":"Zap","floor":6.0,"key":"SMITH"},{"data":"Dualcast","floor":12,"key":"SMITH"},{"floor":15,"key":"REST"},{"data":"Buffer","floor":23,"key":"SMITH"},{"floor":25,"key":"REST"},{"floor":32,"key":"REST"}],"neow_cost":"NO_GOLD","seed_source_timestamp":0,"circlet_count":0,"master_deck":["Strike_B","Defend_B","Defend_B","Defend_B","Zap+1","Dualcast+1","Ball Lightning","Self Repair","Ball Lightning","Darkness","Leap","Tempest","Capacitor","Conserve Battery","Buffer+1","Leap","Cold Snap","Lockon"],"special_seed":0,"relics":["Cracked Core","Juzu Bracelet","Darkstone Periapt","Odd Mushroom","Busted Crown","Frozen Egg 2","Oddly Smooth Stone","Strawberry","Runic Capacitor","Red Mask"],"potions_floor_usage":[11,13,16,24,24,31],"damage_taken":[{"damage":2.0,"enemies":"Jaw Worm","floor":1.0,"turns":3.0},{"damage":1.0,"enemies":"Cultist","floor":2.0,"turns":3.0},{"damage":12.0,"enemies":"Small Slimes","floor":4.0,"turns":2.0},{"damage":7.0,"enemies":"2 Fungi Beasts","floor":5.0,"turns":3.0},{"damage":30.0,"enemies":"Lagavulin","floor":7.0,"turns":6.0},{"damage":1.0,"enemies":"Exordium Wildlife","floor":8.0,"turns":2.0},{"damage":9.0,"enemies":"Red Slaver","floor":10.0,"turns":2.0},{"damage":23,"enemies":"Gremlin Gang","floor":11,"turns":4},{"damage":11,"floor":13,"turns":3},{"damage":36,"enemies":"Hexaghost","floor":16,"turns":8},{"damage":8,"enemies":"Spheric Guardian","floor":18,"turns":4},{"damage":32,"enemies":"Chosen","floor":22,"turns":5},{"damage":61,"enemies":"Book of Stabbing","floor":24,"turns":7},{"damage":0,"enemies":"Snecko","floor":29,"turns":5},{"damage":19,"enemies":"Centurion and Healer","floor":30,"turns":5},{"damage":14,"floor":31,"turns":4},{"damage":66,"enemies":"Champ","floor":33,"turns":9}],"seed_played":"-7358362048575517532","potions_obtained":[{"floor":2.0,"key":"SkillPotion"},{"floor":5.0,"key":"LiquidBronze"},{"floor":7.0,"key":"Dexterity Potion"},{"floor":11,"key":"Dexterity Potion"},{"floor":13,"key":"SpeedPotion"},{"floor":16,"key":"Regen Potion"},{"floor":18,"key":"FocusPotion"},{"floor":21,"key":"Regen Potion"},{"floor":31,"key":"FearPotion"}],"is_trial":false,"path_per_floor":["M","M","?","M","M","R","E","M","T","M","M","R","?","$","R","B",null,"M","?","?","?","M","R","E","R","T","T","$","M","M","?","R"],"character_chosen":"DEFECT","items_purchased":["Capacitor","Conserve Battery","Runic Capacitor"],"campfire_rested":3,"item_purchase_floors":[14,14,28],"current_hp_per_floor":[73,72,75,63,63,63,40,46,46,44,21,21,17,17,39,10,75,74,74,74,74,42,42,13,35,35,42,42,49,37,30,54,0],"gold":105,"neow_bonus":"REMOVE_TWO","is_prod":false,"is_daily":false,"chose_seed":false,"campfire_upgraded":3,"win_rate":0,"timestamp":1532220171,"path_taken":["M","M","?","?","M","R","E","M","T","M","M","R","?","$","R","BOSS","M","?","?","?","M","R","E","R","T","?","$","M","M","?","R","BOSS"],"build_version":"2018-07-19v2","purchased_purges":1,"victory":false,"max_hp_per_floor":[75,75,75,75,75,75,75,75,75,75,75,75,75,75,75,75,75,75,75,75,75,75,75,75,75,75,82,82,82,82,82,82,82],"card_choices":[{"not_picked":["Rebound","Barrage"],"picked":"Ball Lightning","floor":1.0},{"not_picked":["Turbo","Gash","Meteor Strike"],"picked":"SKIP","floor":2.0},{"not_picked":["Rebound","Barrage"],"picked":"Self Repair","floor":4.0},{"not_picked":["BootSequence","Double Energy"],"picked":"Ball Lightning","floor":5.0},{"not_picked":["Heatsinks","Streamline","Hologram"],"picked":"SKIP","floor":7.0},{"not_picked":["Rebound","Turbo"],"picked":"Darkness","floor":8.0},{"not_picked":["Streamline","Ball Lightning"],"picked":"Leap","floor":10.0},{"not_picked":["Sunder","Beam Cell","Rebound"],"picked":"SKIP","floor":11},{"not_picked":["Turbo","Steam Power"],"picked":"Tempest","floor":13},{"not_picked":["Fission","Reboot"],"picked":"Buffer","floor":16},{"not_picked":[],"picked":"Leap","floor":18},{"not_picked":["Rebound"],"picked":"SKIP","floor":22},{"not_picked":[],"picked":"Cold Snap","floor":24},{"not_picked":[],"picked":"Lockon","floor":29},{"not_picked":["Doom and Gloom"],"picked":"SKIP","floor":30}],"player_experience":642538,"relics_obtained":[{"floor":7.0,"key":"Juzu Bracelet"},{"floor":9.0,"key":"Darkstone Periapt"},{"floor":13,"key":"Odd Mushroom"},{"floor":24,"key":"Frozen Egg 2"},{"floor":26,"key":"Oddly Smooth Stone"},{"floor":27,"key":"Strawberry"},{"floor":31,"key":"Red Mask"}],"event_choices":[{"event_name":"Wheel of Change","player_choice":"Full Heal","floor":3.0,"damage_taken":0.0},{"event_name":"Mushrooms","player_choice":"Fought Mushrooms","floor":13,"damage_taken":0},{"event_name":"Wheel of Change","player_choice":"Card Removal","floor":19,"damage_taken":0},{"event_name":"Drug Dealer","player_choice":"Ignored","floor":20,"damage_taken":0},{"event_name":"The Lab","player_choice":"Got Potions","floor":21,"damage_taken":0},{"event_name":"Masked Bandits","player_choice":"Fought over 76 gold","floor":31,"damage_taken":0}],"is_beta":false,"boss_relics":[{"not_picked":["Pandora\u0027s Box","Empty Cage"],"picked":"Busted Crown"}],"items_purged_floors":[14],"is_endless":false,"potions_floor_spawned":[2,5,7,11,13,16,18,22,31],"killed_by":"Champ","ascension_level":4}