{"gold_per_floor":[109,127,144,2,12,38,38,138,164,164,189,189,213,229,229,330,330,347,446,446,463,475,475],"floor_reached":23,"playtime":1180,"items_purged":["Strike_B"],"score":281,"play_id":"c188b3c9-9473-43fa-b538-08dd4ba35a06","local_time":"20180806221938","is_ascension_mode":true,"campfire_choices":[{"data":"Zap","floor":7,"key":"SMITH"},{"data":"Dualcast","floor":10,"key":"SMITH"},{"floor":12,"key":"REST"},{"data":"Tempest","floor":15,"key":"SMITH"}],"neow_cost":"","seed_source_timestamp":212133376870774,"circlet_count":0,"master_deck":["Strike_B","Strike_B","Strike_B","Defend_B","Defend_B","Defend_B","Defend_B","Zap+1","Dualcast+1","Sunder","Tempest+1","Cold Snap","Thunder Strike","Compile Driver","Leap","Electrodynamics","Auto Shields"],"relics":["Cracked Core","DataDisk","Boot","Vajra","Bag of Preparation","Philosopher\u0027s Stone"],"potions_floor_usage":[5,6,11,23],"damage_taken":[{"damage":1,"enemies":"Cultist","floor":1,"turns":3},{"damage":4,"enemies":"Jaw Worm","floor":2,"turns":3},{"damage":0,"enemies":"2 Louse","floor":3,"turns":1},{"damage":9,"enemies":"Blue Slaver","floor":5,"turns":3},{"damage":41,"enemies":"Lagavulin","floor":6,"turns":7},{"damage":12,"enemies":"Gremlin Nob","floor":11,"turns":3},{"damage":0,"enemies":"2 Fungi Beasts","floor":14,"turns":2},{"damage":14,"enemies":"Hexaghost","floor":16,"turns":8},{"damage":34,"enemies":"3 Byrds","floor":18,"turns":3},{"damage":0,"enemies":"Chosen","floor":21,"turns":3},{"damage":0,"enemies":"Snake Plant","floor":22,"turns":2},{"damage":25,"enemies":"Slavers","floor":23,"turns":2}],"seed_played":"2169401987765587521","potions_obtained":[{"floor":1,"key":"FocusPotion"},{"floor":3,"key":"SkillPotion"},{"floor":6,"key":"EssenceOfSteel"},{"floor":11,"key":"FearPotion"},{"floor":18,"key":"Fire Potion"}],"is_trial":false,"path_per_floor":["M","M","M","$","M","E","R","?","T","R","E","R","T","M","R","B",null,"M","?","?","M","M"],"character_chosen":"DEFECT","items_purchased":["Thunder Strike"],"campfire_rested":1,"item_purchase_floors":[4],"current_hp_per_floor":[67,63,63,63,54,13,13,13,13,13,1,23,23,23,23,9,59,25,25,25,25,25,0],"gold":475,"neow_bonus":"","is_prod":false,"is_daily":false,"chose_seed":false,"campfire_upgraded":3,"win_rate":0,"timestamp":1533611978,"path_taken":["M","?","M","$","?","E","R","?","T","R","E","R","?","M","R","BOSS","M","?","?","M","M","E"],"build_version":"2018-08-02","purchased_purges":1,"victory":false,"max_hp_per_floor":[75,75,75,75,75,75,75,75,75,75,75,75,75,75,75,75,75,75,75,75,75,75,75],"card_choices":[{"not_picked":["Storm","Gash"],"picked":"Sunder","floor":1},{"not_picked":["Genetic Algorithm","Undo"],"picked":"Tempest","floor":2},{"not_picked":["Streamline","Recycle"],"picked":"Cold Snap","floor":3},{"not_picked":["Coolheaded","Capacitor","Recycle"],"picked":"SKIP","floor":5},{"not_picked":["Consume","Reboot"],"picked":"Compile Driver","floor":6},{"not_picked":["Reprogram","Barrage","Streamline"],"picked":"SKIP","floor":11},{"not_picked":["Streamline","Redo"],"picked":"Leap","floor":14},{"not_picked":["Hyperbeam","Fission"],"picked":"Electrodynamics","floor":16},{"not_picked":["Cold Snap","Steam","Aggregate"],"picked":"SKIP","floor":18},{"not_picked":["Hologram","Streamline"],"picked":"Auto Shields","floor":21},{"not_picked":["Streamline","Gash+1","Auto Shields"],"picked":"SKIP","floor":22}],"player_experience":323754,"relics_obtained":[{"floor":6,"key":"DataDisk"},{"floor":9,"key":"Boot"},{"floor":11,"key":"Vajra"},{"floor":13,"key":"Bag of Preparation"}],"event_choices":[{"event_name":"Golden Shrine","player_choice":"Pray","floor":8,"damage_taken":0},{"event_name":"Nest","player_choice":"Stole From Cult","floor":19,"damage_taken":0},{"event_name":"Ghosts","player_choice":"Ignored","floor":20,"damage_taken":0}],"is_beta":false,"boss_relics":[{"not_picked":["Nuclear Battery","Pandora\u0027s Box"],"picked":"Philosopher\u0027s Stone"}],"items_purged_floors":[4],"is_endless":false,"potions_floor_spawned":[1,3,6,11,18],"killed_by":"Slavers","ascension_level":8}