{"path_per_floor":["M","$","?","$","T","R","E","R","T","M","E","?","E","M","R","B",null,"M","$","M","$","M","E","R"],"character_chosen":"IRONCLAD","items_purchased":["Bronze Scales","Pommel Strike"],"gold_per_floor":[361,129,204,80,80,80,108,108,186,196,224,324,352,365,365,463,463,477,352,370,220,234,260,260,260],"floor_reached":25,"campfire_rested":1,"playtime":1527,"current_hp_per_floor":[35,35,24,24,24,24,15,39,39,48,38,38,41,50,50,48,80,80,80,80,80,80,63,63,0],"items_purged":["Strike_R","Strike_R","Strike_R","Strike_R"],"gold":260,"score":273,"play_id":"b62bad0d-07b4-45b7-a51f-f969b14162fd","local_time":"20180404205602","is_prod":false,"is_daily":false,"is_ascension_mode":true,"campfire_upgraded":3,"timestamp":1522900562,"path_taken":["M","$","?","?","?","R","E","R","T","?","E","?","E","M","R","BOSS","M","$","?","$","M","E","R","E"],"build_version":"2018-03-29v2","purchased_purges":4,"victory":false,"master_deck":["Strike_R","Defend_R+1","Defend_R+1","Defend_R","Defend_R","Bash","Clothesline+1","Pommel Strike","Iron Wave","Blood for Blood","Flame Barrier","Clash","Metallicize+1","Reaper","Metallicize+1","Iron Wave","Blood for Blood"],"max_hp_per_floor":[80,80,80,80,80,80,80,80,80,80,80,80,80,80,80,80,80,80,80,80,80,80,80,80,80],"relics":["Burning Blood","Bronze Scales","Magic Flower","Matryoshka","Prayer Wheel","Self Forming Clay","War Paint","Peace Pipe","Sozu","Kunai"],"card_choices":[{"not_picked":["Second Wind","Sentinel"],"picked":"Clothesline","floor":1},{"not_picked":["Havoc","Sentinel"],"picked":"Iron Wave","floor":7},{"not_picked":["Intimidate","Rupture"],"picked":"Blood for Blood","floor":10},{"not_picked":["Battle Trance","Hemokinesis"],"picked":"Flame Barrier","floor":11},{"not_picked":["Headbutt","Fire Breathing"],"picked":"Clash","floor":13},{"not_picked":["Uppercut","Demon Form"],"picked":"Metallicize","floor":14},{"not_picked":["Immolate","Brutality"],"picked":"Reaper","floor":16},{"not_picked":["Sword Boomerang","Body Slam"],"picked":"Metallicize","floor":18},{"not_picked":["Shockwave","Hemokinesis"],"picked":"Iron Wave","floor":20},{"not_picked":["Armaments","Hemokinesis"],"picked":"Blood for Blood","floor":22}],"player_experience":222416,"potions_floor_usage":[7,16,16],"damage_taken":[{"damage":11,"enemies":"2 Louse","floor":1,"turns":3},{"damage":43,"enemies":"Lagavulin","floor":7,"turns":8},{"damage":0,"enemies":"Small Slimes","floor":10,"turns":3},{"damage":19,"enemies":"Gremlin Nob","floor":11,"turns":4},{"damage":6,"enemies":"3 Sentries","floor":13,"turns":8},{"damage":0,"enemies":"Cultist","floor":14,"turns":3},{"damage":11,"enemies":"Hexaghost","floor":16,"turns":10},{"damage":10,"enemies":"Spheric Guardian","floor":18,"turns":5},{"damage":5,"enemies":"3 Byrds","floor":20,"turns":3},{"damage":7,"enemies":"Snake Plant","floor":22,"turns":3},{"damage":26,"enemies":"Slavers","floor":23,"turns":7},{"damage":82,"enemies":"Gremlin Leader","floor":25,"turns":9}],"event_choices":[{"event_name":"World of Goop","player_choice":"Gather Gold","floor":3,"damage_taken":0},{"event_name":"Wheel of Change","player_choice":"Gold","floor":12,"damage_taken":0}],"boss_relics":[{"not_picked":["Philosopher\u0027s Stone","Cursed Key"],"picked":"Sozu"}],"potions_floor_spawned":[1,11,14,22,23],"seed_played":"-1907698762411105618","killed_by":"Gremlin Leader","ascension_level":3,"is_trial":false}