{"gold_per_floor":[117,15,15,15,27,27,55,130,154,171,171,187,216,227,227,299,299,299,299,299,146,146,146,146,146,146,146,146,146,55,55,55,55],"floor_reached":33,"playtime":2299,"items_purged":["Strike_B"],"score":498,"play_id":"48963f49-e84c-4dca-ac46-f923bca76346","local_time":"20181231161615","is_ascension_mode":true,"campfire_choices":[{"data":"Zap","floor":6.0,"key":"SMITH"},{"data":"Dualcast","floor":11.0,"key":"SMITH"},{"data":"Hologram","floor":15.0,"key":"SMITH"},{"floor":24,"key":"REST"},{"data":"Fission","floor":27,"key":"SMITH"},{"data":"Defragment","floor":29,"key":"SMITH"},{"floor":32,"key":"REST"}],"neow_cost":"NONE","seed_source_timestamp":0,"circlet_count":0,"master_deck":["AscendersBane","Strike_B","Strike_B","Strike_B","Defend_B","Defend_B","Defend_B","Defend_B","Zap+1","Dualcast+1","BootSequence","Sunder","Ball Lightning","Chill","Compile Driver","Leap","Steam","Reboot","Hologram+1","Fission+1","Leap+1","Defragment+1","Compile Driver","Seek","Leap","Defragment","Cold Snap"],"special_seed":0,"relics":["Cracked Core","Sundial","Pen Nib","Ectoplasm","Dodecahedron","Centennial Puzzle"],"potions_floor_usage":[23,33,33],"damage_taken":[{"damage":0.0,"enemies":"2 Louse","floor":1.0,"turns":2.0},{"damage":0.0,"enemies":"Small Slimes","floor":5.0,"turns":3.0},{"damage":0.0,"enemies":"3 Sentries","floor":7.0,"turns":7.0},{"damage":0.0,"enemies":"Cultist","floor":10.0,"turns":3.0},{"damage":7.0,"enemies":"Exordium Thugs","floor":12.0,"turns":3.0},{"damage":14.0,"enemies":"Gremlin Nob","floor":13.0,"turns":4.0},{"damage":3.0,"enemies":"Blue Slaver","floor":14.0,"turns":4.0},{"damage":27.0,"enemies":"The Guardian","floor":16.0,"turns":9.0},{"damage":0.0,"enemies":"Spheric Guardian","floor":18.0,"turns":3.0},{"damage":33.0,"enemies":"3 Byrds","floor":19.0,"turns":7.0},{"damage":0.0,"enemies":"Centurion and Healer","floor":22.0,"turns":6.0},{"damage":17,"enemies":"Book of Stabbing","floor":23,"turns":5},{"damage":7,"enemies":"Snecko","floor":25,"turns":5},{"damage":14,"enemies":"Snake Plant","floor":28,"turns":5},{"damage":6,"enemies":"Sentry and Sphere","floor":31,"turns":5},{"damage":36,"enemies":"Collector","floor":33,"turns":9}],"seed_played":"-810255322205325029","potions_obtained":[{"floor":7.0,"key":"Energy Potion"},{"floor":13.0,"key":"LiquidBronze"},{"floor":25,"key":"Strength Potion"},{"floor":28,"key":"Poison Potion"}],"is_trial":false,"path_per_floor":["M","$","?","?","M","R","E","?","T","M","R","M","E","M","R","B",null,"M","M","?","$","M","E","R","M","T","R","M","R","$","M","R","B"],"character_chosen":"DEFECT","items_purchased":["Ball Lightning","Strength Potion","Defragment","Defragment","Cold Snap"],"campfire_rested":2,"item_purchase_floors":[2,2,21,30,30],"current_hp_per_floor":[68,68,73,73,73,73,73,62,62,62,62,55,41,38,38,11,63,63,30,30,30,30,13,37,30,30,30,16,16,16,10,34,0],"gold":55,"neow_bonus":"THREE_CARDS","is_prod":false,"is_daily":false,"chose_seed":false,"campfire_upgraded":5,"win_rate":0,"timestamp":1546294575,"path_taken":["M","$","?","?","M","R","E","?","T","M","R","M","E","M","R","BOSS","M","M","?","$","?","E","R","M","T","R","M","R","$","M","R","BOSS"],"build_version":"2018-12-20","purchased_purges":1,"victory":false,"max_hp_per_floor":[75,75,80,80,80,80,80,80,80,80,80,80,80,80,80,80,80,80,80,80,80,80,80,80,80,80,80,80,80,80,80,80,80],"card_choices":[{"not_picked":["Consume","Go for the Eyes"],"picked":"BootSequence","floor":0.0},{"not_picked":["Barrage","Chaos"],"picked":"Sunder","floor":1.0},{"not_picked":["Cold Snap","Go for the Eyes"],"picked":"Chill","floor":5.0},{"not_picked":["Cold Snap","Double Energy"],"picked":"Compile Driver","floor":7.0},{"not_picked":["White Noise","Stack"],"picked":"Leap","floor":10.0},{"not_picked":["Hyperbeam","Turbo"],"picked":"Steam","floor":12.0},{"not_picked":["Beam Cell","Conserve Battery"],"picked":"Reboot","floor":13.0},{"not_picked":["Beam Cell","Gash"],"picked":"Hologram","floor":14.0},{"not_picked":["Hyperbeam","Biased Cognition"],"picked":"Fission","floor":16.0},{"not_picked":["Gash","Barrage+1"],"picked":"Leap+1","floor":18.0},{"not_picked":["Leap","Conserve Battery","Beam Cell"],"picked":"SKIP","floor":19.0},{"not_picked":["Sweeping Beam","Rebound"],"picked":"Compile Driver","floor":22.0},{"not_picked":["Streamline","Conserve Battery"],"picked":"Seek","floor":23},{"not_picked":["Beam Cell","Double Energy","Compile Driver"],"picked":"SKIP","floor":25},{"not_picked":["Compile Driver+1","Blizzard+1"],"picked":"Leap","floor":28},{"not_picked":["Sweeping Beam","Ball Lightning","Heatsinks"],"picked":"SKIP","floor":31}],"player_experience":448080,"relics_obtained":[{"floor":7.0,"key":"Sundial"},{"floor":13.0,"key":"Pen Nib"},{"floor":23,"key":"Dodecahedron"},{"floor":26,"key":"Centennial Puzzle"}],"event_choices":[{"damage_healed":0.0,"max_hp_gain":5.0,"max_hp_loss":0.0,"gold_gain":0.0,"event_name":"Big Fish","player_choice":"Donut","floor":3.0,"gold_loss":0.0,"damage_taken":0.0},{"damage_healed":0.0,"max_hp_gain":0.0,"max_hp_loss":0.0,"gold_gain":0.0,"event_name":"The Cleric","player_choice":"Leave","floor":4.0,"gold_loss":0.0,"damage_taken":0.0},{"damage_healed":0.0,"max_hp_gain":0.0,"max_hp_loss":0.0,"gold_gain":75.0,"event_name":"World of Goop","player_choice":"Gather Gold","floor":8.0,"gold_loss":0.0,"damage_taken":11.0},{"damage_healed":0.0,"max_hp_gain":0.0,"max_hp_loss":0.0,"gold_gain":100.0,"event_name":"Golden Shrine","player_choice":"Pray","floor":20.0,"gold_loss":0.0,"damage_taken":0.0}],"is_beta":false,"boss_relics":[{"not_picked":["Runic Pyramid","FrozenCore"],"picked":"Ectoplasm"}],"items_purged_floors":[21],"is_endless":false,"potions_floor_spawned":[7,10,13,25,28],"killed_by":"Collector","ascension_level":13}