{"gold_per_floor":[20,20,35,50,69,69,99,117,189,114,140,140,160,160,160,255,255,272,272,32,52,52,87,99,111,123,165,177,200,228,256,268,383,395,426,438,450,195,70,100,100,135,135,146,161,161,177,209,209,209],"floor_reached":51,"playtime":3579,"items_purged":["Strike_B","Normality","Strike_B+1"],"score":1006,"play_id":"6ad568d3-0ee7-4020-9a80-1fa4399ed157","local_time":"20180726211829","is_ascension_mode":true,"campfire_choices":[{"data":"Zap","floor":6.0,"key":"SMITH"},{"data":"Dualcast","floor":12.0,"key":"SMITH"},{"data":"Loop","floor":15.0,"key":"SMITH"},{"data":"Machine Learning","floor":24.0,"key":"SMITH"},{"floor":28,"key":"REST"},{"floor":32,"key":"REST"},{"floor":41,"key":"REST"},{"floor":46,"key":"REST"},{"floor":49,"key":"REST"}],"neow_cost":"NO_GOLD","seed_source_timestamp":0,"circlet_count":0,"master_deck":["Strike_B+1","Defend_B+1","Defend_B+1","Defend_B+1","Defend_B+1","Zap+1","Dualcast+1","Ball Lightning","Conserve Battery","Ball Lightning","Ball Lightning","Electrodynamics","Leap","Steam","Loop+1","Fission+1","Static Discharge+1","Go for the Eyes","Machine Learning+1","Cold Snap","Zap+1","Stack+1","Glacier+1","Stack+1","White Noise+1","Chill+1","Conserve Battery+1","Go for the Eyes+1"],"special_seed":0,"relics":["Cracked Core","Ancient Tea Set","Ornamental Fan","Du-Vu Doll","Toxic Egg 2","Philosopher\u0027s Stone","Matryoshka","MawBank","Regal Pillow","Anchor","Letter Opener","Busted Crown","Meat on the Bone","Oddly Smooth Stone","Ice Cream","Pear","Pen Nib","Thread and Needle","Lantern"],"potions_floor_usage":[27,27,27,42,50,50],"damage_taken":[{"damage":0.0,"enemies":"Jaw Worm","floor":1.0,"turns":3.0},{"damage":1.0,"enemies":"Cultist","floor":3.0,"turns":3.0},{"damage":0.0,"enemies":"2 Louse","floor":4.0,"turns":2.0},{"damage":7.0,"enemies":"Exordium Wildlife","floor":5.0,"turns":3.0},{"damage":18.0,"enemies":"Lagavulin","floor":7.0,"turns":6.0},{"damage":9.0,"enemies":"2 Fungi Beasts","floor":8.0,"turns":2.0},{"damage":16.0,"enemies":"Gremlin Nob","floor":11.0,"turns":3.0},{"damage":3.0,"enemies":"Large Slime","floor":13.0,"turns":3.0},{"damage":23.0,"enemies":"The Guardian","floor":16.0,"turns":10.0},{"damage":4.0,"enemies":"Chosen","floor":18.0,"turns":3.0},{"damage":12.0,"enemies":"3 Byrds","floor":21.0,"turns":2.0},{"damage":19.0,"enemies":"Gremlin Leader","floor":23.0,"turns":7.0},{"damage":25,"enemies":"Slavers","floor":27,"turns":4},{"damage":5,"enemies":"3 Cultists","floor":29,"turns":3},{"damage":16,"enemies":"Slaver and Parasite","floor":30,"turns":5},{"damage":5,"enemies":"Sentry and Sphere","floor":31,"turns":5},{"damage":7,"enemies":"Champ","floor":33,"turns":13},{"damage":14,"enemies":"3 Darklings","floor":35,"turns":3},{"damage":72,"enemies":"2 Orb Walkers","floor":40,"turns":7},{"damage":50,"enemies":"Giant Head","floor":42,"turns":11},{"damage":0,"enemies":"Orb Walker","floor":44,"turns":4},{"damage":0,"enemies":"Sphere and 2 Shapes","floor":45,"turns":3},{"damage":0,"enemies":"Spire Growth","floor":47,"turns":5},{"damage":43,"enemies":"Nemesis","floor":48,"turns":9},{"damage":19,"enemies":"Donu and Deca","floor":50,"turns":11}],"seed_played":"2275712036141008178","potions_obtained":[{"floor":3.0,"key":"Fruit Juice"},{"floor":4.0,"key":"Swift Potion"},{"floor":5.0,"key":"SpeedPotion"},{"floor":18.0,"key":"SkillPotion"},{"floor":21.0,"key":"EssenceOfSteel"},{"floor":33,"key":"SpeedPotion"},{"floor":35,"key":"Regen Potion"},{"floor":42,"key":"Explosive Potion"},{"floor":47,"key":"Dexterity Potion"}],"is_trial":false,"path_per_floor":["M","?","M","M","M","R","E","M","T","$","E","R","M","T","R","B",null,"M","?","$","M","?","E","R","?","T","E","R","M","M","M","R","B",null,"M","?","?","$","$","E","R","E","T","M","M","R","M","E","R","B"],"character_chosen":"DEFECT","items_purchased":["Matryoshka","Oddly Smooth Stone","Conserve Battery+1"],"campfire_rested":5,"item_purchase_floors":[20,38,38],"current_hp_per_floor":[82,82,81,81,74,74,61,52,52,52,36,36,33,33,33,10,73,69,69,69,57,57,38,38,38,38,13,56,51,35,30,73,66,87,73,73,73,73,73,13,56,43,43,55,55,101,101,58,104,85],"gold":209,"neow_bonus":"TWENTY_PERCENT_HP_BONUS","is_prod":false,"is_daily":false,"chose_seed":false,"campfire_upgraded":4,"win_rate":0,"timestamp":1532665109,"path_taken":["M","?","M","M","M","R","E","M","T","$","E","R","M","?","R","BOSS","M","?","$","M","?","E","R","?","T","E","R","M","?","M","R","BOSS","M","?","?","?","$","E","R","E","T","M","M","R","?","E","R","BOSS"],"build_version":"2018-07-26","purchased_purges":3,"victory":true,"max_hp_per_floor":[89,89,89,89,89,89,94,94,94,94,94,94,94,94,94,94,94,94,94,94,94,94,94,94,94,94,94,94,94,94,94,94,94,94,94,94,94,94,94,94,94,104,104,104,104,104,104,104,104,104],"card_choices":[{"not_picked":["Turbo","Gash"],"picked":"Ball Lightning","floor":1.0},{"not_picked":["Leap","Double Energy"],"picked":"Conserve Battery","floor":3.0},{"not_picked":["Self Repair","Storm"],"picked":"Ball Lightning","floor":4.0},{"not_picked":["Gash","Hologram"],"picked":"Ball Lightning","floor":5.0},{"not_picked":["Redo","Rebound"],"picked":"Electrodynamics","floor":7.0},{"not_picked":["Sweeping Beam","Steam"],"picked":"Leap","floor":8.0},{"not_picked":["Gash","Storm"],"picked":"Steam","floor":11.0},{"not_picked":["Beam Cell","Force Field"],"picked":"Loop","floor":13.0},{"not_picked":["Reboot+1","Meteor Strike"],"picked":"Fission+1","floor":16.0},{"not_picked":["Darkness+1","Redo+1"],"picked":"Static Discharge+1","floor":18.0},{"not_picked":["Stack+1","Steam+1"],"picked":"Go for the Eyes","floor":21.0},{"not_picked":["Streamline","Steam Power+1"],"picked":"Machine Learning","floor":23.0},{"not_picked":["Double Energy+1","Steam+1"],"picked":"Stack+1","floor":27},{"not_picked":["Rebound","Ball Lightning"],"picked":"Glacier+1","floor":29},{"not_picked":["Beam Cell","Chaos+1"],"picked":"Stack+1","floor":30},{"not_picked":["Ball Lightning+1","Streamline"],"picked":"White Noise+1","floor":31},{"not_picked":[],"picked":"Chill+1","floor":35},{"not_picked":["Blizzard"],"picked":"SKIP","floor":40},{"not_picked":["Ball Lightning+1"],"picked":"SKIP","floor":42},{"not_picked":["Sunder"],"picked":"SKIP","floor":44},{"not_picked":[],"picked":"Go for the Eyes+1","floor":45},{"not_picked":["Ball Lightning+1"],"picked":"SKIP","floor":47},{"not_picked":["Gash+1"],"picked":"SKIP","floor":48}],"player_experience":673045,"relics_obtained":[{"floor":7.0,"key":"Ancient Tea Set"},{"floor":9.0,"key":"Ornamental Fan"},{"floor":11.0,"key":"Du-Vu Doll"},{"floor":14.0,"key":"Toxic Egg 2"},{"floor":23.0,"key":"MawBank"},{"floor":26.0,"key":"Regal Pillow"},{"floor":26.0,"key":"Anchor"},{"floor":27,"key":"Letter Opener"},{"floor":40,"key":"Ice Cream"},{"floor":42,"key":"Pear"},{"floor":43,"key":"Pen Nib"},{"floor":43,"key":"Thread and Needle"},{"floor":48,"key":"Lantern"}],"event_choices":[{"event_name":"Wheel of Change","player_choice":"Card Removal","floor":2.0,"damage_taken":0.0},{"event_name":"Ghosts","player_choice":"Ignored","floor":19.0,"damage_taken":0.0},{"event_name":"Back to Basics","player_choice":"Simplicity","floor":22.0,"damage_taken":0.0},{"event_name":"Match and Keep!","player_choice":"2 cards matched","floor":25.0,"damage_taken":0.0},{"event_name":"Match and Keep!","player_choice":"2 cards matched","floor":25.0,"damage_taken":0.0},{"event_name":"Tomb of Lord Red Mask","player_choice":"Ignored","floor":36,"damage_taken":0},{"event_name":"Accursed Blacksmith","player_choice":"Rummage","floor":37,"damage_taken":0}],"is_beta":false,"boss_relics":[{"not_picked":["Black Star","Coffee Dripper"],"picked":"Philosopher\u0027s Stone"},{"not_picked":["Calling Bell","Nuclear Battery"],"picked":"Busted Crown"}],"items_purged_floors":[10,38,39],"is_endless":false,"potions_floor_spawned":[3,4,5,18,21,33,35,42,47],"ascension_level":6}