{"gold_per_floor":[113,113,73,91,102,136,151,151,151,180,105,132,207,225,225,328,328,341,341,353,381,306,341,341,370,370,370,395,56,67,77,77,172,172,192,192,206,251,251,285,285,314,341,341,360,38,260,274,274,274],"floor_reached":51,"playtime":3787,"items_purged":["Strike_B","Defend_B","Strike_B"],"score":980,"play_id":"8d5d2c73-86fb-43cf-9a9e-6a1fd4382c50","local_time":"20181119183833","is_ascension_mode":true,"campfire_choices":[{"data":"Zap","floor":8,"key":"SMITH"},{"data":"Buffer","floor":15,"key":"SMITH"},{"data":"Creative AI","floor":27,"key":"SMITH"},{"data":"Dualcast","floor":32,"key":"SMITH"}],"neow_cost":"NONE","seed_source_timestamp":2400070854292,"circlet_count":0,"master_deck":["Strike_B+1","Defend_B","Defend_B","Zap+1","Dualcast+1","Beam Cell","Ball Lightning","Melter","Buffer+1","Ball Lightning+1","Leap","Lockon","Creative AI+1","Chill","Conserve Battery","Conserve Battery+1","Fission+1","Compile Driver","Chaos+1","Electrodynamics","Hologram+1","Cold Snap+1","Glacier+1","Barrage","Barrage+1"],"relics":["Cracked Core","Pantograph","Matryoshka","Thread and Needle","Whetstone","Coffee Dripper","Red Mask","Mercury Hourglass","MutagenicStrength","Toxic Egg 2","Vajra","Kunai","Cables","Bag of Preparation","Runic Capacitor","Fusion Hammer","StoneCalendar","Frozen Egg 2","Shuriken","Ancient Tea Set","Dodecahedron","Strawberry"],"potions_floor_usage":[12,12,16,25,38,50,50,50],"damage_taken":[{"damage":6,"enemies":"Jaw Worm","floor":1,"turns":3},{"damage":0,"enemies":"Small Slimes","floor":4,"turns":2},{"damage":0,"enemies":"Cultist","floor":5,"turns":2},{"damage":26,"enemies":"Lagavulin","floor":6,"turns":4},{"damage":0,"enemies":"Looter","floor":7,"turns":3},{"damage":0,"enemies":"Gremlin Nob","floor":10,"turns":3},{"damage":0,"enemies":"3 Sentries","floor":12,"turns":6},{"damage":2,"enemies":"3 Louse","floor":14,"turns":2},{"damage":0,"enemies":"The Guardian","floor":16,"turns":9},{"damage":0,"enemies":"Chosen","floor":18,"turns":4},{"damage":6,"enemies":"Colosseum Slavers","floor":19,"turns":4},{"damage":6,"enemies":"2 Thieves","floor":20,"turns":3},{"damage":16,"enemies":"Masked Bandits","floor":21,"turns":5},{"damage":17,"enemies":"Book of Stabbing","floor":23,"turns":6},{"damage":4,"enemies":"Slavers","floor":25,"turns":6},{"damage":0,"enemies":"Cultist and Chosen","floor":30,"turns":5},{"damage":0,"enemies":"Snake Plant","floor":31,"turns":2},{"damage":20,"enemies":"Collector","floor":33,"turns":6},{"damage":8,"enemies":"3 Darklings","floor":35,"turns":4},{"damage":0,"enemies":"3 Shapes","floor":37,"turns":2},{"damage":0,"enemies":"2 Orb Walkers","floor":38,"turns":3},{"damage":37,"enemies":"Giant Head","floor":40,"turns":9},{"damage":0,"enemies":"Nemesis","floor":42,"turns":7},{"damage":0,"enemies":"Sphere and 2 Shapes","floor":45,"turns":3},{"damage":0,"enemies":"3 Darklings","floor":48,"turns":3},{"damage":0,"enemies":"Time Eater","floor":50,"turns":7}],"seed_played":"5891759510782230245","potions_obtained":[{"floor":3,"key":"SneckoOil"},{"floor":3,"key":"Energy Potion"},{"floor":3,"key":"GamblersBrew"},{"floor":5,"key":"Ancient Potion"},{"floor":10,"key":"SkillPotion"},{"floor":12,"key":"Weak Potion"},{"floor":23,"key":"Fire Potion"},{"floor":30,"key":"SmokeBomb"},{"floor":33,"key":"Swift Potion"},{"floor":40,"key":"Dexterity Potion"},{"floor":42,"key":"AttackPotion"},{"floor":48,"key":"SkillPotion"}],"is_trial":false,"path_per_floor":["M","?","?","M","M","E","M","R","T","E","$","E","?","M","R","B",null,"M","?","M","?","?","E","?","E","T","R","T","$","M","M","R","B",null,"M","?","M","?","?","E","R","E","T","T","M","$","?","M","R","B",null],"character_chosen":"DEFECT","items_purchased":["Compile Driver","Runic Capacitor","Barrage","Strawberry"],"campfire_rested":0,"item_purchase_floors":[29,29,46,46],"current_hp_per_floor":[69,74,74,74,74,48,48,48,48,48,48,48,37,35,35,60,80,80,74,68,52,52,35,35,31,31,31,31,31,31,31,31,36,80,72,72,72,72,72,35,35,35,35,35,35,42,42,42,42,67],"gold":274,"neow_bonus":"REMOVE_CARD","is_prod":false,"is_daily":false,"chose_seed":false,"campfire_upgraded":4,"win_rate":0,"timestamp":1542674313,"path_taken":["M","?","?","?","M","E","M","R","T","E","$","E","?","M","R","BOSS","M","?","M","?","?","E","?","E","T","R","?","$","?","M","R","BOSS","M","?","M","?","?","E","R","E","T","?","M","$","?","M","R","BOSS"],"build_version":"2018-11-15","purchased_purges":3,"victory":true,"max_hp_per_floor":[75,80,80,80,80,80,80,80,80,80,80,80,80,80,80,80,80,80,80,80,80,80,80,80,80,80,80,80,80,80,80,80,80,80,80,80,80,80,76,76,76,76,76,76,76,83,83,83,83,83],"card_choices":[{"not_picked":["Barrage","Stack"],"picked":"Beam Cell","floor":1},{"not_picked":["Sweeping Beam","Hello World"],"picked":"Ball Lightning","floor":4},{"not_picked":["Rebound","Doom and Gloom"],"picked":"Melter","floor":5},{"not_picked":["Compile Driver","Steam"],"picked":"Buffer","floor":6},{"not_picked":["Stack","Aggregate"],"picked":"Ball Lightning","floor":7},{"not_picked":["Gash","Aggregate"],"picked":"Leap","floor":10},{"not_picked":["Static Discharge","Beam Cell"],"picked":"Lockon","floor":12},{"not_picked":["Self Repair","Barrage","Stack"],"picked":"SKIP","floor":14},{"not_picked":["Seek","Biased Cognition"],"picked":"Creative AI","floor":16},{"not_picked":["Streamline+1","Redo"],"picked":"Chill","floor":18},{"not_picked":["Blizzard","Compile Driver"],"picked":"Conserve Battery","floor":20},{"not_picked":["Turbo","Doom and Gloom+1"],"picked":"Conserve Battery+1","floor":21},{"not_picked":["Steam","Rebound","Fusion"],"picked":"SKIP","floor":23},{"not_picked":["Rebound","Gash"],"picked":"Fission","floor":25},{"not_picked":["Conserve Battery+1","Leap+1"],"picked":"Chaos+1","floor":30},{"not_picked":["Steam+1","Heatsinks","Conserve Battery+1"],"picked":"SKIP","floor":31},{"not_picked":["Rainbow+1","Amplify+1"],"picked":"Electrodynamics","floor":33},{"not_picked":["Gash","Scrape+1","Conserve Battery+1"],"picked":"SKIP","floor":35},{"not_picked":["Melter","Go for the Eyes+1","Turbo+1"],"picked":"SKIP","floor":37},{"not_picked":["Sweeping Beam+1","Sunder"],"picked":"Hologram+1","floor":38},{"not_picked":["Double Energy+1","Redo+1"],"picked":"Cold Snap+1","floor":40},{"not_picked":["Genetic Algorithm+1","Buffer+1"],"picked":"Glacier+1","floor":42},{"not_picked":["Ball Lightning","Streamline","Rebound+1"],"picked":"SKIP","floor":45},{"not_picked":["Turbo+1","Recycle+1"],"picked":"Barrage+1","floor":48}],"player_experience":438651,"relics_obtained":[{"floor":6,"key":"Pantograph"},{"floor":9,"key":"Matryoshka"},{"floor":10,"key":"Thread and Needle"},{"floor":12,"key":"Whetstone"},{"floor":21,"key":"Red Mask"},{"floor":23,"key":"Mercury Hourglass"},{"floor":25,"key":"Toxic Egg 2"},{"floor":26,"key":"Vajra"},{"floor":26,"key":"Kunai"},{"floor":28,"key":"Cables"},{"floor":28,"key":"Bag of Preparation"},{"floor":38,"key":"StoneCalendar"},{"floor":40,"key":"Frozen Egg 2"},{"floor":42,"key":"Shuriken"},{"floor":43,"key":"Ancient Tea Set"},{"floor":44,"key":"Dodecahedron"}],"event_choices":[{"damage_healed":0,"gold_gain":0,"player_choice":"Donut","damage_taken":0,"max_hp_gain":5,"max_hp_loss":0,"event_name":"Big Fish","floor":2,"gold_loss":0},{"damage_healed":0,"gold_gain":0,"player_choice":"Bought 3 Potions","damage_taken":0,"max_hp_gain":0,"max_hp_loss":0,"event_name":"The Woman in Blue","floor":3,"gold_loss":0},{"damage_healed":0,"gold_gain":75,"player_choice":"Gather Gold","damage_taken":11,"max_hp_gain":0,"max_hp_loss":0,"event_name":"World of Goop","floor":13,"gold_loss":0},{"damage_healed":0,"gold_gain":0,"player_choice":"Fight","damage_taken":0,"max_hp_gain":0,"max_hp_loss":0,"event_name":"Colosseum","floor":19,"gold_loss":0},{"damage_healed":0,"gold_gain":0,"player_choice":"Fled From Nobs","damage_taken":0,"max_hp_gain":0,"max_hp_loss":0,"event_name":"Colosseum","floor":19,"gold_loss":0},{"damage_healed":0,"gold_gain":0,"player_choice":"Fought Bandits","damage_taken":0,"max_hp_gain":0,"max_hp_loss":0,"event_name":"Masked Bandits","floor":21,"gold_loss":0},{"cards_removed":["Defend_B"],"damage_healed":0,"gold_gain":0,"player_choice":"Gave Gold","damage_taken":0,"max_hp_gain":0,"max_hp_loss":0,"event_name":"Beggar","floor":22,"gold_loss":75},{"damage_healed":0,"gold_gain":0,"player_choice":"Inject Mutagens","damage_taken":0,"relics_obtained":["MutagenicStrength"],"max_hp_gain":0,"max_hp_loss":0,"event_name":"Drug Dealer","floor":24,"gold_loss":0},{"damage_healed":0,"gold_gain":0,"player_choice":"Memory 1","damage_taken":0,"max_hp_gain":0,"max_hp_loss":0,"event_name":"SensoryStone","floor":36,"gold_loss":0},{"damage_healed":0,"gold_gain":0,"player_choice":"Fight","damage_taken":0,"max_hp_gain":0,"max_hp_loss":0,"event_name":"Mysterious Sphere","floor":38,"gold_loss":0},{"damage_healed":0,"gold_gain":0,"player_choice":"Max HP","damage_taken":0,"max_hp_gain":0,"max_hp_loss":4,"event_name":"Winding Halls","floor":39,"gold_loss":0},{"damage_healed":0,"gold_gain":222,"player_choice":"Wore Mask","damage_taken":0,"max_hp_gain":0,"max_hp_loss":0,"event_name":"Tomb of Lord Red Mask","floor":47,"gold_loss":0}],"is_beta":false,"boss_relics":[{"not_picked":["Inserter","Orrery"],"picked":"Coffee Dripper"},{"not_picked":["Pandora\u0027s Box","Snecko Eye"],"picked":"Fusion Hammer"}],"items_purged_floors":[11,29,46],"is_endless":false,"potions_floor_spawned":[5,10,12,19,23,30,33,35,40,42,48],"ascension_level":1}