{"gold_per_floor":[117,130,130,22,34,68,68,102,154,154,189,199,213,269,269,269],"floor_reached":16,"playtime":1628,"items_purged":["Strike_R"],"score":192,"play_id":"bf87b645-33ac-4f2b-9b86-db92dda17062","local_time":"20190130142943","is_ascension_mode":true,"campfire_choices":[{"data":"Pommel Strike","floor":7,"key":"SMITH"},{"data":"Second Wind","floor":15,"key":"SMITH"}],"neow_cost":"CURSE","seed_source_timestamp":4421852057335,"circlet_count":0,"master_deck":["AscendersBane","Strike_R","Strike_R","Strike_R+1","Strike_R","Defend_R","Defend_R","Defend_R","Defend_R","Bash","Injury","Reaper+1","Pommel Strike+1","Second Wind+1","Shockwave+1","Flame Barrier+1","Shrug It Off+1","Impervious+1","Wild Strike","Disarm+1","Shrug It Off+1"],"relics":["Burning Blood","Toxic Egg 2","Boot","Whetstone","Bronze Scales","Shuriken","Centennial Puzzle"],"potions_floor_usage":[6,8],"damage_taken":[{"damage":19,"enemies":"Jaw Worm","floor":1,"turns":5},{"damage":11,"enemies":"Cultist","floor":2,"turns":4},{"damage":12,"enemies":"2 Louse","floor":5,"turns":3},{"damage":29,"enemies":"3 Sentries","floor":6,"turns":8},{"damage":27,"enemies":"Gremlin Nob","floor":8,"turns":5},{"damage":35,"enemies":"3 Sentries","floor":11,"turns":9},{"damage":0,"enemies":"Blue Slaver","floor":12,"turns":4},{"damage":4,"enemies":"2 Fungi Beasts","floor":13,"turns":4},{"damage":20,"enemies":"3 Sentries","floor":14,"turns":9},{"damage":35,"enemies":"Hexaghost","floor":16,"turns":14}],"seed_played":"-7120509055000893080","potions_obtained":[{"floor":1,"key":"Strength Potion"},{"floor":6,"key":"SkillPotion"},{"floor":12,"key":"Dexterity Potion"}],"is_trial":false,"path_per_floor":["M","M","?","$","M","E","R","E","T","?","E","M","M","?","R","B"],"character_chosen":"IRONCLAD","items_purchased":["Shockwave+1"],"campfire_rested":0,"item_purchase_floors":[4],"current_hp_per_floor":[65,66,48,48,49,44,44,29,29,21,7,13,25,25,25,0],"gold":269,"neow_bonus":"THREE_RARE_CARDS","is_prod":false,"is_daily":false,"chose_seed":false,"campfire_upgraded":2,"win_rate":0,"timestamp":1548880183,"path_taken":["M","M","?","$","M","E","R","E","T","?","E","?","M","?","R","BOSS"],"build_version":"2019-01-23","purchased_purges":1,"victory":false,"max_hp_per_floor":[80,80,80,80,80,80,80,80,80,80,80,80,80,80,80,80],"card_choices":[{"not_picked":["Impervious","Dark Embrace"],"picked":"Reaper","floor":0},{"not_picked":["Perfected Strike","Anger"],"picked":"Pommel Strike","floor":1},{"not_picked":["Clash","Heavy Blade"],"picked":"Second Wind","floor":2},{"not_picked":["Feel No Pain","Whirlwind"],"picked":"Flame Barrier+1","floor":5},{"not_picked":["Inflame","Shockwave+1"],"picked":"Shrug It Off+1","floor":6},{"not_picked":["Heavy Blade","Warcry+1"],"picked":"Impervious+1","floor":8},{"not_picked":["Perfected Strike","Combust","Headbutt"],"picked":"SKIP","floor":11},{"not_picked":["Heavy Blade","Twin Strike"],"picked":"Wild Strike","floor":12},{"not_picked":["Spot Weakness+1","Heavy Blade"],"picked":"Disarm+1","floor":13},{"not_picked":["Wild Strike","Perfected Strike"],"picked":"Shrug It Off+1","floor":14}],"player_experience":522282,"relics_obtained":[{"floor":6,"key":"Boot"},{"floor":8,"key":"Whetstone"},{"floor":9,"key":"Bronze Scales"},{"floor":11,"key":"Shuriken"},{"floor":14,"key":"Centennial Puzzle"}],"event_choices":[{"damage_healed":0,"gold_gain":0,"player_choice":"Success","damage_taken":18,"relics_obtained":["Toxic Egg 2"],"max_hp_gain":0,"max_hp_loss":0,"event_name":"Scrap Ooze","floor":3,"gold_loss":0},{"damage_healed":0,"gold_gain":0,"player_choice":"Damaged","damage_taken":8,"max_hp_gain":0,"max_hp_loss":0,"event_name":"Wheel of Change","floor":10,"gold_loss":0},{"damage_healed":0,"gold_gain":0,"player_choice":"Searched \u00271\u0027 times","damage_taken":0,"max_hp_gain":0,"max_hp_loss":0,"event_name":"Dead Adventurer","floor":14,"gold_loss":0}],"is_beta":false,"boss_relics":[],"items_purged_floors":[4],"is_endless":false,"potions_floor_spawned":[1,6,12],"killed_by":"Hexaghost","ascension_level":12}