{"gold_per_floor":[115,134,16,36,56,56,82,82,82,28,39,55,55,55,55,157,157,174,194,207,132,132,132],"floor_reached":23,"playtime":1472,"items_purged":[],"score":222,"play_id":"2e280244-265f-4b4b-87fd-1231352fbf41","local_time":"20190116181502","is_ascension_mode":true,"campfire_choices":[{"data":"Apotheosis","floor":6.0,"key":"SMITH"},{"data":"True Grit","floor":8.0,"key":"SMITH"},{"floor":15.0,"key":"REST"}],"neow_cost":"TEN_PERCENT_HP_LOSS","seed_source_timestamp":951107617339305,"circlet_count":0,"master_deck":["Strike_R","Strike_R+1","Strike_R","Strike_R","Defend_R","Defend_R","Defend_R+1","Defend_R","Bash","Madness","Apotheosis+1","Disarm","Heavy Blade","Seeing Red","Headbutt","Inflame","True Grit+1","Clothesline","Bloodletting","Thunderclap","Demon Form","Searing Blow+1","Armaments","Metallicize"],"special_seed":0,"relics":["Burning Blood","Question Card","Darkstone Periapt","Busted Crown"],"potions_floor_usage":[23],"damage_taken":[{"damage":2.0,"enemies":"2 Louse","floor":1.0,"turns":3.0},{"damage":0.0,"enemies":"Jaw Worm","floor":2.0,"turns":3.0},{"damage":4.0,"enemies":"Cultist","floor":4.0,"turns":4.0},{"damage":12.0,"enemies":"3 Louse","floor":5.0,"turns":4.0},{"damage":9.0,"enemies":"Lagavulin","floor":7.0,"turns":4.0},{"damage":12.0,"enemies":"Exordium Wildlife","floor":11.0,"turns":5.0},{"damage":10.0,"enemies":"Large Slime","floor":12.0,"turns":6.0},{"damage":36.0,"enemies":"Hexaghost","floor":16.0,"turns":6.0},{"damage":5.0,"enemies":"Spheric Guardian","floor":18.0,"turns":3.0},{"damage":30.0,"enemies":"2 Thieves","floor":19.0,"turns":3.0},{"damage":22.0,"enemies":"Centurion and Healer","floor":20.0,"turns":5.0},{"damage":31.0,"enemies":"Colosseum Slavers","floor":22.0,"turns":6.0},{"damage":15,"enemies":"Book of Stabbing","floor":23,"turns":2}],"seed_played":"-8231879018532069684","potions_obtained":[{"floor":2.0,"key":"BloodPotion"},{"floor":4.0,"key":"EssenceOfSteel"},{"floor":16.0,"key":"EssenceOfSteel"},{"floor":20.0,"key":"Swift Potion"}],"is_trial":false,"path_per_floor":["M","M","$","M","M","R","E","R","T","$","M","M","?","$","R","B",null,"M","M","M","?","?","E"],"character_chosen":"IRONCLAD","items_purchased":["Seeing Red","Strength Potion","Clothesline"],"campfire_rested":1,"item_purchase_floors":[3,3,10],"current_hp_per_floor":[72,72,72,72,66,66,63,63,63,63,57,53,39,39,60,30,72,72,48,32,32,7,0],"gold":132,"neow_bonus":"RANDOM_COLORLESS_2","is_prod":false,"is_daily":false,"chose_seed":false,"campfire_upgraded":2,"win_rate":0,"timestamp":1547658902,"path_taken":["M","M","$","M","M","R","E","R","T","$","M","M","?","?","R","BOSS","M","?","M","?","?","E"],"build_version":"2018-12-20","purchased_purges":0,"victory":false,"max_hp_per_floor":[72,72,72,72,72,72,72,72,72,72,72,72,72,72,72,72,72,72,72,72,72,72,72],"card_choices":[{"not_picked":["Armaments","Flex"],"picked":"Disarm","floor":1.0},{"not_picked":["Fire Breathing","Intimidate"],"picked":"Heavy Blade","floor":2.0},{"not_picked":["True Grit","Sword Boomerang"],"picked":"Headbutt","floor":4.0},{"not_picked":["Intimidate","Sword Boomerang"],"picked":"Inflame","floor":5.0},{"not_picked":["Body Slam","Heavy Blade"],"picked":"True Grit","floor":7.0},{"not_picked":["Pummel","Rage","Combust"],"picked":"Bloodletting","floor":11.0},{"not_picked":["Dropkick","True Grit","Dual Wield"],"picked":"Thunderclap","floor":12.0},{"not_picked":["Reaper","Dark Embrace","Offering"],"picked":"Demon Form","floor":16.0},{"not_picked":["Armaments"],"picked":"Searing Blow+1","floor":18.0},{"not_picked":["Corruption"],"picked":"Armaments","floor":19.0},{"not_picked":["Intimidate"],"picked":"Metallicize","floor":20.0}],"player_experience":28551,"relics_obtained":[{"floor":7.0,"key":"Question Card"},{"floor":9.0,"key":"Darkstone Periapt"}],"event_choices":[{"damage_healed":0.0,"max_hp_gain":0.0,"max_hp_loss":0.0,"gold_gain":0.0,"event_name":"Shining Light","player_choice":"Entered Light","floor":13.0,"gold_loss":0.0,"damage_taken":14.0,"cards_upgraded":["Defend_R","Strike_R"]},{"cards_removed":["Strike_R"],"damage_healed":0.0,"max_hp_gain":0.0,"max_hp_loss":0.0,"gold_gain":0.0,"event_name":"Beggar","player_choice":"Gave Gold","floor":21.0,"gold_loss":75.0,"damage_taken":0.0},{"damage_healed":0.0,"max_hp_gain":0.0,"max_hp_loss":0.0,"gold_gain":0.0,"event_name":"Colosseum","player_choice":"Fight","floor":22.0,"gold_loss":0.0,"damage_taken":0.0},{"damage_healed":0.0,"max_hp_gain":0.0,"max_hp_loss":0.0,"gold_gain":0.0,"event_name":"Colosseum","player_choice":"Fled From Nobs","floor":22.0,"gold_loss":0.0,"damage_taken":0.0}],"is_beta":false,"boss_relics":[{"not_picked":["Ectoplasm","Black Star"],"picked":"Busted Crown"}],"items_purged_floors":[],"is_endless":false,"potions_floor_spawned":[2,4,12,16,20,22],"killed_by":"Book of Stabbing","ascension_level":3}