{"gold_per_floor":[114,39,54,54,54,54,69,69,69,84,84,84,84,30,30,130,130,100,100,100,100,100,100,100,100,100,100,100,100,100,100,100,100,100,100,100,100,100,100,100,100,20,20,20,20,20,20,20,20,20],"floor_reached":51,"playtime":2312,"items_purged":["Night Terror","Grand Finale"],"score":780,"play_id":"89202a96-1d0b-4fad-ba31-5963722e7e07","local_time":"20190423200554","daily_mods":["Shiny","Time Dilation","Binary"],"is_ascension_mode":false,"campfire_choices":[{"data":"Adrenaline","floor":6,"key":"SMITH"},{"data":"Storm of Steel","floor":8,"key":"SMITH"},{"data":"Bullet Time","floor":13,"key":"SMITH"},{"data":"Corpse Explosion","floor":15,"key":"SMITH"},{"floor":29,"key":"REST"},{"data":"A Thousand Cuts","floor":32,"key":"SMITH"},{"data":"Venomology","floor":41,"key":"SMITH"},{"data":"Doppelganger","floor":44,"key":"SMITH"},{"floor":49,"key":"REST"}],"neow_cost":"","seed_source_timestamp":1125428700551579,"circlet_count":0,"master_deck":["Venomology+1","Corpse Explosion+1","Malaise","Phantasmal Killer","Die Die Die+1","Adrenaline+1","Envenom","Doppelganger+1","Burst","Unload","After Image+1","Bullet Time+1","Storm of Steel+1","Glass Knife+1","A Thousand Cuts+1","Finisher","PiercingWail+1","All Out Attack","Cloak And Dagger+1","J.A.X.+1","Backflip+1","Leg Sweep+1","Dash","Doppelganger+1","Cloak And Dagger+1","Cloak And Dagger+1"],"special_seed":18009,"relics":["Ring of the Snake","Toxic Egg 2","Ectoplasm","Whetstone","Bottled Tornado","Dead Branch","WristBlade","The Courier","Lantern","Mercury Hourglass"],"potions_floor_usage":[27,31,33,40,40,48,50],"damage_taken":[{"damage":6,"enemies":"Cultist","floor":1,"turns":3},{"damage":0,"enemies":"Small Slimes","floor":3,"turns":2},{"damage":5,"enemies":"2 Louse","floor":7,"turns":2},{"damage":5,"enemies":"Exordium Thugs","floor":10,"turns":3},{"damage":31,"enemies":"Slime Boss","floor":16,"turns":10},{"damage":4,"enemies":"2 Thieves","floor":18,"turns":2},{"damage":6,"enemies":"Shell Parasite","floor":21,"turns":2},{"damage":6,"enemies":"Chosen and Byrds","floor":23,"turns":4},{"damage":3,"enemies":"Slavers","floor":25,"turns":1},{"damage":27,"enemies":"Gremlin Leader","floor":27,"turns":6},{"damage":3,"enemies":"Snecko","floor":28,"turns":3},{"damage":0,"enemies":"Sentry and Sphere","floor":30,"turns":2},{"damage":0,"enemies":"Snake Plant","floor":31,"turns":1},{"damage":18,"enemies":"Collector","floor":33,"turns":4},{"damage":3,"enemies":"3 Darklings","floor":35,"turns":3},{"damage":16,"enemies":"3 Shapes","floor":38,"turns":2},{"damage":3,"enemies":"Jaw Worm Horde","floor":39,"turns":1},{"damage":13,"enemies":"Reptomancer","floor":40,"turns":4},{"damage":17,"enemies":"4 Shapes","floor":46,"turns":2},{"damage":3,"enemies":"Maw","floor":48,"turns":4},{"damage":25,"enemies":"Donu and Deca","floor":50,"turns":4}],"seed_played":"-6905164264985758512","potions_obtained":[{"floor":1,"key":"Regen Potion"},{"floor":3,"key":"SpeedPotion"},{"floor":16,"key":"Weak Potion"},{"floor":18,"key":"Swift Potion"}],"is_trial":false,"path_per_floor":["M","$","M","?","?","R","M","R","T","M","$","?","R","$","R","B",null,"M","?","?","M","?","M","?","E","T","E","M","R","M","M","R","B",null,"M","?","?","M","M","E","R","$","T","R","?","M","T","M","R","B",null],"character_chosen":"THE_SILENT","items_purchased":["Cloak And Dagger+1"],"campfire_rested":2,"item_purchase_floors":[14],"current_hp_per_floor":[64,64,64,64,69,69,64,64,64,59,59,59,59,59,59,28,75,71,57,57,51,51,45,45,42,42,29,26,50,50,50,50,32,80,77,77,77,61,58,45,45,45,45,45,45,28,28,25,49,24],"gold":20,"neow_bonus":"","is_prod":false,"is_daily":true,"chose_seed":false,"campfire_upgraded":7,"win_rate":0,"timestamp":1556064354,"path_taken":["M","$","?","?","?","R","M","R","T","?","$","?","R","?","R","BOSS","M","?","?","?","?","M","?","E","T","E","M","R","M","M","R","BOSS","M","?","?","?","M","E","R","$","T","R","?","M","?","M","R","BOSS"],"build_version":"2019-01-23","purchased_purges":2,"victory":true,"max_hp_per_floor":[70,70,70,70,75,75,75,75,75,75,75,75,75,75,75,75,75,75,80,80,80,80,80,80,80,80,80,80,80,80,80,80,80,80,80,80,80,80,80,80,80,80,80,80,80,80,80,80,80,80],"card_choices":[{"not_picked":["Flying Knee","Dodge and Roll"],"picked":"SKIP","floor":1},{"not_picked":["Acrobatics"],"picked":"Finisher","floor":3},{"not_picked":["Flying Knee","Outmaneuver"],"picked":"SKIP","floor":7},{"not_picked":["Well Laid Plans"],"picked":"PiercingWail+1","floor":10},{"not_picked":["Dodge and Roll+1","Backstab"],"picked":"SKIP","floor":18},{"not_picked":["Deadly Poison+1","Concentrate+1"],"picked":"SKIP","floor":21},{"not_picked":["Footwork","Distraction+1"],"picked":"SKIP","floor":23},{"not_picked":["Crippling Poison+1","Distraction+1"],"picked":"SKIP","floor":25},{"not_picked":["Well Laid Plans"],"picked":"Backflip+1","floor":27},{"not_picked":["Acrobatics+1"],"picked":"Leg Sweep+1","floor":28},{"not_picked":["Dagger Throw","Terror+1"],"picked":"SKIP","floor":30},{"not_picked":["Backstab"],"picked":"Dash","floor":31},{"not_picked":["Die Die Die"],"picked":"Doppelganger+1","floor":33},{"not_picked":["Prepared+1"],"picked":"Cloak And Dagger+1","floor":35},{"not_picked":["Dagger Spray+1","Deflect+1"],"picked":"SKIP","floor":38},{"not_picked":["Calculated Gamble+1","Distraction+1"],"picked":"SKIP","floor":39},{"not_picked":["Slice","Crippling Poison+1"],"picked":"SKIP","floor":40},{"not_picked":["Malaise+1","Dodge and Roll+1"],"picked":"SKIP","floor":46},{"not_picked":["Setup+1"],"picked":"Cloak And Dagger+1","floor":48}],"player_experience":90997,"relics_obtained":[{"floor":9,"key":"Toxic Egg 2"},{"floor":25,"key":"Whetstone"},{"floor":26,"key":"Bottled Tornado"},{"floor":27,"key":"Dead Branch"},{"floor":40,"key":"The Courier"},{"floor":43,"key":"Lantern"},{"floor":47,"key":"Mercury Hourglass"}],"event_choices":[{"damage_healed":0,"gold_gain":0,"player_choice":"Ignored","damage_taken":0,"max_hp_gain":0,"max_hp_loss":0,"event_name":"Liars Game","floor":4,"gold_loss":0},{"damage_healed":0,"gold_gain":0,"player_choice":"Donut","damage_taken":0,"max_hp_gain":5,"max_hp_loss":0,"event_name":"Big Fish","floor":5,"gold_loss":0},{"damage_healed":0,"gold_gain":0,"cards_transformed":["Tools of the Trade"],"player_choice":"Transformed","damage_taken":0,"max_hp_gain":0,"max_hp_loss":0,"event_name":"Transmorgrifier","floor":12,"gold_loss":0,"cards_obtained":["All Out Attack"]},{"damage_healed":0,"gold_gain":0,"player_choice":"Shed Blood","damage_taken":19,"max_hp_gain":5,"max_hp_loss":0,"event_name":"Forgotten Altar","floor":19,"gold_loss":0},{"damage_healed":0,"gold_gain":0,"player_choice":"Forge","damage_taken":0,"max_hp_gain":0,"max_hp_loss":0,"event_name":"Accursed Blacksmith","floor":20,"gold_loss":0,"cards_upgraded":["After Image"]},{"damage_healed":0,"gold_gain":0,"player_choice":"Obtain J.A.X.","damage_taken":0,"max_hp_gain":0,"max_hp_loss":0,"event_name":"Drug Dealer","floor":22,"gold_loss":0,"cards_obtained":["J.A.X."]},{"damage_healed":0,"gold_gain":0,"player_choice":"Ignored","damage_taken":0,"max_hp_gain":0,"max_hp_loss":0,"event_name":"Cursed Tome","floor":24,"gold_loss":0},{"cards_removed":["Wraith Form v2"],"damage_healed":0,"gold_gain":0,"player_choice":"Removed Power","damage_taken":0,"max_hp_gain":0,"max_hp_loss":0,"event_name":"Falling","floor":36,"gold_loss":0},{"damage_healed":0,"gold_gain":0,"player_choice":"Leave","damage_taken":0,"max_hp_gain":0,"max_hp_loss":0,"event_name":"FaceTrader","floor":37,"gold_loss":0},{"damage_healed":0,"gold_gain":0,"player_choice":"Ignored","damage_taken":0,"max_hp_gain":0,"max_hp_loss":0,"event_name":"Mysterious Sphere","floor":45,"gold_loss":0}],"is_beta":false,"boss_relics":[{"not_picked":["Eternal Feather","Calling Bell"],"picked":"Ectoplasm"},{"not_picked":["Lizard Tail","White Beast Statue"],"picked":"WristBlade"}],"items_purged_floors":[2,42],"is_endless":false,"potions_floor_spawned":[1,3,16,18,23,25,31,35,39],"ascension_level":0}