{"gold_per_floor":[110,9,9,9,9,9,44,56,81,114,39,39,59,89,89,89],"floor_reached":16,"playtime":344,"items_purged":["Defend_G"],"score":249,"play_id":"b6fcd32f-4292-49f8-9dba-f89c608aac3e","local_time":"20190202043540","is_ascension_mode":true,"campfire_choices":[{"data":"Backflip","floor":6,"key":"SMITH"},{"data":"Terror","floor":12,"key":"SMITH"},{"floor":15,"key":"REST"}],"neow_cost":"NONE","seed_source_timestamp":45194482491834,"circlet_count":0,"master_deck":["AscendersBane","Defend_G","Defend_G+1","Defend_G","Strike_G+1","Strike_G","Strike_G","Strike_G+1","Survivor","Neutralize+1","PiercingWail","Backflip+1","Terror+1","Backstab","Deflect"],"relics":["Ring of the Snake","NeowsBlessing","Whetstone","Anchor","Oddly Smooth Stone","Vajra","Question Card"],"potions_floor_usage":[10,16],"damage_taken":[{"damage":0,"enemies":"Cultist","floor":1,"turns":1},{"damage":0,"enemies":"3 Sentries","floor":7,"turns":1},{"damage":0,"enemies":"Small Slimes","floor":8,"turns":1},{"damage":15,"enemies":"Gremlin Nob","floor":10,"turns":4},{"damage":0,"enemies":"Jaw Worm","floor":13,"turns":2},{"damage":46,"enemies":"Slime Boss","floor":16,"turns":7}],"seed_played":"2707027463751164706","potions_obtained":[{"floor":8,"key":"Fire Potion"},{"floor":13,"key":"Dexterity Potion"}],"is_trial":false,"path_per_floor":["M","$","?","?","T","R","E","M","T","E","?","R","M","?","R","B"],"character_chosen":"THE_SILENT","items_purchased":["Backflip"],"campfire_rested":1,"item_purchase_floors":[2],"current_hp_per_floor":[59,59,52,32,32,32,32,32,32,17,17,17,17,17,36,0],"gold":89,"neow_bonus":"THREE_ENEMY_KILL","is_prod":false,"is_daily":false,"chose_seed":false,"campfire_upgraded":2,"win_rate":0,"timestamp":1549110940,"path_taken":["M","$","?","?","?","R","E","?","T","E","?","R","M","?","R","BOSS"],"build_version":"2019-01-23","purchased_purges":1,"victory":false,"max_hp_per_floor":[66,66,66,66,66,66,66,66,66,66,66,66,66,66,66,66],"card_choices":[{"not_picked":["Poisoned Stab","Blade Dance"],"picked":"PiercingWail","floor":1},{"not_picked":["Bane","Dagger Throw"],"picked":"Terror","floor":7},{"not_picked":["Dodge and Roll","Deadly Poison","Concentrate"],"picked":"SKIP","floor":8},{"not_picked":["Dodge and Roll","Flying Knee"],"picked":"Backstab","floor":10},{"not_picked":["Backflip","Dodge and Roll"],"picked":"Deflect","floor":13}],"player_experience":1199526,"relics_obtained":[{"floor":5,"key":"Whetstone"},{"floor":7,"key":"Anchor"},{"floor":9,"key":"Oddly Smooth Stone"},{"floor":10,"key":"Vajra"}],"event_choices":[{"cards_removed":["Defend_G"],"damage_healed":0,"gold_gain":0,"player_choice":"Card Removal","damage_taken":7,"max_hp_gain":0,"max_hp_loss":0,"event_name":"Golden Wing","floor":3,"gold_loss":0},{"damage_healed":0,"gold_gain":0,"player_choice":"Entered Light","damage_taken":20,"max_hp_gain":0,"max_hp_loss":0,"event_name":"Shining Light","floor":4,"gold_loss":0,"cards_upgraded":["Defend_G","Strike_G"]},{"cards_removed":["Strike_G"],"damage_healed":0,"gold_gain":0,"player_choice":"Card Removal","damage_taken":0,"max_hp_gain":0,"max_hp_loss":0,"event_name":"The Cleric","floor":11,"gold_loss":75},{"damage_healed":0,"gold_gain":30,"player_choice":"Searched \u00273\u0027 times","damage_taken":0,"relics_obtained":["Question Card"],"max_hp_gain":0,"max_hp_loss":0,"event_name":"Dead Adventurer","floor":14,"gold_loss":0}],"is_beta":false,"boss_relics":[],"items_purged_floors":[2],"is_endless":false,"potions_floor_spawned":[8,13],"killed_by":"Slime Boss","ascension_level":18}