{"path_per_floor":["M","$","M","M","M","R","M","E","T","R","E","?","?","T","R","B",null,"M","M","?","M","$","R","M","R","T","R","E","$","?","E","R","B",null,"M","$","?","$","M","E","?","M","T","M","M","R","M","$","R","B"],"character_chosen":"THE_SILENT","items_purchased":["Bottled Lightning","Shuriken","Vajra","Finesse","Slice","Dagger Throw"],"gold_per_floor":[116,41,60,79,92,92,112,145,226,226,258,258,258,334,334,438,438,453,467,717,730,187,187,201,201,201,201,232,182,182,214,214,315,315,329,33,283,181,197,229,0,11,62,76,87,87,100,1,1,1],"floor_reached":51,"campfire_rested":1,"playtime":4538,"current_hp_per_floor":[66,66,66,66,66,66,64,56,56,56,44,44,44,44,44,34,70,56,58,58,42,42,42,39,39,53,78,63,63,63,78,78,41,84,70,70,70,70,74,64,64,73,73,83,81,81,83,83,83,41],"items_purged":["Strike_G","Regret","Strike_G","Defend_G","Regret","Endless Agony"],"gold":1,"score":751,"play_id":"f84f1ce8-db23-4f81-9a57-603ce65663f3","local_time":"20180327212652","is_prod":false,"is_daily":false,"is_ascension_mode":false,"campfire_upgraded":8,"timestamp":1522211212,"path_taken":["M","$","M","M","M","R","M","E","T","R","E","?","?","?","R","BOSS","M","M","?","?","$","R","M","R","T","R","E","$","?","E","R","BOSS","M","$","?","$","?","E","?","?","T","M","M","R","M","$","R","BOSS"],"build_version":"2018-03-22v2","purchased_purges":6,"victory":true,"master_deck":["Defend_G+1","Defend_G","Defend_G","Defend_G","Survivor+1","Neutralize+1","Heel Hook","Quick Slash+1","Predator+1","Dagger Spray","Dagger Throw","Quick Slash+1","Adrenaline+1","Predator+1","Well Laid Plans+1","Flying Knee+1","Bite","Bite","Bite","Bite","Bite","After Image+1","Quick Slash+1","Finesse","Slice","Deflect+1","Deflect+1","Dagger Throw+1"],"max_hp_per_floor":[70,70,70,70,70,70,70,70,70,70,70,70,70,70,70,70,70,70,70,70,70,70,70,70,70,84,84,84,84,84,84,84,84,84,84,84,84,84,84,84,84,86,86,88,88,88,90,90,90,90],"relics":["Ring of the Snake","Frozen Egg 2","Smiling Mask","Letter Opener","Matryoshka","Sozu","Bottled Lightning","Shuriken","Ancient Tea Set","Mango","Paper Crane","Orichalcum","Lizard Tail","Vajra","Singing Bowl","Red Mask","War Paint","Prayer Wheel"],"card_choices":[{"not_picked":["Deadly Poison","Backflip"],"picked":"Heel Hook","floor":1},{"not_picked":["Cloak And Dagger","Underhanded Strike"],"picked":"Quick Slash","floor":3},{"not_picked":["Bullet Time","Deflect"],"picked":"Predator","floor":5},{"not_picked":["Caltrops","Sucker Punch"],"picked":"Dagger Spray","floor":7},{"not_picked":["Bouncing Flask","Backflip"],"picked":"Dagger Throw","floor":8},{"not_picked":["Acrobatics","Infinite Blades"],"picked":"Quick Slash","floor":11},{"not_picked":["Unload","A Thousand Cuts"],"picked":"Adrenaline","floor":16},{"not_picked":["Crippling Poison","Skewer"],"picked":"Predator","floor":18},{"not_picked":["Flying Knee","Bane"],"picked":"Well Laid Plans","floor":19},{"not_picked":["Prepared","Reflex"],"picked":"Flying Knee","floor":24},{"not_picked":["Wraith Form","Night Terror"],"picked":"After Image","floor":33},{"not_picked":["Expertise","Sucker Punch"],"picked":"Quick Slash","floor":35},{"not_picked":["Backflip","Heel Hook"],"picked":"Deflect","floor":39},{"not_picked":["Caltrops","Quick Slash"],"picked":"Endless Agony","floor":40},{"not_picked":["Crippling Poison","All Out Attack"],"picked":"Deflect","floor":45}],"player_experience":173211,"potions_floor_usage":[8,11,16,16,50],"damage_taken":[{"damage":4,"enemies":"2 Louse","floor":1,"turns":4},{"damage":0,"enemies":"Jaw Worm","floor":3,"turns":5},{"damage":0,"enemies":"Cultist","floor":4,"turns":3},{"damage":0,"enemies":"2 Fungi Beasts","floor":5,"turns":3},{"damage":2,"enemies":"Blue Slaver","floor":7,"turns":4},{"damage":8,"enemies":"3 Sentries","floor":8,"turns":7},{"damage":12,"enemies":"Lagavulin","floor":11,"turns":6},{"damage":12,"enemies":"Slime Boss","floor":16,"turns":9},{"damage":14,"enemies":"Spheric Guardian","floor":18,"turns":4},{"damage":0,"enemies":"Shell Parasite","floor":19,"turns":5},{"damage":18,"enemies":"Centurion and Healer","floor":21,"turns":8},{"damage":5,"enemies":"Cultist and Chosen","floor":24,"turns":5},{"damage":17,"enemies":"Book of Stabbing","floor":28,"turns":4},{"damage":5,"enemies":"Gremlin Leader","floor":31,"turns":6},{"damage":51,"enemies":"Champ","floor":33,"turns":8},{"damage":17,"enemies":"Orb Walker","floor":35,"turns":3},{"damage":0,"enemies":"3 Darklings","floor":39,"turns":3},{"damage":18,"enemies":"2 Orb Walkers","floor":40,"turns":5},{"damage":1,"enemies":"4 Shapes","floor":42,"turns":3},{"damage":0,"enemies":"Sphere and 2 Shapes","floor":44,"turns":3},{"damage":11,"enemies":"Maw","floor":45,"turns":6},{"damage":4,"enemies":"4 Shapes","floor":47,"turns":2},{"damage":57,"enemies":"Time Eater","floor":50,"turns":10}],"event_choices":[{"event_name":"Big Fish","player_choice":"Box","floor":12,"damage_taken":0},{"event_name":"Fountain of Cleansing","player_choice":"Removed Curse","floor":13,"damage_taken":0},{"event_name":"Golden Shrine","player_choice":"Desecrate","floor":20,"damage_taken":0},{"event_name":"Vampires","player_choice":"Became a vampire (Vial)","floor":30,"damage_taken":0},{"event_name":"Golden Shrine","player_choice":"Desecrate","floor":37,"damage_taken":0},{"event_name":"Tomb of Lord Red Mask","player_choice":"Paid","floor":41,"damage_taken":0}],"boss_relics":[{"not_picked":["Astrolabe","Pandora\u0027s Box"],"picked":"Sozu"},{"not_picked":["Runic Dome","Snecko Eye"],"picked":"Lizard Tail"}],"potions_floor_spawned":[3,5,7,8,11,19,21,24,35,39,45],"seed_played":"5240006775434713674","ascension_level":0,"is_trial":false}