{"gold_per_floor":[216,4,4,22,22,41,41,55,55,55,83,102,113,142,142,213,213,225,30,40,40,40,40,58,58],"floor_reached":25,"playtime":1648,"items_purged":[],"score":401,"play_id":"8f74601a-73de-41f5-973c-6e43669f83da","local_time":"20190331180448","is_ascension_mode":true,"campfire_choices":[{"data":"Flame Barrier","floor":7.0,"key":"SMITH"},{"data":"Wild Strike","floor":10.0,"key":"SMITH"},{"data":"Pommel Strike","floor":15.0,"key":"SMITH"},{"data":"Double Tap","floor":23,"key":"SMITH"}],"neow_cost":"NONE","seed_source_timestamp":12282796771172,"circlet_count":0,"master_deck":["AscendersBane","Strike_R","Strike_R+1","Strike_R","Defend_R","Defend_R","Defend_R","Defend_R","Bash+1","Clothesline+1","Feed","Flame Barrier+1","Disarm","Wild Strike+1","Pommel Strike+1","Double Tap+1","Anger","Thunderclap+1","Shrug It Off","Body Slam"],"special_seed":0,"relics":["Burning Blood","Pear","Ornamental Fan","Bronze Scales","Black Star","Medical Kit","Enchiridion"],"potions_floor_usage":[25],"damage_taken":[{"damage":15.0,"enemies":"Small Slimes","floor":1.0,"turns":5.0},{"damage":2.0,"enemies":"Cultist","floor":4.0,"turns":5.0},{"damage":0.0,"enemies":"2 Louse","floor":6.0,"turns":3.0},{"damage":4.0,"enemies":"Large Slime","floor":8.0,"turns":8.0},{"damage":37.0,"enemies":"3 Sentries","floor":11.0,"turns":10.0},{"damage":1.0,"enemies":"Blue Slaver","floor":12.0,"turns":7.0},{"damage":19.0,"enemies":"Exordium Wildlife","floor":13.0,"turns":4.0},{"damage":15.0,"enemies":"Gremlin Nob","floor":14.0,"turns":4.0},{"damage":29.0,"enemies":"The Guardian","floor":16.0,"turns":9.0},{"damage":31.0,"enemies":"2 Thieves","floor":18.0,"turns":4.0},{"damage":18,"enemies":"Spheric Guardian","floor":20,"turns":3},{"damage":29,"enemies":"Centurion and Healer","floor":24,"turns":12},{"damage":14,"enemies":"Snake Plant","floor":25,"turns":1}],"seed_played":"-6608178364238879829","potions_obtained":[{"floor":4.0,"key":"Explosive Potion"},{"floor":6.0,"key":"Weak Potion"},{"floor":14.0,"key":"GamblersBrew"},{"floor":24,"key":"Weak Potion"}],"is_trial":false,"path_per_floor":["M","$","?","M","?","M","R","M","T","R","E","M","M","E","R","B",null,"M","$","M","?","?","R","M","M"],"character_chosen":"IRONCLAD","items_purchased":["Feed","Block Potion","Medical Kit"],"campfire_rested":0,"item_purchase_floors":[2,2,19],"current_hp_per_floor":[63,63,47,54,54,63,63,68,78,78,50,58,45,36,36,13,82,60,60,48,32,32,32,12,0],"gold":58,"neow_bonus":"HUNDRED_GOLD","is_prod":false,"is_daily":false,"chose_seed":false,"campfire_upgraded":4,"win_rate":0,"timestamp":1554073488,"path_taken":["M","$","?","M","?","M","R","M","T","R","E","M","?","E","R","BOSS","M","$","M","?","?","R","M","M"],"build_version":"2019-01-23","purchased_purges":0,"victory":false,"max_hp_per_floor":[80,80,80,83,83,86,86,89,99,99,102,105,105,105,105,105,105,108,108,108,108,108,108,111,111],"card_choices":[{"not_picked":["Thunderclap","Perfected Strike"],"picked":"Clothesline","floor":1.0},{"not_picked":["Fire Breathing","Feed"],"picked":"Flame Barrier","floor":4.0},{"not_picked":["Pommel Strike","Shrug It Off"],"picked":"Disarm","floor":6.0},{"not_picked":["Cleave","Feel No Pain"],"picked":"Wild Strike","floor":8.0},{"not_picked":["Burning Pact","Power Through"],"picked":"Pommel Strike","floor":11.0},{"not_picked":["Flex","Ghostly Armor","Headbutt"],"picked":"SKIP","floor":12.0},{"not_picked":["Headbutt","Armaments","Clothesline"],"picked":"SKIP","floor":13.0},{"not_picked":["Cleave","Flex","Heavy Blade"],"picked":"SKIP","floor":14.0},{"not_picked":["Dark Embrace","Limit Break"],"picked":"Double Tap","floor":16.0},{"not_picked":["Perfected Strike","Wild Strike"],"picked":"Anger","floor":18.0},{"not_picked":["Flex","Clash"],"picked":"Thunderclap+1","floor":20},{"not_picked":["Cleave","Clothesline","Dark Embrace"],"picked":"SKIP","floor":24}],"player_experience":665695,"relics_obtained":[{"floor":9.0,"key":"Pear"},{"floor":11.0,"key":"Ornamental Fan"},{"floor":14.0,"key":"Bronze Scales"},{"floor":21,"key":"Enchiridion"}],"event_choices":[{"damage_healed":0.0,"max_hp_gain":0.0,"max_hp_loss":0.0,"gold_gain":0.0,"event_name":"Shining Light","player_choice":"Entered Light","floor":3.0,"gold_loss":0.0,"damage_taken":16.0,"cards_upgraded":["Clothesline","Strike_R"]},{"damage_healed":0.0,"max_hp_gain":0.0,"max_hp_loss":0.0,"gold_gain":0.0,"event_name":"Upgrade Shrine","player_choice":"Upgraded","floor":5.0,"gold_loss":0.0,"damage_taken":0.0,"cards_upgraded":["Bash"]},{"damage_healed":0,"gold_gain":0,"player_choice":"Obtained Book","damage_taken":16,"max_hp_gain":0,"max_hp_loss":0,"event_name":"Cursed Tome","floor":21,"gold_loss":0},{"damage_healed":0,"gold_gain":0,"cards_transformed":["Strike_R","Strike_R"],"player_choice":"Became Test Subject","damage_taken":0,"max_hp_gain":0,"max_hp_loss":0,"event_name":"Drug Dealer","floor":22,"gold_loss":0,"cards_obtained":["Shrug It Off","Body Slam"]}],"is_beta":false,"boss_relics":[{"not_picked":["White Beast Statue","Orrery"],"picked":"Black Star"}],"items_purged_floors":[],"is_endless":false,"potions_floor_spawned":[4,6,8,14,24],"killed_by":"Snake Plant","ascension_level":13}