{"gold_per_floor":[116,134,134,154,164,164,196,196,253,271,286,286,303,328,328,328],"floor_reached":16,"playtime":1969,"items_purged":[],"score":217,"play_id":"4b8c435b-c8e3-4b3f-84d3-ac435e969869","local_time":"20190305085739","is_ascension_mode":true,"campfire_choices":[{"data":"Shockwave","floor":6.0,"key":"SMITH"},{"data":"Offering","floor":8.0,"key":"SMITH"},{"floor":12.0,"key":"REST"},{"data":"Bludgeon","floor":15.0,"key":"SMITH"}],"neow_cost":"NONE","seed_source_timestamp":255034371585149,"circlet_count":0,"master_deck":["AscendersBane","Strike_R","Strike_R","Strike_R","Strike_R","Strike_R+1","Defend_R+1","Defend_R+1","Defend_R","Defend_R+1","Bash","Offering+1","Shockwave+1","Feel No Pain","Sword Boomerang","Clothesline","Feel No Pain","Disarm","Corruption","Bludgeon+1","Reckless Charge"],"special_seed":0,"relics":["Burning Blood","War Paint","Tiny Chest","Orichalcum"],"potions_floor_usage":[16,16],"damage_taken":[{"damage":8.0,"enemies":"Jaw Worm","floor":1.0,"turns":4.0},{"damage":13.0,"enemies":"2 Louse","floor":2.0,"turns":2.0},{"damage":5.0,"enemies":"Small Slimes","floor":4.0,"turns":5.0},{"damage":11.0,"enemies":"Blue Slaver","floor":5.0,"turns":5.0},{"damage":25.0,"enemies":"Lagavulin","floor":7.0,"turns":7.0},{"damage":25.0,"enemies":"Exordium Thugs","floor":10.0,"turns":5.0},{"damage":6.0,"enemies":"Looter","floor":11.0,"turns":3.0},{"damage":3.0,"enemies":"Blue Slaver","floor":13.0,"turns":4.0},{"damage":18.0,"enemies":"Gremlin Nob","floor":14.0,"turns":4.0},{"damage":25,"enemies":"The Guardian","floor":16,"turns":11}],"seed_played":"-547386829457113285","potions_obtained":[{"floor":1.0,"key":"Regen Potion"},{"floor":2.0,"key":"Dexterity Potion"},{"floor":13.0,"key":"Weak Potion"}],"is_trial":false,"path_per_floor":["M","M","?","M","M","R","E","R","T","M","M","R","M","E","R","B"],"character_chosen":"IRONCLAD","items_purchased":[],"campfire_rested":1,"item_purchase_floors":[],"current_hp_per_floor":[66,59,36,37,32,32,28,28,28,9,9,31,34,22,22,0],"gold":328,"neow_bonus":"ONE_RANDOM_RARE_CARD","is_prod":false,"is_daily":false,"chose_seed":false,"campfire_upgraded":3,"win_rate":0,"timestamp":1551772659,"path_taken":["M","M","?","M","M","R","E","R","T","M","M","R","M","E","R","BOSS"],"build_version":"2019-01-23","purchased_purges":0,"victory":false,"max_hp_per_floor":[75,75,75,75,75,75,75,75,75,75,75,75,75,75,75,75],"card_choices":[{"not_picked":["Anger","Heavy Blade"],"picked":"Shockwave","floor":1.0},{"not_picked":["Twin Strike","Entrench"],"picked":"Feel No Pain","floor":2.0},{"not_picked":["Sever Soul","Havoc"],"picked":"Sword Boomerang","floor":4.0},{"not_picked":["Anger","Body Slam"],"picked":"Clothesline","floor":5.0},{"not_picked":["Anger","Combust"],"picked":"Feel No Pain","floor":7.0},{"not_picked":["Pommel Strike","Uppercut"],"picked":"Disarm","floor":10.0},{"not_picked":["Feel No Pain","Fire Breathing"],"picked":"Corruption","floor":11.0},{"not_picked":["Wild Strike","Warcry"],"picked":"Bludgeon","floor":13.0},{"not_picked":["Power Through","Twin Strike"],"picked":"Reckless Charge","floor":14.0}],"player_experience":440174,"relics_obtained":[{"floor":7.0,"key":"War Paint"},{"floor":9.0,"key":"Tiny Chest"},{"floor":14.0,"key":"Orichalcum"}],"event_choices":[{"damage_healed":0.0,"max_hp_gain":0.0,"max_hp_loss":0.0,"gold_gain":0.0,"event_name":"Shining Light","player_choice":"Entered Light","floor":3.0,"gold_loss":0.0,"damage_taken":23.0,"cards_upgraded":["Strike_R","Defend_R"]}],"is_beta":false,"boss_relics":[],"items_purged_floors":[],"is_endless":false,"potions_floor_spawned":[1,2,5,13,14],"killed_by":"The Guardian","ascension_level":18}