{"gold_per_floor":[16,29,29,29,41,70,70,99,99,39,51,62,62,93,93,170,170,182,199,209,134,151,151,151,151,151,168,47,47,62,76,76,150,150,169,169,186,286,286],"floor_reached":39,"playtime":3534,"items_purged":["Strike_R","Decay"],"score":836,"play_id":"ebfe8737-83fc-46fd-978e-6f97bf15a705","local_time":"20190410204814","is_ascension_mode":true,"campfire_choices":[{"data":"Intimidate","floor":7.0,"key":"SMITH"},{"floor":13.0,"key":"REST"},{"floor":15.0,"key":"REST"},{"floor":23.0,"key":"REST"},{"floor":29.0,"key":"REST"},{"floor":32.0,"key":"REST"}],"neow_cost":"NO_GOLD","seed_source_timestamp":0,"circlet_count":0,"master_deck":["AscendersBane","Strike_R","Strike_R","Strike_R","Defend_R","Defend_R","Defend_R","Defend_R","Bash+1","Bludgeon","Wild Strike","Cleave","Intimidate+1","Shrug It Off","True Grit","Evolve","Demon Form","Feed","Headbutt+1","Shrug It Off","Immolate","Heavy Blade+1"],"special_seed":0,"relics":["Burning Blood","Mango","The Courier","Singing Bowl","Anchor","Sozu","Girya","Runic Pyramid","Charon\u0027s Ashes"],"potions_floor_usage":[39],"damage_taken":[{"damage":12.0,"enemies":"Jaw Worm","floor":1.0,"turns":2.0},{"damage":8.0,"enemies":"2 Louse","floor":2.0,"turns":2.0},{"damage":0.0,"enemies":"Cultist","floor":5.0,"turns":3.0},{"damage":35.0,"enemies":"3 Sentries","floor":6.0,"turns":9.0},{"damage":37.0,"enemies":"Lagavulin","floor":8.0,"turns":7.0},{"damage":9.0,"enemies":"3 Louse","floor":11.0,"turns":3.0},{"damage":9.0,"enemies":"Blue Slaver","floor":12.0,"turns":3.0},{"damage":22.0,"enemies":"Gremlin Nob","floor":14.0,"turns":4.0},{"damage":33.0,"enemies":"Slime Boss","floor":16.0,"turns":10.0},{"damage":35.0,"enemies":"2 Thieves","floor":18.0,"turns":5.0},{"damage":14.0,"enemies":"Chosen","floor":19.0,"turns":6.0},{"damage":14.0,"enemies":"Snecko","floor":20.0,"turns":5.0},{"damage":30.0,"enemies":"Cultist and Chosen","floor":22.0,"turns":7.0},{"damage":37.0,"enemies":"Colosseum Slavers","floor":25.0,"turns":5.0},{"damage":22.0,"enemies":"Centurion and Healer","floor":27.0,"turns":5.0},{"damage":20.0,"enemies":"Snake Plant","floor":30.0,"turns":4.0},{"damage":8.0,"enemies":"Snecko","floor":31.0,"turns":5.0},{"damage":67.0,"enemies":"Champ","floor":33.0,"turns":13.0},{"damage":85.0,"enemies":"3 Darklings","floor":35.0,"turns":10.0},{"damage":35.0,"enemies":"Orb Walker","floor":37.0,"turns":5.0},{"damage":51.0,"enemies":"Mind Bloom Boss Battle","floor":38.0,"turns":10.0},{"damage":79,"enemies":"Transient","floor":39,"turns":5}],"seed_played":"-3847466271017326854","potions_obtained":[{"floor":1.0,"key":"Ancient Potion"},{"floor":6.0,"key":"Swift Potion"},{"floor":12.0,"key":"SteroidPotion"},{"floor":14.0,"key":"SkillPotion"},{"floor":16.0,"key":"BloodPotion"}],"is_trial":false,"path_per_floor":["M","M","?","?","M","E","R","E","T","$","M","M","R","E","R","B",null,"M","M","M","?","M","R","?","?","T","M","$","R","M","M","R","B",null,"M","?","M","?","M"],"character_chosen":"IRONCLAD","items_purchased":["Shrug It Off"],"campfire_rested":5,"item_purchase_floors":[28],"current_hp_per_floor":[62,60,60,60,66,51,51,20,20,20,17,16,43,27,54,27,75,49,46,40,40,21,52,52,24,24,13,13,47,38,38,74,13,94,20,103,79,37,0],"gold":286,"neow_bonus":"THREE_RARE_CARDS","is_prod":false,"is_daily":false,"chose_seed":false,"campfire_upgraded":1,"win_rate":0,"timestamp":1554947294,"path_taken":["M","M","?","?","M","E","R","E","T","$","?","M","R","E","R","BOSS","M","M","M","?","M","R","?","?","T","M","$","R","M","M","R","BOSS","M","?","M","?","?"],"build_version":"2019-01-23","purchased_purges":2,"victory":false,"max_hp_per_floor":[75,75,75,75,75,89,89,89,89,89,89,91,91,91,91,91,91,94,99,101,101,106,106,106,109,109,114,114,114,119,121,121,121,121,126,103,108,111,111],"card_choices":[{"not_picked":["Offering","Berserk"],"picked":"Bludgeon","floor":0.0},{"not_picked":["Power Through","Iron Wave"],"picked":"Wild Strike","floor":1.0},{"not_picked":["Havoc","Anger"],"picked":"Cleave","floor":2.0},{"not_picked":["Reaper","Cleave"],"picked":"Intimidate","floor":5.0},{"not_picked":["Anger","Ghostly Armor"],"picked":"Shrug It Off","floor":6.0},{"not_picked":["Corruption","Perfected Strike"],"picked":"True Grit","floor":8.0},{"not_picked":["Warcry","Pummel"],"picked":"Evolve","floor":11.0},{"not_picked":["Headbutt","Whirlwind","Anger"],"picked":"Singing Bowl","floor":12.0},{"not_picked":["Fire Breathing","Headbutt"],"picked":"Demon Form","floor":14.0},{"not_picked":["Juggernaut","Brutality"],"picked":"Feed","floor":16.0},{"not_picked":["True Grit","Metallicize"],"picked":"Headbutt+1","floor":18.0},{"not_picked":["Blood for Blood","Cleave","Hemokinesis"],"picked":"Singing Bowl","floor":19.0},{"not_picked":["True Grit+1","Warcry","Armaments"],"picked":"Singing Bowl","floor":20.0},{"not_picked":["Combust","Ghostly Armor","Clash"],"picked":"Singing Bowl","floor":22.0},{"not_picked":["Armaments","Fire Breathing","Entrench"],"picked":"Singing Bowl","floor":27.0},{"not_picked":["Bloodletting","Flex","Anger"],"picked":"Singing Bowl","floor":30.0},{"not_picked":["Pommel Strike","Perfected Strike","Carnage"],"picked":"Singing Bowl","floor":31.0},{"not_picked":["Fiend Fire","Offering"],"picked":"Immolate","floor":33.0},{"not_picked":["Wild Strike+1","Uppercut+1","Sentinel+1"],"picked":"Singing Bowl","floor":35.0},{"not_picked":["Clash","Iron Wave+1","Warcry"],"picked":"Singing Bowl","floor":37.0},{"not_picked":["Inflame","Dark Embrace"],"picked":"Heavy Blade+1","floor":38.0}],"player_experience":725860,"relics_obtained":[{"floor":6.0,"key":"Mango"},{"floor":8.0,"key":"The Courier"},{"floor":9.0,"key":"Singing Bowl"},{"floor":14.0,"key":"Anchor"},{"floor":26.0,"key":"Girya"},{"floor":38.0,"key":"Charon\u0027s Ashes"}],"event_choices":[{"damage_healed":0.0,"max_hp_gain":0.0,"max_hp_loss":0.0,"gold_gain":0.0,"event_name":"Liars Game","player_choice":"Ignored","floor":3.0,"gold_loss":0.0,"damage_taken":0.0},{"damage_healed":0.0,"max_hp_gain":0.0,"max_hp_loss":0.0,"gold_gain":0.0,"event_name":"Upgrade Shrine","player_choice":"Upgraded","floor":4.0,"gold_loss":0.0,"damage_taken":0.0,"cards_upgraded":["Bash"]},{"cards_removed":["Strike_R"],"damage_healed":0.0,"max_hp_gain":0.0,"max_hp_loss":0.0,"gold_gain":0.0,"event_name":"Beggar","player_choice":"Gave Gold","floor":21.0,"gold_loss":75.0,"damage_taken":0.0},{"damage_healed":0.0,"max_hp_gain":0.0,"max_hp_loss":0.0,"gold_gain":0.0,"event_name":"Forgotten Altar","player_choice":"Smashed Altar","floor":24.0,"gold_loss":0.0,"damage_taken":0.0,"cards_obtained":["Decay"]},{"damage_healed":0.0,"max_hp_gain":0.0,"max_hp_loss":0.0,"gold_gain":0.0,"event_name":"Colosseum","player_choice":"Fight","floor":25.0,"gold_loss":0.0,"damage_taken":0.0},{"damage_healed":0.0,"max_hp_gain":0.0,"max_hp_loss":0.0,"gold_gain":0.0,"event_name":"Colosseum","player_choice":"Fled From Nobs","floor":25.0,"gold_loss":0.0,"damage_taken":0.0},{"damage_healed":103.0,"max_hp_gain":0.0,"max_hp_loss":23.0,"gold_gain":0.0,"event_name":"The Moai Head","player_choice":"Heal","floor":36.0,"gold_loss":0.0,"damage_taken":0.0},{"damage_healed":0.0,"max_hp_gain":0.0,"max_hp_loss":0.0,"gold_gain":0.0,"event_name":"MindBloom","player_choice":"Fight","floor":38.0,"gold_loss":0.0,"damage_taken":0.0}],"is_beta":false,"boss_relics":[{"not_picked":["Mark of Pain","Coffee Dripper"],"picked":"Sozu"},{"not_picked":["Eternal Feather","Busted Crown"],"picked":"Runic Pyramid"}],"items_purged_floors":[10,28],"is_endless":false,"potions_floor_spawned":[1,6,12,14,16,18,25,30,37],"killed_by":"Transient","ascension_level":19}