{"gold_per_floor":[366,19,30,180,193,227,243,274,299,67,98,116,133,162,162,238,238,251,5,5,5,55,55,55,55,55,89,89,118,8,8,8,80,80,92,25,43,43,60,89,99,0,0,11,36,36,56,84,84,84],"floor_reached":51,"playtime":1742,"items_purged":["Doubt"],"score":1589,"play_id":"7f2e10f5-0d9e-4a02-b692-4c1838b1aac5","local_time":"20181017212141","is_ascension_mode":true,"campfire_choices":[{"data":"Clothesline","floor":15,"key":"SMITH"},{"data":"Demon Form","floor":23,"key":"SMITH"},{"data":"Heavy Blade","floor":28,"key":"SMITH"},{"data":"Heavy Blade","floor":32,"key":"SMITH"},{"data":"Whirlwind","floor":46,"key":"SMITH"},{"data":"Inflame","floor":49,"key":"SMITH"}],"neow_cost":"PERCENT_DAMAGE","seed_source_timestamp":27848551436576,"circlet_count":0,"master_deck":["Strike_R","Strike_R","Strike_R","Strike_R","Strike_R","Defend_R","Defend_R","Defend_R","Defend_R","Bash","AscendersBane","Clothesline+1","Sword Boomerang","Headbutt","Shrug It Off","Pommel Strike","Iron Wave","Shrug It Off","Ghostly Armor+1","Demon Form+1","Heavy Blade+1","Heavy Blade+1","Shrug It Off","Shockwave+1","Impervious","Whirlwind+1","Iron Wave+1","Shrug It Off+1","Inflame+1","Sword Boomerang+1"],"relics":["Burning Blood","Brimstone","Pen Nib","Ornamental Fan","Bag of Marbles","Juzu Bracelet","Vajra","Oddly Smooth Stone","Potion Belt","Sozu","Singing Bowl","MutagenicStrength","Blue Candle","CultistMask","FossilizedHelix","Paper Frog","Thread and Needle","Busted Crown","Happy Flower","Red Mask","Letter Opener","Torii","Ginger"],"potions_floor_usage":[8,16,29,50],"damage_taken":[{"damage":4,"enemies":"2 Louse","floor":1,"turns":4},{"damage":1,"enemies":"Cultist","floor":3,"turns":3},{"damage":13,"enemies":"Jaw Worm","floor":5,"turns":3},{"damage":12,"enemies":"Gremlin Nob","floor":6,"turns":3},{"damage":3,"enemies":"Gremlin Gang","floor":7,"turns":4},{"damage":25,"enemies":"3 Sentries","floor":8,"turns":5},{"damage":3,"enemies":"Gremlin Nob","floor":11,"turns":3},{"damage":4,"enemies":"Blue Slaver","floor":12,"turns":2},{"damage":4,"enemies":"Exordium Wildlife","floor":13,"turns":3},{"damage":6,"enemies":"3 Sentries","floor":14,"turns":5},{"damage":17,"enemies":"The Guardian","floor":16,"turns":6},{"damage":5,"enemies":"2 Thieves","floor":18,"turns":3},{"damage":31,"enemies":"Book of Stabbing","floor":27,"turns":4},{"damage":2,"enemies":"Gremlin Leader","floor":29,"turns":5},{"damage":28,"enemies":"Automaton","floor":33,"turns":7},{"damage":0,"enemies":"Orb Walker","floor":35,"turns":2},{"damage":0,"enemies":"3 Darklings","floor":37,"turns":4},{"damage":4,"enemies":"Maw","floor":39,"turns":5},{"damage":0,"enemies":"Giant Head","floor":40,"turns":5},{"damage":0,"enemies":"Spire Growth","floor":41,"turns":3},{"damage":0,"enemies":"Reptomancer","floor":44,"turns":3},{"damage":0,"enemies":"Nemesis","floor":45,"turns":5},{"damage":0,"enemies":"3 Darklings","floor":47,"turns":1},{"damage":0,"enemies":"Giant Head","floor":48,"turns":5},{"damage":65,"enemies":"Awakened One","floor":50,"turns":7}],"seed_played":"-7988774969285169800","potions_obtained":[{"floor":5,"key":"LiquidBronze"},{"floor":6,"key":"Fire Potion"},{"floor":7,"key":"Regen Potion"},{"floor":12,"key":"PowerPotion"},{"floor":14,"key":"Explosive Potion"}],"is_trial":false,"path_per_floor":["M","$","M","?","M","E","M","E","T","$","E","M","M","E","R","B",null,"M","$","?","?","?","R","?","?","T","E","R","E","?","$","R","B",null,"M","$","M","?","M","E","M","?","T","M","E","R","M","E","R","B"],"character_chosen":"IRONCLAD","items_purchased":["Brimstone","Pen Nib","Vajra","Singing Bowl","Whirlwind"],"campfire_rested":0,"item_purchase_floors":[2,2,10,19,36],"current_hp_per_floor":[52,52,57,57,50,44,47,42,42,42,45,47,49,49,49,38,66,67,67,67,67,67,67,67,67,67,42,42,46,46,46,46,24,62,70,70,78,67,71,77,83,83,83,83,85,85,85,85,85,26],"gold":84,"neow_bonus":"TWO_FIFTY_GOLD","is_prod":false,"is_daily":false,"chose_seed":false,"campfire_upgraded":6,"win_rate":0,"timestamp":1539836501,"path_taken":["M","$","M","?","M","E","M","E","T","$","E","M","M","E","R","BOSS","M","$","?","?","?","R","?","?","T","E","R","E","?","?","R","BOSS","M","?","M","?","M","E","M","?","T","M","E","R","M","E","R","BOSS"],"build_version":"2018-10-11","purchased_purges":1,"victory":true,"max_hp_per_floor":[75,75,75,75,75,75,75,75,75,75,75,75,75,75,75,75,75,75,75,75,75,75,75,75,75,75,75,75,75,75,75,75,75,75,77,77,79,79,81,81,83,83,83,83,85,85,85,85,85,85],"card_choices":[{"not_picked":["Thunderclap","True Grit"],"picked":"Clothesline","floor":1},{"not_picked":["Havoc","Iron Wave"],"picked":"Sword Boomerang","floor":3},{"not_picked":["Fiend Fire","Havoc"],"picked":"Headbutt","floor":5},{"not_picked":["Carnage","Thunderclap"],"picked":"Shrug It Off","floor":6},{"not_picked":["Corruption","Second Wind","Thunderclap"],"picked":"SKIP","floor":7},{"not_picked":["Intimidate","Clothesline"],"picked":"Pommel Strike","floor":8},{"not_picked":["Clash","Juggernaut"],"picked":"Iron Wave","floor":11},{"not_picked":["Entrench","Armaments"],"picked":"Shrug It Off","floor":12},{"not_picked":["Rampage","Pommel Strike"],"picked":"Ghostly Armor","floor":13},{"not_picked":["Rampage","Evolve","Barricade"],"picked":"SKIP","floor":14},{"not_picked":["Fiend Fire","Immolate"],"picked":"Demon Form","floor":16},{"not_picked":["Rampage","Searing Blow"],"picked":"Heavy Blade","floor":18},{"not_picked":["Havoc","Feel No Pain"],"picked":"Shrug It Off","floor":27},{"not_picked":["True Grit","Heavy Blade"],"picked":"Shockwave+1","floor":29},{"not_picked":["Berserk","Exhume"],"picked":"Impervious","floor":33},{"not_picked":["Clothesline"],"picked":"Singing Bowl","floor":35},{"not_picked":["Thunderclap"],"picked":"Singing Bowl","floor":37},{"not_picked":["Dual Wield"],"picked":"Singing Bowl","floor":39},{"not_picked":[],"picked":"Iron Wave+1","floor":40},{"not_picked":["Twin Strike"],"picked":"Singing Bowl","floor":41},{"not_picked":[],"picked":"Shrug It Off+1","floor":44},{"not_picked":["Havoc"],"picked":"Singing Bowl","floor":45},{"not_picked":[],"picked":"Inflame","floor":47},{"not_picked":[],"picked":"Sword Boomerang+1","floor":48}],"player_experience":954988,"relics_obtained":[{"floor":6,"key":"Ornamental Fan"},{"floor":8,"key":"Bag of Marbles"},{"floor":9,"key":"Juzu Bracelet"},{"floor":11,"key":"Oddly Smooth Stone"},{"floor":14,"key":"Potion Belt"},{"floor":26,"key":"FossilizedHelix"},{"floor":27,"key":"Paper Frog"},{"floor":29,"key":"Thread and Needle"},{"floor":40,"key":"Happy Flower"},{"floor":43,"key":"Letter Opener"},{"floor":45,"key":"Torii"},{"floor":48,"key":"Ginger"}],"event_choices":[{"event_name":"Liars Game","player_choice":"agreed","floor":4,"damage_taken":0},{"event_name":"Drug Dealer","player_choice":"Inject Mutagens","floor":20,"damage_taken":0},{"event_name":"Addict","player_choice":"Stole Relic","floor":21,"damage_taken":0},{"event_name":"Nest","player_choice":"Stole From Cult","floor":22,"damage_taken":0},{"event_name":"Duplicator","player_choice":"One dupe","floor":24,"damage_taken":0},{"event_name":"FaceTrader","player_choice":"Trade","floor":25,"damage_taken":0},{"event_name":"Designer","player_choice":"Full Service","floor":30,"damage_taken":0},{"event_name":"Wheel of Change","player_choice":"Damage","floor":38,"damage_taken":0},{"event_name":"Tomb of Lord Red Mask","player_choice":"Paid","floor":42,"damage_taken":0}],"is_beta":false,"boss_relics":[{"not_picked":["Philosopher\u0027s Stone","Eternal Feather"],"picked":"Sozu"},{"not_picked":["Orrery","Runic Dome"],"picked":"Busted Crown"}],"items_purged_floors":[10],"is_endless":false,"potions_floor_spawned":[5,6,7,12,14,35,41,44,45,48],"ascension_level":15}