{"gold_per_floor":[118,135,135,148,50,78,78,78,78,93,168,13,13,29,29,125,125,142,155,155,155,13,13,0,0,72,72,97,97,107,122,122,122],"floor_reached":33,"playtime":2235,"items_purged":["Strike_R"],"score":263,"play_id":"e6a63ed8-586e-4a15-b89b-1c5d0612b116","local_time":"20190112105927","is_ascension_mode":false,"campfire_choices":[{"data":"Limit Break","floor":8.0,"key":"SMITH"},{"data":"Clothesline","floor":13.0,"key":"SMITH"},{"data":"Bash","floor":15.0,"key":"SMITH"},{"data":"Double Tap","floor":23,"key":"SMITH"},{"data":"Shrug It Off","floor":25,"key":"SMITH"},{"floor":29,"key":"REST"},{"data":"Flex","floor":32,"key":"SMITH"}],"neow_cost":"NONE","seed_source_timestamp":579118817696544,"circlet_count":0,"master_deck":["Strike_R","Defend_R","Defend_R","Defend_R","Defend_R","Bash+1","Flex","Headbutt","Shrug It Off+1","Clothesline+1","Limit Break+1","Cleave","Flex+1","Bludgeon","Heavy Blade","Pommel Strike","Rampage","Headbutt","Double Tap+1","Disarm+1"],"special_seed":0,"relics":["Burning Blood","PreservedInsect","Mummified Hand","Ancient Tea Set","Orichalcum","Black Star","Sundial","Enchiridion","Anchor","Toxic Egg 2"],"potions_floor_usage":[33,33],"damage_taken":[{"damage":12.0,"enemies":"Small Slimes","floor":1.0,"turns":4.0},{"damage":0.0,"enemies":"Cultist","floor":2.0,"turns":3.0},{"damage":6.0,"enemies":"Jaw Worm","floor":4.0,"turns":2.0},{"damage":14.0,"enemies":"Gremlin Nob","floor":6.0,"turns":3.0},{"damage":2.0,"enemies":"Looter","floor":10.0,"turns":3.0},{"damage":0.0,"enemies":"Large Slime","floor":14.0,"turns":4.0},{"damage":45.0,"enemies":"Hexaghost","floor":16.0,"turns":12.0},{"damage":16.0,"enemies":"Spheric Guardian","floor":18.0,"turns":4.0},{"damage":19.0,"enemies":"Shell Parasite","floor":19.0,"turns":5.0},{"damage":18,"enemies":"Book of Stabbing","floor":28,"turns":4},{"damage":10,"enemies":"Snecko","floor":30,"turns":3},{"damage":9,"enemies":"3 Cultists","floor":31,"turns":5},{"damage":58,"enemies":"Automaton","floor":33,"turns":8}],"seed_played":"4547745384716430690","potions_obtained":[{"floor":1.0,"key":"Weak Potion"},{"floor":2.0,"key":"Fire Potion"},{"floor":3.0,"key":"FairyPotion"},{"floor":18.0,"key":"Energy Potion"},{"floor":19.0,"key":"Explosive Potion"}],"is_trial":false,"path_per_floor":["M","M","?","M","$","E","$","R","T","M","?","$","R","M","R","B",null,"M","M","?","?","$","R","?","R","T","?","E","R","M","M","R","B"],"character_chosen":"IRONCLAD","items_purchased":["Clothesline","Orichalcum","Double Tap"],"campfire_rested":1,"item_purchase_floors":[5,12,22],"current_hp_per_floor":[74,80,80,80,80,72,72,72,72,76,65,65,65,71,71,32,80,70,57,57,57,57,57,57,57,57,41,29,53,49,46,46,0],"gold":122,"neow_bonus":"RANDOM_COMMON_RELIC","is_prod":false,"is_daily":false,"chose_seed":false,"campfire_upgraded":6,"win_rate":0.0,"timestamp":1547287167,"path_taken":["M","M","?","M","$","E","?","R","T","M","?","$","R","M","R","BOSS","M","M","?","?","$","R","?","R","T","?","E","R","M","M","R","BOSS"],"build_version":"2018-12-20","purchased_purges":1,"victory":false,"max_hp_per_floor":[80,80,80,80,80,80,80,80,80,80,80,80,80,80,80,80,80,80,80,80,80,80,80,80,80,80,80,80,80,80,80,80,80],"card_choices":[{"not_picked":["Whirlwind","Entrench"],"picked":"Flex","floor":1.0},{"not_picked":["Shockwave","Battle Trance"],"picked":"Headbutt","floor":2.0},{"not_picked":["Bloodletting","Combust"],"picked":"Shrug It Off","floor":4.0},{"not_picked":["Metallicize","Pommel Strike"],"picked":"Limit Break","floor":6.0},{"not_picked":["Perfected Strike","Anger"],"picked":"Cleave","floor":10.0},{"not_picked":["Iron Wave","Clothesline"],"picked":"Flex","floor":14.0},{"not_picked":["Brutality","Juggernaut"],"picked":"Bludgeon","floor":16.0},{"not_picked":["Flex","Sword Boomerang"],"picked":"Heavy Blade","floor":18.0},{"not_picked":["Searing Blow","Warcry"],"picked":"Pommel Strike","floor":19.0},{"not_picked":["Fire Breathing","Perfected Strike"],"picked":"Disarm","floor":28},{"not_picked":["Rampage","Iron Wave","Bludgeon"],"picked":"SKIP","floor":30},{"not_picked":["Armaments+1","Power Through+1","Pommel Strike"],"picked":"SKIP","floor":31}],"player_experience":11183,"relics_obtained":[{"floor":6.0,"key":"Mummified Hand"},{"floor":9.0,"key":"Ancient Tea Set"},{"floor":26,"key":"Sundial"},{"floor":27,"key":"Enchiridion"},{"floor":28,"key":"Anchor"},{"floor":28,"key":"Toxic Egg 2"}],"event_choices":[{"damage_healed":0.0,"max_hp_gain":0.0,"max_hp_loss":0.0,"gold_gain":0.0,"event_name":"Lab","player_choice":"Got Potions","floor":3.0,"gold_loss":0.0,"damage_taken":0.0},{"damage_healed":0.0,"max_hp_gain":0.0,"max_hp_loss":0.0,"gold_gain":75.0,"event_name":"World of Goop","player_choice":"Gather Gold","floor":11.0,"gold_loss":0.0,"damage_taken":11.0},{"damage_healed":0,"gold_gain":0,"cards_transformed":["Strike_R","Strike_R"],"player_choice":"Became Test Subject","damage_taken":0,"max_hp_gain":0,"max_hp_loss":0,"event_name":"Drug Dealer","floor":20,"gold_loss":0,"cards_obtained":["Rampage","Headbutt"]},{"cards_removed":["Strike_R"],"damage_healed":0,"gold_gain":0,"player_choice":"Elegance","damage_taken":0,"max_hp_gain":0,"max_hp_loss":0,"event_name":"Back to Basics","floor":21,"gold_loss":0},{"damage_healed":0,"gold_gain":0,"player_choice":"Paid Fearfully","damage_taken":0,"max_hp_gain":0,"max_hp_loss":0,"event_name":"Masked Bandits","floor":24,"gold_loss":13},{"damage_healed":0,"gold_gain":0,"player_choice":"Obtained Book","damage_taken":16,"max_hp_gain":0,"max_hp_loss":0,"event_name":"Cursed Tome","floor":27,"gold_loss":0}],"is_beta":false,"boss_relics":[{"not_picked":["Orrery","Runic Dome"],"picked":"Black Star"}],"items_purged_floors":[5],"is_endless":false,"potions_floor_spawned":[1,2,4,18,19,31],"killed_by":"Automaton","ascension_level":0}