{"gold_per_floor":[119,119,22,22,22,22,53,63,63,93,113,126,142,159,159,159],"floor_reached":16,"playtime":400,"items_purged":["Normality"],"score":112,"play_id":"0046d6b0-b9c3-48b0-8978-2f21e376edb3","local_time":"20180807191011","is_ascension_mode":false,"campfire_choices":[{"data":"Flex","floor":6,"key":"SMITH"},{"data":"Pommel Strike","floor":15,"key":"SMITH"}],"neow_cost":"CURSE","seed_source_timestamp":11740447660030,"circlet_count":0,"master_deck":["Strike_R","Strike_R","Strike_R","Strike_R","Defend_R","Defend_R","Defend_R","Defend_R","Bash","Flex","Flex+1","Dropkick","Pommel Strike+1","Thunderclap","Cleave"],"relics":["Burning Blood","Unceasing Top","Bag of Marbles","Blue Candle","Smiling Mask","Art of War"],"potions_floor_usage":[16],"damage_taken":[{"damage":3,"enemies":"Small Slimes","floor":1,"turns":3},{"damage":26,"enemies":"Lagavulin","floor":7,"turns":5},{"damage":6,"enemies":"Cultist","floor":8,"turns":3},{"damage":38,"enemies":"3 Sentries","floor":10,"turns":8},{"damage":6,"enemies":"Jaw Worm","floor":11,"turns":2},{"damage":0,"enemies":"2 Fungi Beasts","floor":12,"turns":1},{"damage":0,"enemies":"Lots of Slimes","floor":13,"turns":1},{"damage":0,"enemies":"Blue Slaver","floor":14,"turns":1},{"damage":39,"enemies":"Hexaghost","floor":16,"turns":9}],"seed_played":"-6567371376920745779","potions_obtained":[{"floor":1,"key":"EssenceOfSteel"},{"floor":7,"key":"GamblersBrew"},{"floor":12,"key":"LiquidBronze"},{"floor":13,"key":"SkillPotion"}],"is_trial":false,"path_per_floor":["M","?","$","?","$","R","E","M","T","E","M","M","M","M","R"],"character_chosen":"IRONCLAD","items_purchased":["Flex"],"campfire_rested":0,"item_purchase_floors":[3],"current_hp_per_floor":[80,73,73,73,73,73,53,53,53,21,21,27,33,39,39,0],"gold":159,"neow_bonus":"ONE_RARE_RELIC","is_prod":false,"is_daily":false,"chose_seed":false,"campfire_upgraded":2,"win_rate":0,"timestamp":1533687011,"path_taken":["M","?","$","?","$","R","E","M","T","E","M","M","M","?","R","BOSS"],"build_version":"2018-08-02","purchased_purges":1,"victory":false,"max_hp_per_floor":[80,80,80,80,80,80,80,80,80,80,80,80,80,80,80,80],"card_choices":[{"not_picked":["Spot Weakness","Clothesline"],"picked":"Flex","floor":1},{"not_picked":["Feel No Pain","Infernal Blade"],"picked":"Dropkick","floor":7},{"not_picked":["Reckless Charge","True Grit","Anger"],"picked":"SKIP","floor":8},{"not_picked":["Iron Wave","Havoc"],"picked":"Pommel Strike","floor":10},{"not_picked":["Entrench","Flex"],"picked":"Thunderclap","floor":11},{"not_picked":["Anger","Pommel Strike"],"picked":"Cleave","floor":12},{"not_picked":["Perfected Strike","Feed","Second Wind"],"picked":"SKIP","floor":13},{"not_picked":["Armaments","Havoc","Second Wind"],"picked":"SKIP","floor":14}],"player_experience":332871,"relics_obtained":[{"floor":7,"key":"Blue Candle"},{"floor":9,"key":"Smiling Mask"},{"floor":10,"key":"Art of War"}],"event_choices":[{"event_name":"Golden Wing","player_choice":"Card Removal","floor":2,"damage_taken":0},{"event_name":"WeMeetAgain","player_choice":"Potion","floor":4,"damage_taken":0}],"is_beta":false,"boss_relics":[],"items_purged_floors":[3],"is_endless":false,"potions_floor_spawned":[1,7,12,13],"killed_by":"Hexaghost","ascension_level":0}