{"path_per_floor":["M","?","?","?","M","R","?","E","T","?","$","R","M","M","R","B",null,"M","?","?","$","?","R","E","M","T","R","M","M","M","$","R"],"character_chosen":"DEFECT","items_purchased":["Barrage","Capacitor"],"gold_per_floor":[117,117,117,117,135,135,85,111,111,111,14,14,27,46,46,142,142,156,156,156,31,31,31,57,72,72,72,83,102,122,122,122,122],"floor_reached":33,"campfire_rested":2,"playtime":2379,"current_hp_per_floor":[73,73,78,71,70,70,70,44,51,51,51,51,51,46,72,21,87,77,77,60,60,60,60,69,69,69,69,59,40,31,31,58,0],"items_purged":["Strike_B","Writhe"],"gold":122,"score":313,"play_id":"9ffb5fff-309e-47cb-9737-9c06cb9ba3ca","local_time":"20180428212832","is_prod":false,"is_daily":false,"chose_seed":false,"is_ascension_mode":false,"campfire_upgraded":4,"timestamp":1524968912,"path_taken":["M","?","?","?","?","R","?","E","T","?","?","R","M","M","R","BOSS","M","?","?","$","?","R","E","?","T","R","M","M","M","$","R","BOSS"],"build_version":"2018-04-27v3","seed_source_timestamp":97965128225779,"purchased_purges":2,"victory":false,"master_deck":["Strike_B","Defend_B","Defend_B","Defend_B","Zap+1","Dualcast+1","White Noise","Gash","Ball Lightning","Conserve Battery+1","Barrage","Beam Cell","Darkness","Rainbow","Glacier+1","Capacitor+1","Glacier+1","Impulse","Doom and Gloom+1","Thunder Strike+1"],"max_hp_per_floor":[75,75,80,80,80,80,80,80,87,87,87,87,87,87,87,87,87,87,87,92,92,92,92,92,92,92,92,92,92,92,92,92,92],"relics":["Cracked Core","Matryoshka","Strawberry","Oddly Smooth Stone","Nuclear Battery","Centennial Puzzle","Gremlin Horn","Dream Catcher","Molten Egg 2"],"card_choices":[{"not_picked":["Ball Lightning","Impulse"],"picked":"White Noise","floor":1},{"not_picked":["Sweeping Beam","Coolheaded"],"picked":"Ball Lightning","floor":5},{"not_picked":["Impulse","Cold Snap"],"picked":"Conserve Battery","floor":8},{"not_picked":["Barrage","Rip and Tear"],"picked":"Beam Cell","floor":13},{"not_picked":["Scrape","Fusion"],"picked":"Darkness","floor":14},{"not_picked":["All For One","Thunder Strike"],"picked":"Rainbow","floor":16},{"not_picked":["Stack","Self Repair"],"picked":"Glacier","floor":18},{"not_picked":["Rip and Tear","Stack"],"picked":"Glacier","floor":24},{"not_picked":["Go for the Eyes","Beam Cell"],"picked":"Impulse","floor":25},{"not_picked":["Double Energy","Cold Snap"],"picked":"Doom and Gloom","floor":30},{"not_picked":["Steam Power","Go for the Eyes"],"picked":"Thunder Strike","floor":32}],"player_experience":875,"potions_floor_usage":[24,24,24,33],"damage_taken":[{"damage":2,"enemies":"Small Slimes","floor":1,"turns":4},{"damage":1,"enemies":"Cultist","floor":5,"turns":3},{"damage":26,"enemies":"Lagavulin","floor":8,"turns":5},{"damage":0,"enemies":"Jaw Worm","floor":13,"turns":2},{"damage":5,"enemies":"3 Louse","floor":14,"turns":4},{"damage":51,"enemies":"The Guardian","floor":16,"turns":7},{"damage":10,"enemies":"Chosen","floor":18,"turns":3},{"damage":0,"enemies":"Book of Stabbing","floor":24,"turns":5},{"damage":0,"enemies":"Spheric Guardian","floor":25,"turns":4},{"damage":10,"enemies":"Centurion and Healer","floor":28,"turns":10},{"damage":19,"enemies":"Snake Plant","floor":29,"turns":3},{"damage":9,"enemies":"Slaver and Parasite","floor":30,"turns":6},{"damage":79,"enemies":"Champ","floor":33,"turns":12}],"event_choices":[{"event_name":"Transmorgrifier","player_choice":"Transform","floor":2,"damage_taken":0},{"event_name":"Big Fish","player_choice":"Donut","floor":3,"damage_taken":0},{"event_name":"Golden Wing","player_choice":"Card Removal","floor":4,"damage_taken":0},{"event_name":"The Cleric","player_choice":"Card Removal","floor":7,"damage_taken":0},{"event_name":"Liars Game","player_choice":"disagreed","floor":10,"damage_taken":0},{"event_name":"The Mausoleum","player_choice":"Yes","floor":19,"damage_taken":0},{"event_name":"Forgotten Altar","player_choice":"Shed Blood","floor":20,"damage_taken":0},{"event_name":"Beggar","player_choice":"Ignored","floor":22,"damage_taken":0}],"boss_relics":[{"not_picked":["Tiny House","Ectoplasm"],"picked":"Nuclear Battery"}],"potions_floor_spawned":[1,8,18,30],"seed_played":"6745289391847520905","killed_by":"Champ","ascension_level":0,"is_trial":false}