{"gold_per_floor":[115,85,100,115,115,147,147,177,177,189,189,11,11,31,31,108,108,120,170,126,141,141,141,41,41,41,41],"floor_reached":27,"playtime":1858,"items_purged":["Strike_R","Strike_R"],"score":420,"play_id":"1e3c5845-a518-4445-8e7f-508c31830729","local_time":"20190404005512","is_ascension_mode":true,"campfire_choices":[{"data":"Bash","floor":7.0,"key":"SMITH"},{"data":"Rage","floor":11.0,"key":"SMITH"},{"floor":15.0,"key":"REST"},{"floor":23,"key":"REST"},{"floor":25,"key":"REST"}],"neow_cost":"NONE","seed_source_timestamp":37697620556371,"circlet_count":0,"master_deck":["AscendersBane","Strike_R","Strike_R","Strike_R","Defend_R","Defend_R","Defend_R","Defend_R","Bash+1","Anger","Pommel Strike+1","Spot Weakness","Rage+1","Thunderclap","Reaper","Pommel Strike"],"special_seed":0,"relics":["Black Blood","Paper Frog","WingedGreaves","Champion Belt","FaceOfCleric","Dream Catcher"],"potions_floor_usage":[16,18,27,27],"damage_taken":[{"damage":15.0,"enemies":"2 Louse","floor":1.0,"turns":2.0},{"damage":1.0,"enemies":"Cultist","floor":3.0,"turns":3.0},{"damage":4.0,"enemies":"Small Slimes","floor":4.0,"turns":3.0},{"damage":25.0,"enemies":"3 Sentries","floor":6.0,"turns":8.0},{"damage":31.0,"enemies":"Gremlin Nob","floor":8.0,"turns":4.0},{"damage":8.0,"enemies":"Looter","floor":10.0,"turns":2.0},{"damage":18.0,"enemies":"Gremlin Gang","floor":14.0,"turns":6.0},{"damage":8,"enemies":"Slime Boss","floor":16,"turns":7},{"damage":28,"enemies":"Spheric Guardian","floor":18,"turns":7},{"damage":31,"enemies":"2 Thieves","floor":20,"turns":5},{"damage":33,"enemies":"Snake Plant","floor":21,"turns":5},{"damage":76,"enemies":"Slavers","floor":27,"turns":5}],"seed_played":"8405118717093219835","potions_obtained":[{"floor":1.0,"key":"Explosive Potion"},{"floor":2.0,"key":"Block Potion"},{"floor":4.0,"key":"Fire Potion"},{"floor":10.0,"key":"SpeedPotion"},{"floor":21,"key":"Weak Potion"},{"floor":22,"key":"Swift Potion"}],"is_trial":false,"path_per_floor":["M","?","M","M","?","E","R","E","T","M","R","$","?","M","R","B",null,"M","?","M","M","?","R","$","R","T","E"],"character_chosen":"IRONCLAD","items_purchased":["Thunderclap","Strength Potion"],"campfire_rested":3,"item_purchase_floors":[12,12],"current_hp_per_floor":[59,59,64,66,66,47,47,22,22,20,20,20,20,9,31,30,65,48,48,36,18,18,42,42,66,66,0],"gold":41,"neow_bonus":"THREE_CARDS","is_prod":false,"is_daily":false,"chose_seed":false,"campfire_upgraded":2,"win_rate":0,"timestamp":1554357312,"path_taken":["M","?","?","M","?","E","R","E","T","M","R","$","?","?","R","BOSS","M","?","M","?","?","R","$","R","T","E"],"build_version":"2019-01-23","purchased_purges":2,"victory":false,"max_hp_per_floor":[75,75,75,75,75,75,75,75,75,75,75,75,75,76,76,77,77,78,78,79,80,80,80,80,80,80,80],"card_choices":[{"not_picked":["True Grit","Spot Weakness"],"picked":"Anger","floor":0.0},{"not_picked":["Evolve","Infernal Blade"],"picked":"Pommel Strike","floor":1.0},{"not_picked":["Fire Breathing","Body Slam","Iron Wave"],"picked":"SKIP","floor":3.0},{"not_picked":["Body Slam","Searing Blow","Wild Strike"],"picked":"SKIP","floor":4.0},{"not_picked":["Entrench","Clash"],"picked":"Spot Weakness","floor":6.0},{"not_picked":["Power Through","Rampage"],"picked":"Rage","floor":8.0},{"not_picked":["Evolve","Inflame","Bloodletting"],"picked":"SKIP","floor":10.0},{"not_picked":["Sentinel","Sword Boomerang","Pummel"],"picked":"SKIP","floor":14.0},{"not_picked":["Bludgeon","Limit Break"],"picked":"Reaper","floor":16},{"not_picked":["Cleave","Shockwave"],"picked":"Pommel Strike","floor":18},{"not_picked":["Iron Wave","Cleave","Shrug It Off"],"picked":"SKIP","floor":20},{"not_picked":["Entrench","Metallicize","Heavy Blade"],"picked":"SKIP","floor":21}],"player_experience":691833,"relics_obtained":[{"floor":6.0,"key":"Paper Frog"},{"floor":8.0,"key":"WingedGreaves"},{"floor":9.0,"key":"Champion Belt"},{"floor":26,"key":"Dream Catcher"}],"event_choices":[{"damage_healed":0.0,"max_hp_gain":0.0,"max_hp_loss":0.0,"gold_gain":0.0,"event_name":"The Woman in Blue","player_choice":"Bought 2 Potions","floor":2.0,"gold_loss":0.0,"damage_taken":0.0},{"damage_healed":0.0,"max_hp_gain":0.0,"max_hp_loss":0.0,"gold_gain":0.0,"event_name":"Living Wall","player_choice":"Grow","floor":5.0,"gold_loss":0.0,"damage_taken":0.0,"cards_upgraded":["Pommel Strike"]},{"damage_healed":0.0,"max_hp_gain":0.0,"max_hp_loss":0.0,"gold_gain":0.0,"event_name":"FaceTrader","player_choice":"Trade","floor":13.0,"gold_loss":0.0,"damage_taken":0.0,"relics_obtained":["FaceOfCleric"]},{"damage_healed":0,"gold_gain":100,"player_choice":"Bet on Murderer","damage_taken":0,"max_hp_gain":0,"max_hp_loss":0,"event_name":"The Joust","floor":19,"gold_loss":50},{"damage_healed":0,"gold_gain":0,"player_choice":"Got Potions","damage_taken":0,"max_hp_gain":0,"max_hp_loss":0,"event_name":"Lab","floor":22,"gold_loss":0}],"is_beta":false,"boss_relics":[{"not_picked":["Empty Cage","Lizard Tail"],"picked":"Black Blood"}],"items_purged_floors":[12,24],"is_endless":false,"potions_floor_spawned":[1,4,10,21],"killed_by":"Slavers","ascension_level":18}