{"gold_per_floor":[212,212,212,232,232,232,248,137,137,137,151,224,224,244,244,375,375,395,81,81,81,104,145,163,163,163,188,188,188,209,253,253,376,376,401,427,427,440,458,498,498,513,537,537,537,560,50,50],"floor_reached":48,"playtime":3402,"items_purged":["Regret"],"score":630,"play_id":"ad827de6-3084-41f2-9458-2059e85f1701","local_time":"20180719225028","is_ascension_mode":true,"campfire_choices":[{"data":"Footwork","floor":6,"key":"SMITH"},{"data":"Neutralize","floor":10,"key":"SMITH"},{"data":"Survivor","floor":13,"key":"SMITH"},{"data":"Malaise","floor":15,"key":"SMITH"},{"floor":28,"key":"REST"},{"floor":32,"key":"REST"},{"floor":41,"key":"REST"},{"data":"Corpse Explosion","floor":44,"key":"SMITH"}],"neow_cost":"NONE","seed_source_timestamp":11549171951717,"circlet_count":0,"master_deck":["Defend_G","Defend_G","Defend_G","Defend_G+1","Strike_G","Strike_G","Strike_G+1","Survivor+1","Neutralize+1","Footwork+1","Backstab","Well Laid Plans","Noxious Fumes+1","Heel Hook","Malaise+1","Adrenaline","Poisoned Stab+1","Corpse Explosion+1","Dodge and Roll","Catalyst+1","Backstab+1","Panache+1","Footwork+1"],"relics":["Ring of the Snake","Bag of Marbles","Golden Idol","Frozen Egg 2","Tiny Chest","Empty Cage","Turnip","Bottled Tornado","Incense Burner","Matryoshka","Shuriken","Velvet Choker","Omamori","Boot","Ninja Scroll","Pen Nib","Anchor","HandDrill","Paper Crane"],"potions_floor_usage":[16,23,23,33,40],"damage_taken":[{"damage":3,"enemies":"Jaw Worm","floor":1,"turns":5},{"damage":0,"enemies":"2 Louse","floor":4,"turns":2},{"damage":2,"enemies":"Small Slimes","floor":7,"turns":3},{"damage":6,"enemies":"Exordium Wildlife","floor":11,"turns":2},{"damage":13,"enemies":"Lagavulin","floor":12,"turns":6},{"damage":0,"enemies":"Lots of Slimes","floor":14,"turns":3},{"damage":3,"enemies":"Slime Boss","floor":16,"turns":9},{"damage":7,"enemies":"Shell Parasite","floor":18,"turns":7},{"damage":0,"enemies":"Spheric Guardian","floor":22,"turns":6},{"damage":25,"enemies":"Slavers","floor":23,"turns":10},{"damage":5,"enemies":"Centurion and Healer","floor":24,"turns":7},{"damage":8,"enemies":"3 Cultists","floor":27,"turns":7},{"damage":5,"enemies":"Snake Plant","floor":30,"turns":5},{"damage":2,"enemies":"Gremlin Leader","floor":31,"turns":8},{"damage":8,"enemies":"Automaton","floor":33,"turns":9},{"damage":16,"enemies":"Flame Bruiser 1 Orb","floor":35,"turns":6},{"damage":0,"enemies":"3 Shapes","floor":38,"turns":6},{"damage":13,"enemies":"3 Darklings","floor":39,"turns":2},{"damage":21,"enemies":"Nemesis","floor":40,"turns":7},{"damage":11,"enemies":"Sphere and 2 Shapes","floor":42,"turns":5},{"damage":15,"enemies":"Flame Bruiser 2 Orb","floor":46,"turns":5},{"damage":7,"enemies":"Transient","floor":48,"turns":4}],"seed_played":"471472625446185908","potions_obtained":[{"floor":7,"key":"Block Potion"},{"floor":11,"key":"Ancient Potion"},{"floor":22,"key":"SpeedPotion"},{"floor":24,"key":"Strength Potion"},{"floor":27,"key":"SteroidPotion"},{"floor":30,"key":"SneckoOil"},{"floor":38,"key":"LiquidBronze"},{"floor":46,"key":"Strength Potion"}],"is_trial":false,"path_per_floor":["M","?","?","M","?","R","M","$","T","R","M","E","R","M","R","B",null,"M","$","?","?","M","E","M","?","T","M","R","T","M","E","R","B",null,"M","T","?","M","M","E","R","M","T","R","?","M","$"],"character_chosen":"THE_SILENT","items_purchased":["Well Laid Plans","Turnip","Footwork+1","HandDrill","Paper Crane"],"campfire_rested":3,"item_purchase_floors":[8,19,47,47,47],"current_hp_per_floor":[67,53,53,53,53,53,51,51,51,51,45,32,32,32,32,29,65,58,58,58,52,52,27,22,22,22,14,33,33,28,26,45,37,65,49,49,49,49,36,15,34,23,23,23,18,3,3,0],"gold":50,"neow_bonus":"HUNDRED_GOLD","is_prod":false,"is_daily":false,"chose_seed":false,"campfire_upgraded":5,"win_rate":0,"timestamp":1532058628,"path_taken":["M","?","?","M","?","R","?","$","T","R","M","E","R","M","R","BOSS","M","$","?","?","M","E","M","?","T","M","R","?","M","E","R","BOSS","M","?","?","M","?","E","R","M","T","R","?","M","$","M"],"build_version":"2018-07-19","purchased_purges":1,"victory":false,"max_hp_per_floor":[70,70,70,70,65,65,65,65,65,65,65,65,65,65,65,65,65,65,65,65,65,65,65,65,65,65,65,65,65,65,65,65,65,65,65,65,65,65,65,65,65,65,65,65,65,65,65,65],"card_choices":[{"not_picked":["Slice","Deadly Poison"],"picked":"Footwork","floor":1},{"not_picked":["Skewer","Backflip"],"picked":"Backstab","floor":4},{"not_picked":["Poisoned Stab","Flechettes","Prepared"],"picked":"SKIP","floor":7},{"not_picked":["Quick Slash","Skewer"],"picked":"Noxious Fumes+1","floor":11},{"not_picked":["Deadly Poison","Poisoned Stab"],"picked":"Heel Hook","floor":12},{"not_picked":["Bane","Blade Dance"],"picked":"Malaise","floor":14},{"not_picked":["Grand Finale","Venomology"],"picked":"Adrenaline","floor":16},{"not_picked":["PiercingWail","Outmaneuver+1","All Out Attack"],"picked":"SKIP","floor":18},{"not_picked":["Heel Hook","Well Laid Plans+1","Tactician"],"picked":"SKIP","floor":22},{"not_picked":["PiercingWail+1","Flying Knee"],"picked":"Poisoned Stab+1","floor":23},{"not_picked":["Bouncing Flask","Cloak And Dagger","Reflex"],"picked":"SKIP","floor":24},{"not_picked":["Finisher+1","All Out Attack","Deadly Poison"],"picked":"SKIP","floor":27},{"not_picked":["Choke","Reflex"],"picked":"Corpse Explosion","floor":30},{"not_picked":["Dodge and Roll","All Out Attack","Setup"],"picked":"SKIP","floor":31},{"not_picked":["All Out Attack","Setup"],"picked":"Dodge and Roll","floor":31},{"not_picked":["Slice","Finisher+1","Reflex+1"],"picked":"SKIP","floor":35},{"not_picked":["Reflex+1","Leg Sweep"],"picked":"Catalyst+1","floor":38},{"not_picked":["Outmaneuver+1","Poisoned Stab","Prepared"],"picked":"SKIP","floor":39},{"not_picked":["Expertise+1","Masterful Stab+1","Backflip"],"picked":"SKIP","floor":40},{"not_picked":["Outmaneuver+1","Reflex"],"picked":"Backstab+1","floor":42},{"not_picked":["Dramatic Entrance","Blind"],"picked":"Panache+1","floor":45},{"not_picked":["Acrobatics+1","Backstab","Dagger Spray"],"picked":"SKIP","floor":46}],"player_experience":291697,"relics_obtained":[{"floor":9,"key":"Frozen Egg 2"},{"floor":12,"key":"Tiny Chest"},{"floor":23,"key":"Bottled Tornado"},{"floor":26,"key":"Incense Burner"},{"floor":29,"key":"Matryoshka"},{"floor":31,"key":"Shuriken"},{"floor":36,"key":"Omamori"},{"floor":36,"key":"Boot"},{"floor":40,"key":"Ninja Scroll"},{"floor":43,"key":"Pen Nib"},{"floor":43,"key":"Anchor"}],"event_choices":[{"event_name":"Shining Light","player_choice":"Entered Light","floor":2,"damage_taken":0},{"event_name":"Big Fish","player_choice":"Box","floor":3,"damage_taken":0},{"event_name":"Golden Idol","player_choice":"Lose Max HP","floor":5,"damage_taken":0},{"event_name":"Drug Dealer","player_choice":"Ignored","floor":20,"damage_taken":0},{"event_name":"Wheel of Change","player_choice":"Damage","floor":21,"damage_taken":0},{"event_name":"Purifier","player_choice":"One Purge","floor":25,"damage_taken":0},{"event_name":"Mysterious Sphere","player_choice":"Ignore","floor":37,"damage_taken":0},{"event_name":"SensoryStone","player_choice":"Memory 2","floor":45,"damage_taken":0}],"is_beta":false,"boss_relics":[{"not_picked":["Eternal Feather","Busted Crown"],"picked":"Empty Cage"},{"not_picked":["WristBlade","White Beast Statue"],"picked":"Velvet Choker"}],"items_purged_floors":[8],"is_endless":false,"potions_floor_spawned":[7,11,22,24,27,30,38,46],"killed_by":"Transient","ascension_level":4}