{"gold_per_floor":[109,119,119,131,206,235,235,248,301,301],"floor_reached":10,"playtime":468,"items_purged":[],"score":133,"play_id":"702b4507-0e8f-4b03-9c3b-a54465c986c9","local_time":"20190307151327","is_ascension_mode":true,"campfire_choices":[{"data":"Hemokinesis","floor":7.0,"key":"SMITH"}],"neow_cost":"NONE","seed_source_timestamp":60300086996908,"circlet_count":0,"master_deck":["AscendersBane","Strike_R","Strike_R","Strike_R","Strike_R","Strike_R","Defend_R","Defend_R","Defend_R","Defend_R","Bash","Purity","Hemokinesis+1","Cleave","Pain","Carnage","Disarm"],"special_seed":0,"relics":["Burning Blood","WarpedTongs","Shuriken"],"potions_floor_usage":[10,10],"damage_taken":[{"damage":9.0,"enemies":"Small Slimes","floor":1.0,"turns":5.0},{"damage":3.0,"enemies":"Cultist","floor":2.0,"turns":2.0},{"damage":11.0,"enemies":"Jaw Worm","floor":4.0,"turns":3.0},{"damage":36.0,"enemies":"Gremlin Nob","floor":6.0,"turns":4.0},{"damage":10.0,"enemies":"Large Slime","floor":8.0,"turns":5.0},{"damage":30,"enemies":"Lagavulin","floor":10,"turns":5}],"seed_played":"-6186181862649020584","potions_obtained":[{"floor":2.0,"key":"SkillPotion"},{"floor":4.0,"key":"SteroidPotion"}],"is_trial":false,"path_per_floor":["M","M","?","M","?","E","R","M","T","E"],"character_chosen":"IRONCLAD","items_purchased":[],"campfire_rested":0,"item_purchase_floors":[],"current_hp_per_floor":[65,68,68,63,52,22,22,18,18,0],"gold":301,"neow_bonus":"RANDOM_COLORLESS","is_prod":false,"is_daily":false,"chose_seed":false,"campfire_upgraded":1,"win_rate":0,"timestamp":1551968007,"path_taken":["M","M","?","?","?","E","R","M","T","E"],"build_version":"2019-01-23","purchased_purges":0,"victory":false,"max_hp_per_floor":[75,75,75,75,75,75,75,75,75,75],"card_choices":[{"not_picked":["Infernal Blade","Armaments"],"picked":"Hemokinesis","floor":1.0},{"not_picked":["Flex","Clash"],"picked":"Cleave","floor":2.0},{"not_picked":["Uppercut","Searing Blow"],"picked":"Carnage","floor":4.0},{"not_picked":["Exhume","Clash"],"picked":"Disarm","floor":6.0},{"not_picked":["Thunderclap","Carnage","Cleave"],"picked":"SKIP","floor":8.0}],"player_experience":470509,"relics_obtained":[{"floor":6.0,"key":"Shuriken"}],"event_choices":[{"damage_healed":0.0,"max_hp_gain":0.0,"max_hp_loss":0.0,"gold_gain":0.0,"event_name":"Accursed Blacksmith","player_choice":"Rummage","floor":3.0,"gold_loss":0.0,"damage_taken":0.0,"relics_obtained":["WarpedTongs"],"cards_obtained":["Pain"]},{"damage_healed":0.0,"max_hp_gain":0.0,"max_hp_loss":0.0,"gold_gain":75.0,"event_name":"World of Goop","player_choice":"Gather Gold","floor":5.0,"gold_loss":0.0,"damage_taken":11.0}],"is_beta":false,"boss_relics":[],"items_purged_floors":[],"is_endless":false,"potions_floor_spawned":[2,4,8],"killed_by":"Lagavulin","ascension_level":19}