{"gold_per_floor":[114,114,114,15,27,27,60,60,60,77,111,111,37,49,49,154,154,168,43,43,62,62,62,27,58,58,58,58,383,394,424,424,524,524,544,559,74,92,110,110,142,142,165,176,204,304,334,0,0,0],"floor_reached":51,"playtime":4409,"items_purged":["Regret","Blizzard+1"],"score":1621,"play_id":"cc50ab94-14c0-4f3a-9cf5-198a9bf796a3","local_time":"20190206233845","is_ascension_mode":true,"campfire_choices":[{"data":"Dualcast","floor":6.0,"key":"SMITH"},{"data":"Capacitor","floor":8.0,"key":"SMITH"},{"data":"Reinforced Body","floor":12.0,"key":"SMITH"},{"data":"Hologram","floor":15.0,"key":"SMITH"},{"data":"Consume","floor":23.0,"key":"SMITH"},{"floor":28.0,"key":"REST"},{"data":"Capacitor","floor":32.0,"key":"SMITH"},{"data":"Fission","floor":40.0,"key":"SMITH"},{"data":"Chill","floor":42.0,"key":"SMITH"},{"data":"Buffer","floor":49,"key":"SMITH"}],"neow_cost":"NONE","seed_source_timestamp":0,"circlet_count":0,"master_deck":["Defend_B+1","Defend_B+1","Defend_B+1","Defend_B+1","Zap+1","Dualcast+1","Ball Lightning","Conserve Battery","Capacitor+1","Consume+1","Chill+1","Reinforced Body+1","Capacitor+1","Hologram+1","Electrodynamics","Cold Snap","Auto Shields+1","BootSequence+1","Cold Snap+1","Fission+1","Rebound+1","White Noise+1","Go for the Eyes+1","Glacier+1","White Noise+1","Buffer+1","Chill","Hologram+1"],"special_seed":0,"relics":["Cracked Core","PreservedInsect","Lantern","Oddly Smooth Stone","Calipers","Black Star","Anchor","Art of War","FossilizedHelix","Cables","Old Coin","Meat on the Bone","Matryoshka","Astrolabe","Medical Kit","Regal Pillow","Bottled Lightning","Kunai","Strawberry","Orichalcum","Incense Burner","War Paint","Mango","Omamori","Centennial Puzzle","Red Mask"],"potions_floor_usage":[50],"damage_taken":[{"damage":3.0,"enemies":"2 Louse","floor":1.0,"turns":3.0},{"damage":0.0,"enemies":"Small Slimes","floor":5.0,"turns":3.0},{"damage":5.0,"enemies":"3 Sentries","floor":7.0,"turns":5.0},{"damage":0.0,"enemies":"Jaw Worm","floor":10.0,"turns":3.0},{"damage":10.0,"enemies":"Lagavulin","floor":11.0,"turns":6.0},{"damage":1.0,"enemies":"3 Louse","floor":14.0,"turns":4.0},{"damage":0.0,"enemies":"The Guardian","floor":16.0,"turns":9.0},{"damage":7.0,"enemies":"2 Thieves","floor":18.0,"turns":3.0},{"damage":5.0,"enemies":"3 Byrds","floor":21.0,"turns":4.0},{"damage":9.0,"enemies":"Book of Stabbing","floor":25.0,"turns":6.0},{"damage":10.0,"enemies":"Slavers","floor":29.0,"turns":4.0},{"damage":0.0,"enemies":"Shelled Parasite and Fungi","floor":30.0,"turns":6.0},{"damage":0.0,"enemies":"Book of Stabbing","floor":31.0,"turns":5.0},{"damage":0.0,"enemies":"Collector","floor":33.0,"turns":10.0},{"damage":0.0,"enemies":"Orb Walker","floor":35.0,"turns":5.0},{"damage":0.0,"enemies":"3 Shapes","floor":36.0,"turns":3.0},{"damage":0.0,"enemies":"Maw","floor":38.0,"turns":9.0},{"damage":0.0,"enemies":"4 Shapes","floor":39.0,"turns":6.0},{"damage":0.0,"enemies":"Reptomancer","floor":41.0,"turns":7.0},{"damage":0.0,"enemies":"Jaw Worm Horde","floor":44.0,"turns":3.0},{"damage":0.0,"enemies":"Giant Head","floor":45.0,"turns":11.0},{"damage":0.0,"enemies":"Mind Bloom Boss Battle","floor":46.0,"turns":8.0},{"damage":0,"enemies":"Reptomancer","floor":47,"turns":6},{"damage":0,"enemies":"Time Eater","floor":50,"turns":15}],"seed_played":"3053831692095300760","potions_obtained":[{"floor":11.0,"key":"Ancient Potion"},{"floor":14.0,"key":"Dexterity Potion"},{"floor":21.0,"key":"FocusPotion"},{"floor":30.0,"key":"Weak Potion"},{"floor":41.0,"key":"Block Potion"}],"is_trial":false,"path_per_floor":["M","?","?","$","M","R","E","R","T","M","E","R","$","M","R","B",null,"M","$","?","M","$","R","$","E","T","?","R","E","M","E","R","B",null,"M","M","$","M","M","R","E","R","T","M","E","?","E","?","R","B",null],"character_chosen":"DEFECT","items_purchased":["Conserve Battery","Capacitor","Auto Shields","Fire Potion","BootSequence","Medical Kit","Regal Pillow","Fire Potion"],"campfire_rested":1,"item_purchase_floors":[4,13,19,19,24,37,37,37],"current_hp_per_floor":[65,58,58,58,58,58,53,53,53,53,43,43,43,42,42,42,67,60,60,60,55,55,55,55,46,46,46,68,58,58,58,58,58,71,71,71,71,71,71,71,71,71,78,78,78,92,92,92,92,92],"gold":0,"neow_bonus":"UPGRADE_CARD","is_prod":false,"is_daily":false,"chose_seed":false,"campfire_upgraded":9,"win_rate":0,"timestamp":1549492725,"path_taken":["M","?","?","$","M","R","E","R","T","M","E","R","$","M","R","BOSS","M","$","?","M","$","R","$","E","T","?","R","E","M","E","R","BOSS","M","M","$","M","M","R","E","R","T","M","E","?","E","?","R","BOSS"],"build_version":"2019-01-23","purchased_purges":2,"victory":true,"max_hp_per_floor":[75,75,75,75,75,75,75,75,75,75,75,75,75,75,75,75,75,75,75,75,75,75,75,75,75,75,75,75,75,75,75,75,75,75,75,75,75,75,75,75,75,75,82,82,82,96,96,96,96,96],"card_choices":[{"not_picked":["Sweeping Beam","Storm"],"picked":"Ball Lightning","floor":1.0},{"not_picked":["Blizzard","Gash"],"picked":"Capacitor","floor":5.0},{"not_picked":["Leap","Turbo"],"picked":"Consume","floor":7.0},{"not_picked":["Steam","Go for the Eyes"],"picked":"Chill","floor":10.0},{"not_picked":["Steam","Sunder"],"picked":"Reinforced Body","floor":11.0},{"not_picked":["Beam Cell","Conserve Battery"],"picked":"Hologram","floor":14.0},{"not_picked":["Rainbow","Hyperbeam"],"picked":"Electrodynamics","floor":16.0},{"not_picked":["Coolheaded","Redo"],"picked":"Cold Snap","floor":18.0},{"not_picked":["Redo+1","Reprogram+1","Aggregate"],"picked":"SKIP","floor":21.0},{"not_picked":["Compile Driver","Reprogram+1","Gash"],"picked":"SKIP","floor":25.0},{"not_picked":["Compile Driver","Reprogram+1","Gash"],"picked":"SKIP","floor":25.0},{"not_picked":["Streamline","Beam Cell","Creative AI"],"picked":"SKIP","floor":29.0},{"not_picked":["Go for the Eyes","Blizzard","Steam"],"picked":"SKIP","floor":30.0},{"not_picked":["Fusion","Lockon"],"picked":"Cold Snap+1","floor":31.0},{"not_picked":["Echo Form","Rainbow"],"picked":"Fission","floor":33.0},{"not_picked":["Ball Lightning+1","Recycle+1","Melter"],"picked":"SKIP","floor":35.0},{"not_picked":["Beam Cell","Rebound"],"picked":"Go for the Eyes+1","floor":36.0},{"not_picked":["Turbo+1","Streamline","Compile Driver"],"picked":"SKIP","floor":38.0},{"not_picked":["Double Energy","Streamline"],"picked":"Glacier+1","floor":39.0},{"not_picked":["Double Energy","Storm","Force Field+1"],"picked":"SKIP","floor":41.0},{"not_picked":["Skim+1","Streamline"],"picked":"White Noise+1","floor":44.0},{"not_picked":["Undo","Skim"],"picked":"Buffer","floor":45.0},{"not_picked":["Turbo","Storm"],"picked":"Chill","floor":46.0},{"not_picked":["Rip and Tear+1","Turbo+1"],"picked":"Hologram+1","floor":47}],"player_experience":318535,"relics_obtained":[{"floor":7.0,"key":"Lantern"},{"floor":9.0,"key":"Oddly Smooth Stone"},{"floor":11.0,"key":"Calipers"},{"floor":25.0,"key":"Anchor"},{"floor":25.0,"key":"Art of War"},{"floor":26.0,"key":"FossilizedHelix"},{"floor":29.0,"key":"Cables"},{"floor":29.0,"key":"Old Coin"},{"floor":31.0,"key":"Meat on the Bone"},{"floor":31.0,"key":"Matryoshka"},{"floor":41.0,"key":"Bottled Lightning"},{"floor":41.0,"key":"Kunai"},{"floor":43.0,"key":"Strawberry"},{"floor":43.0,"key":"Orichalcum"},{"floor":45.0,"key":"Incense Burner"},{"floor":45.0,"key":"War Paint"},{"floor":46.0,"key":"Mango"},{"floor":47,"key":"Omamori"},{"floor":47,"key":"Centennial Puzzle"}],"event_choices":[{"cards_removed":["Strike_B"],"damage_healed":0.0,"max_hp_gain":0.0,"max_hp_loss":0.0,"gold_gain":0.0,"event_name":"Golden Wing","player_choice":"Card Removal","floor":2.0,"gold_loss":0.0,"damage_taken":7.0},{"damage_healed":0.0,"max_hp_gain":0.0,"max_hp_loss":0.0,"gold_gain":0.0,"event_name":"Big Fish","player_choice":"Box","floor":3.0,"gold_loss":0.0,"damage_taken":0.0,"relics_obtained":["PreservedInsect"],"cards_obtained":["Regret"]},{"damage_healed":0.0,"max_hp_gain":0.0,"max_hp_loss":0.0,"gold_gain":0.0,"event_name":"Ghosts","player_choice":"Ignored","floor":20.0,"gold_loss":0.0,"damage_taken":0.0},{"damage_healed":0.0,"max_hp_gain":0.0,"max_hp_loss":0.0,"gold_gain":0.0,"event_name":"Back to Basics","player_choice":"Simplicity","floor":27.0,"gold_loss":0.0,"damage_taken":0.0,"cards_upgraded":["Strike_B","Strike_B","Strike_B","Defend_B","Defend_B","Defend_B","Defend_B"]},{"damage_healed":0.0,"max_hp_gain":0.0,"max_hp_loss":0.0,"gold_gain":0.0,"event_name":"MindBloom","player_choice":"Fight","floor":46.0,"gold_loss":0.0,"damage_taken":0.0},{"damage_healed":0,"gold_gain":0,"player_choice":"Paid","damage_taken":0,"relics_obtained":["Red Mask"],"max_hp_gain":0,"max_hp_loss":0,"event_name":"Tomb of Lord Red Mask","floor":48,"gold_loss":334}],"is_beta":false,"boss_relics":[{"not_picked":["Empty Cage","Ectoplasm"],"picked":"Black Star"},{"not_picked":["Calling Bell","Lizard Tail"],"picked":"Astrolabe"}],"items_purged_floors":[4,37],"is_endless":false,"potions_floor_spawned":[11,14,21,30,31,38,41,45,47],"ascension_level":9}