{"gold_per_floor":[110,125,139,139,139,139,152,77,103,134,147,147,178,328,328,402,402,421,439,28,28,41,41,41,67,146,169,180,194,194,214,214,288,338,354,374,374,387,120,120,120,98,175,175,209,209,225,225],"floor_reached":48,"playtime":2051,"items_purged":["Strike_R","Doubt"],"score":883,"play_id":"d52de354-0faa-4705-b66d-64de2489ff06","local_time":"20180816154144","is_ascension_mode":true,"campfire_choices":[{"data":"Cleave","floor":6.0,"key":"SMITH"},{"data":"Metallicize","floor":12.0,"key":"SMITH"},{"data":"Clothesline","floor":15.0,"key":"SMITH"},{"floor":24.0,"key":"REST"},{"data":"Metallicize","floor":32.0,"key":"SMITH"},{"data":"Apotheosis","floor":41,"key":"SMITH"},{"floor":44,"key":"REST"},{"floor":46,"key":"REST"}],"neow_cost":"","seed_source_timestamp":0,"circlet_count":0,"master_deck":["Strike_R","Strike_R","Strike_R","Defend_R+1","Defend_R","Defend_R+1","Defend_R","Bash+1","AscendersBane","Clash","Cleave+1","Pommel Strike","Clothesline+1","Blood for Blood","Metallicize+1","Impervious+1","Double Tap","Clash","Metallicize+1","Pommel Strike","Shockwave","Blood for Blood+1","Carnage","Inflame","Impervious","Dropkick","Berserk","Battle Trance","Iron Wave","Hemokinesis","Madness","Madness","Apotheosis+1","Metallicize","Shrug It Off","Infernal Blade+1","Clothesline+1"],"special_seed":0,"relics":["Burning Blood","Anchor","Happy Flower","Dead Branch","Sozu","Torii","Ornamental Fan","Self Forming Clay","War Paint","Tiny House","The Courier","Art of War"],"potions_floor_usage":[],"damage_taken":[{"damage":10.0,"enemies":"Cultist","floor":1.0,"turns":5.0},{"damage":7.0,"enemies":"Jaw Worm","floor":2.0,"turns":4.0},{"damage":4.0,"enemies":"Small Slimes","floor":3.0,"turns":3.0},{"damage":7.0,"enemies":"Looter","floor":7.0,"turns":3.0},{"damage":6.0,"enemies":"Gremlin Nob","floor":10.0,"turns":3.0},{"damage":11.0,"enemies":"Large Slime","floor":11.0,"turns":5.0},{"damage":4.0,"enemies":"Lagavulin","floor":13.0,"turns":6.0},{"damage":16.0,"enemies":"The Guardian","floor":16.0,"turns":13.0},{"damage":8.0,"enemies":"Chosen","floor":18.0,"turns":5.0},{"damage":20.0,"enemies":"Spheric Guardian","floor":19.0,"turns":4.0},{"damage":9.0,"enemies":"Snecko","floor":22.0,"turns":5.0},{"damage":9.0,"enemies":"Book of Stabbing","floor":25.0,"turns":5.0},{"damage":1.0,"enemies":"Snake Plant","floor":28.0,"turns":5.0},{"damage":20.0,"enemies":"Sentry and Sphere","floor":29.0,"turns":7.0},{"damage":6.0,"enemies":"Snecko","floor":31.0,"turns":4.0},{"damage":18,"enemies":"Collector","floor":33,"turns":11},{"damage":7,"enemies":"Orb Walker","floor":35,"turns":5},{"damage":13,"enemies":"3 Shapes","floor":36,"turns":5},{"damage":7,"enemies":"Sphere and 2 Shapes","floor":38,"turns":6},{"damage":47,"enemies":"2 Orb Walkers","floor":45,"turns":8},{"damage":39,"enemies":"Spire Growth","floor":47,"turns":7},{"damage":60,"enemies":"Transient","floor":48,"turns":4}],"seed_played":"-8332780259750412469","potions_obtained":[{"floor":2.0,"key":"LiquidBronze"},{"floor":7.0,"key":"FearPotion"},{"floor":16.0,"key":"Swift Potion"}],"is_trial":false,"path_per_floor":["M","M","M","?","?","R","M","$","T","E","M","R","E","?","R","B",null,"M","M","$","?","M","?","R","E","T","T","M","M","?","M","R","B",null,"M","M","?","M","$","?","R","$","T","R","E","R","M"],"character_chosen":"IRONCLAD","items_purchased":["Torii","Apotheosis","Metallicize","Shrug It Off"],"campfire_rested":3,"item_purchase_floors":[20,39,39,42],"current_hp_per_floor":[64,63,65,65,42,42,41,41,41,41,36,36,38,38,38,28,63,61,47,47,47,44,23,47,44,44,44,49,35,35,35,35,33,73,72,65,50,49,49,49,49,49,49,74,33,58,25,0],"gold":225,"neow_bonus":"","is_prod":false,"is_daily":false,"chose_seed":false,"campfire_upgraded":5,"win_rate":0,"timestamp":1534459304,"path_taken":["M","M","M","?","?","R","M","$","T","E","M","R","E","?","R","BOSS","M","M","$","?","M","?","R","E","T","?","M","M","?","M","R","BOSS","M","?","?","M","$","?","R","$","T","R","E","R","M","M"],"build_version":"2018-08-09","purchased_purges":2,"victory":false,"max_hp_per_floor":[75,75,75,75,75,75,75,75,75,75,75,75,75,75,75,75,75,75,75,75,75,75,80,80,80,80,80,80,80,80,80,80,80,85,85,85,85,85,85,85,85,85,85,85,85,85,85,85],"card_choices":[{"not_picked":["Havoc","Wild Strike"],"picked":"Clash","floor":1.0},{"not_picked":["Havoc","Armaments"],"picked":"Cleave","floor":2.0},{"not_picked":["Combust","Hemokinesis"],"picked":"Pommel Strike","floor":3.0},{"not_picked":["Searing Blow","Power Through"],"picked":"Clothesline","floor":7.0},{"not_picked":["Flex","Dual Wield"],"picked":"Blood for Blood","floor":10.0},{"not_picked":["Headbutt","Thunderclap"],"picked":"Metallicize","floor":11.0},{"not_picked":["Rampage","Wild Strike"],"picked":"Impervious","floor":13.0},{"not_picked":["Dark Embrace","Berserk"],"picked":"Double Tap","floor":16.0},{"not_picked":["Havoc","Pommel Strike"],"picked":"Clash","floor":18.0},{"not_picked":["Twin Strike","Sword Boomerang","Pummel"],"picked":"SKIP","floor":19.0},{"not_picked":["Anger","Second Wind"],"picked":"Pommel Strike","floor":22.0},{"not_picked":["Flex","Thunderclap"],"picked":"Shockwave","floor":25.0},{"not_picked":["Anger+1","Combust"],"picked":"Blood for Blood","floor":28.0},{"not_picked":["Havoc","Wild Strike"],"picked":"Carnage","floor":29.0},{"not_picked":["Anger","Clothesline"],"picked":"Dropkick","floor":31.0},{"not_picked":["Double Tap","Reaper"],"picked":"Berserk","floor":33},{"not_picked":["Spot Weakness","Pommel Strike"],"picked":"Battle Trance","floor":34},{"not_picked":["Power Through","Warcry"],"picked":"Iron Wave","floor":35},{"not_picked":["Burning Pact","Sentinel"],"picked":"Hemokinesis","floor":36},{"not_picked":["Wild Strike+1","Entrench","Sword Boomerang"],"picked":"SKIP","floor":38},{"not_picked":["Sentinel","Berserk"],"picked":"Infernal Blade+1","floor":45},{"not_picked":["Heavy Blade","Perfected Strike"],"picked":"Clothesline+1","floor":47}],"player_experience":763311,"relics_obtained":[{"floor":9.0,"key":"Anchor"},{"floor":10.0,"key":"Happy Flower"},{"floor":13.0,"key":"Dead Branch"},{"floor":25.0,"key":"Ornamental Fan"},{"floor":26.0,"key":"Self Forming Clay"},{"floor":27.0,"key":"War Paint"},{"floor":43,"key":"The Courier"},{"floor":45,"key":"Art of War"}],"event_choices":[{"event_name":"Purifier","player_choice":"One Purge","floor":4.0,"damage_taken":0.0},{"event_name":"Shining Light","player_choice":"Entered Light","floor":5.0,"damage_taken":0.0},{"event_name":"Liars Game","player_choice":"agreed","floor":14.0,"damage_taken":0.0},{"event_name":"The Library","player_choice":"Read","floor":21.0,"damage_taken":0.0},{"event_name":"Forgotten Altar","player_choice":"Shed Blood","floor":23.0,"damage_taken":0.0},{"event_name":"Match and Keep!","player_choice":"2 cards matched","floor":30.0,"damage_taken":0.0},{"event_name":"Winding Halls","player_choice":"Embrace Madness","floor":37,"damage_taken":0},{"event_name":"The Lab","player_choice":"Got Potions","floor":40,"damage_taken":0}],"is_beta":false,"boss_relics":[{"not_picked":["White Beast Statue","Black Star"],"picked":"Sozu"},{"not_picked":["Astrolabe","Runic Pyramid"],"picked":"Tiny House"}],"items_purged_floors":[8,20],"is_endless":false,"potions_floor_spawned":[2,7,16,19,22,31,33,35,45],"killed_by":"Transient","ascension_level":15}