{"gold_per_floor":[111,71,32,32,48,73,90,101,101,118,118,145,160,490,490,490],"floor_reached":16,"playtime":779,"items_purged":[],"score":279,"play_id":"2085b7e4-3749-4a8a-b9af-ddde3ad29711","local_time":"20190202184545","is_ascension_mode":true,"campfire_choices":[{"data":"Dash","floor":11.0,"key":"SMITH"},{"data":"Setup","floor":15,"key":"SMITH"}],"neow_cost":"NONE","seed_source_timestamp":9201838046940,"circlet_count":0,"master_deck":["AscendersBane","Defend_G","Defend_G","Defend_G","Defend_G","Defend_G","Strike_G","Strike_G","Strike_G","Strike_G","Strike_G","Survivor","Neutralize","Predator","Dash+1","PiercingWail","Escape Plan","Crippling Poison","Well Laid Plans","Deflect","Setup+1","Leg Sweep"],"special_seed":0,"relics":["Ring of the Snake","NeowsBlessing","Vajra","Singing Bowl","FossilizedHelix","Old Coin"],"potions_floor_usage":[14,16],"damage_taken":[{"damage":0.0,"enemies":"Jaw Worm","floor":1.0,"turns":1.0},{"damage":0.0,"enemies":"Cultist","floor":5.0,"turns":1.0},{"damage":0.0,"enemies":"Lagavulin","floor":6.0,"turns":1.0},{"damage":0.0,"enemies":"2 Louse","floor":7.0,"turns":4.0},{"damage":14.0,"enemies":"Gremlin Gang","floor":8.0,"turns":6.0},{"damage":3.0,"enemies":"2 Fungi Beasts","floor":10.0,"turns":4.0},{"damage":6.0,"enemies":"Gremlin Nob","floor":12.0,"turns":4.0},{"damage":0.0,"enemies":"Exordium Wildlife","floor":13.0,"turns":2.0},{"damage":7,"enemies":"Lagavulin","floor":14,"turns":7},{"damage":40,"enemies":"Slime Boss","floor":16,"turns":17}],"seed_played":"8059500246514164275","potions_obtained":[{"floor":2.0,"key":"AttackPotion"},{"floor":2.0,"key":"Block Potion"},{"floor":2.0,"key":"EntropicBrew"},{"floor":14,"key":"Weak Potion"}],"is_trial":false,"path_per_floor":["M","?","$","$","M","E","M","M","T","M","R","E","M","E","R","B"],"character_chosen":"THE_SILENT","items_purchased":["Predator"],"campfire_rested":0,"item_purchase_floors":[3],"current_hp_per_floor":[59,59,59,59,59,59,59,45,45,42,42,36,36,29,29,0],"gold":490,"neow_bonus":"THREE_ENEMY_KILL","is_prod":false,"is_daily":false,"chose_seed":false,"campfire_upgraded":2,"win_rate":0,"timestamp":1549161945,"path_taken":["M","?","?","$","?","E","M","M","T","M","R","E","M","E","R","BOSS"],"build_version":"2019-01-23","purchased_purges":0,"victory":false,"max_hp_per_floor":[66,66,66,66,66,66,66,66,66,66,66,66,66,66,66,66],"card_choices":[{"not_picked":["Acrobatics","Sucker Punch","Dagger Throw"],"picked":"SKIP","floor":1.0},{"not_picked":["Prepared","Setup"],"picked":"Dash","floor":5.0},{"not_picked":["Flechettes","Calculated Gamble"],"picked":"PiercingWail","floor":6.0},{"not_picked":["Sucker Punch","Quick Slash"],"picked":"Escape Plan","floor":7.0},{"not_picked":["Bane","Poisoned Stab"],"picked":"Crippling Poison","floor":8.0},{"not_picked":["Sucker Punch","Poisoned Stab"],"picked":"Well Laid Plans","floor":10.0},{"not_picked":["Outmaneuver","Deadly Poison"],"picked":"Deflect","floor":12.0},{"not_picked":["Caltrops","Dodge and Roll"],"picked":"Setup","floor":13.0},{"not_picked":["Bane","Flying Knee"],"picked":"Leg Sweep","floor":14}],"player_experience":1202161,"relics_obtained":[{"floor":6.0,"key":"Vajra"},{"floor":9.0,"key":"Singing Bowl"},{"floor":12.0,"key":"FossilizedHelix"},{"floor":14,"key":"Old Coin"}],"event_choices":[{"damage_healed":0.0,"max_hp_gain":0.0,"max_hp_loss":0.0,"gold_gain":0.0,"event_name":"The Woman in Blue","player_choice":"Bought 3 Potions","floor":2.0,"gold_loss":0.0,"damage_taken":0.0}],"is_beta":false,"boss_relics":[],"items_purged_floors":[],"is_endless":false,"potions_floor_spawned":[5,7,8,10,12,14],"killed_by":"Slime Boss","ascension_level":18}