{"gold_per_floor":[119,119,45,56,71,71,105,105,105,105,135,135,154,45,45,139,139,159,159,179,21,39,80,80,80,80,34,72,92,92,105,105,105],"floor_reached":33,"playtime":1727,"items_purged":["Strike_R"],"score":538,"play_id":"37eb7822-cc5d-4b23-961e-3cbed904a9cc","local_time":"20190205165041","is_ascension_mode":true,"campfire_choices":[{"data":"Bash","floor":6.0,"key":"SMITH"},{"data":"Shrug It Off","floor":10.0,"key":"SMITH"},{"floor":15.0,"key":"REST"},{"floor":25.0,"key":"REST"},{"data":"Body Slam","floor":32.0,"key":"SMITH"}],"neow_cost":"NONE","seed_source_timestamp":368244004603504,"circlet_count":0,"master_deck":["AscendersBane","Defend_R+1","Defend_R+1","Defend_R+1","Defend_R+1","Bash+1","Headbutt","Shrug It Off+1","Seeing Red+1","Clash","Feel No Pain","Double Tap","Dropkick","Bite+1","Bite","Bite+1","Bite","Bite","Corruption","Rampage","True Grit","Metallicize+1","Bludgeon","Body Slam+1"],"special_seed":0,"relics":["Burning Blood","NeowsBlessing","Red Skull","Pantograph","War Paint","Golden Idol","Velvet Choker","Bottled Lightning","Ornamental Fan","Torii","Whetstone"],"potions_floor_usage":[33,33],"damage_taken":[{"damage":0.0,"enemies":"Cultist","floor":1.0,"turns":1.0},{"damage":0.0,"enemies":"Small Slimes","floor":4.0,"turns":1.0},{"damage":0.0,"enemies":"2 Louse","floor":5.0,"turns":1.0},{"damage":67.0,"enemies":"Lagavulin","floor":7.0,"turns":9.0},{"damage":11.0,"enemies":"3 Sentries","floor":11.0,"turns":8.0},{"damage":8.0,"enemies":"Blue Slaver","floor":13.0,"turns":3.0},{"damage":26.0,"enemies":"The Guardian","floor":16.0,"turns":14.0},{"damage":8.0,"enemies":"Spheric Guardian","floor":18.0,"turns":5.0},{"damage":16.0,"enemies":"Chosen","floor":20.0,"turns":5.0},{"damage":23.0,"enemies":"Centurion and Healer","floor":22.0,"turns":5.0},{"damage":40.0,"enemies":"Book of Stabbing","floor":23.0,"turns":5.0},{"damage":24.0,"enemies":"Slavers","floor":28.0,"turns":9.0},{"damage":35.0,"enemies":"Snake Plant","floor":29.0,"turns":7.0},{"damage":8.0,"enemies":"Snecko","floor":31.0,"turns":4.0},{"damage":100,"enemies":"Automaton","floor":33,"turns":6}],"seed_played":"1825290859507133307","potions_obtained":[{"floor":1.0,"key":"Ancient Potion"},{"floor":2.0,"key":"Regen Potion"},{"floor":2.0,"key":"Dexterity Potion"},{"floor":13.0,"key":"Fruit Juice"},{"floor":16.0,"key":"Fire Potion"},{"floor":23.0,"key":"Dexterity Potion"},{"floor":28.0,"key":"Ancient Potion"}],"is_trial":false,"path_per_floor":["M","?","$","M","M","R","E","?","T","R","E","?","M","$","R","B",null,"M","?","M","$","M","E","T","R","T","$","E","M","?","M","R","B"],"character_chosen":"IRONCLAD","items_purchased":["Regen Potion","Feel No Pain","Corruption","Rampage","True Grit"],"campfire_rested":2,"item_purchase_floors":[3,14,21,21,27],"current_hp_per_floor":[74,74,74,75,75,75,54,31,31,31,26,26,29,29,50,53,68,66,51,46,46,37,15,15,30,30,30,36,37,37,45,45,0],"gold":105,"neow_bonus":"THREE_ENEMY_KILL","is_prod":false,"is_daily":false,"chose_seed":false,"campfire_upgraded":3,"win_rate":0,"timestamp":1549381841,"path_taken":["M","?","$","M","?","R","E","?","T","R","E","?","M","$","R","BOSS","M","?","M","$","M","E","?","R","T","?","E","M","?","M","R","BOSS"],"build_version":"2019-01-23","purchased_purges":1,"victory":false,"max_hp_per_floor":[75,75,75,75,75,75,75,75,75,75,75,68,73,73,73,73,73,73,51,51,51,51,51,51,51,51,51,51,51,51,51,51,51],"card_choices":[{"not_picked":["Uppercut","Anger","Flex"],"picked":"SKIP","floor":1.0},{"not_picked":["Havoc","Second Wind","Twin Strike"],"picked":"SKIP","floor":4.0},{"not_picked":["Anger","Sword Boomerang"],"picked":"Headbutt","floor":5.0},{"not_picked":["Pummel","Perfected Strike"],"picked":"Shrug It Off","floor":7.0},{"not_picked":["Iron Wave","Headbutt"],"picked":"Seeing Red","floor":11.0},{"not_picked":["Rupture","Twin Strike"],"picked":"Clash","floor":13.0},{"not_picked":["Fiend Fire","Demon Form"],"picked":"Double Tap","floor":16.0},{"not_picked":["Perfected Strike+1","Power Through"],"picked":"Dropkick","floor":18.0},{"not_picked":["Fire Breathing","Infernal Blade","Headbutt"],"picked":"SKIP","floor":20.0},{"not_picked":["Rampage","Pommel Strike+1","Headbutt"],"picked":"SKIP","floor":22.0},{"not_picked":["Perfected Strike+1","Cleave","Burning Pact"],"picked":"SKIP","floor":23.0},{"not_picked":["Twin Strike+1","Pommel Strike+1"],"picked":"Metallicize+1","floor":28.0},{"not_picked":["Combust+1","Flex"],"picked":"Bludgeon","floor":29.0},{"not_picked":["Evolve","Heavy Blade"],"picked":"Body Slam","floor":31.0}],"player_experience":307277,"relics_obtained":[{"floor":7.0,"key":"Red Skull"},{"floor":9.0,"key":"Pantograph"},{"floor":11.0,"key":"War Paint"},{"floor":23.0,"key":"Bottled Lightning"},{"floor":24.0,"key":"Ornamental Fan"},{"floor":26.0,"key":"Torii"},{"floor":28.0,"key":"Whetstone"}],"event_choices":[{"damage_healed":0.0,"max_hp_gain":0.0,"max_hp_loss":0.0,"gold_gain":0.0,"event_name":"Lab","player_choice":"Got Potions","floor":2.0,"gold_loss":0.0,"damage_taken":0.0},{"damage_healed":0.0,"max_hp_gain":0.0,"max_hp_loss":0.0,"gold_gain":0.0,"event_name":"Shining Light","player_choice":"Entered Light","floor":8.0,"gold_loss":0.0,"damage_taken":23.0,"cards_upgraded":["Strike_R","Defend_R"]},{"damage_healed":0.0,"max_hp_gain":0.0,"max_hp_loss":7.0,"gold_gain":0.0,"event_name":"Golden Idol","player_choice":"Lose Max HP","floor":12.0,"gold_loss":0.0,"damage_taken":0.0,"relics_obtained":["Golden Idol"]},{"damage_healed":0.0,"max_hp_gain":0.0,"max_hp_loss":22.0,"gold_gain":0.0,"event_name":"Vampires","player_choice":"Became a vampire","floor":19.0,"gold_loss":0.0,"damage_taken":0.0,"cards_obtained":["Bite","Bite","Bite","Bite","Bite"]},{"damage_healed":0.0,"max_hp_gain":0.0,"max_hp_loss":0.0,"gold_gain":0.0,"event_name":"Back to Basics","player_choice":"Simplicity","floor":30.0,"gold_loss":0.0,"damage_taken":0.0,"cards_upgraded":["Defend_R","Defend_R"]}],"is_beta":false,"boss_relics":[{"not_picked":["Snecko Eye","Black Star"],"picked":"Velvet Choker"}],"items_purged_floors":[14],"is_endless":false,"potions_floor_spawned":[1,13,16,23,28],"killed_by":"Automaton","ascension_level":15}