{"gold_per_floor":[116,127,127,1,13,40,40,40,40,80,105,105,143,16,16,112,112,133,122,138,13,52,96,96,111,111,134,134,167,90,124,124,124],"floor_reached":33,"playtime":2597,"items_purged":["Strike_R","Strike_R","Injury"],"score":640,"play_id":"88954c88-7172-4223-badf-b7bf91d00e36","local_time":"20190331173610","is_ascension_mode":true,"campfire_choices":[{"data":"Bash","floor":8.0,"key":"SMITH"},{"floor":12.0,"key":"REST"},{"data":"Clothesline","floor":15.0,"key":"SMITH"},{"data":"Flame Barrier","floor":24.0,"key":"SMITH"},{"floor":28.0,"key":"REST"},{"floor":32.0,"key":"REST"}],"neow_cost":"NONE","seed_source_timestamp":9149210354102,"circlet_count":0,"master_deck":["AscendersBane","Strike_R","Strike_R","Strike_R","Defend_R","Defend_R","Defend_R","Defend_R","Bash+1","Twin Strike","Clothesline+1","Shrug It Off","Inflame","Offering","Spot Weakness","Shrug It Off","Limit Break","Sword Boomerang+1","Flame Barrier+1","Intimidate"],"special_seed":0,"relics":["Burning Blood","Centennial Puzzle","Oddly Smooth Stone","Golden Idol","Bottled Lightning","Omamori","Red Skull","Calling Bell","Strawberry","Singing Bowl","Torii","Red Mask","Unceasing Top","Darkstone Periapt","Gremlin Horn","Bottled Tornado"],"potions_floor_usage":[],"damage_taken":[{"damage":2.0,"enemies":"2 Louse","floor":1.0,"turns":4.0},{"damage":1.0,"enemies":"Cultist","floor":2.0,"turns":3.0},{"damage":7.0,"enemies":"Jaw Worm","floor":5.0,"turns":3.0},{"damage":28.0,"enemies":"Gremlin Nob","floor":6.0,"turns":4.0},{"damage":49.0,"enemies":"3 Sentries","floor":10.0,"turns":10.0},{"damage":7.0,"enemies":"Exordium Wildlife","floor":11.0,"turns":4.0},{"damage":14.0,"enemies":"Gremlin Nob","floor":13.0,"turns":3.0},{"damage":6.0,"enemies":"Hexaghost","floor":16.0,"turns":9.0},{"damage":19.0,"enemies":"Chosen","floor":18.0,"turns":7.0},{"damage":24.0,"enemies":"2 Thieves","floor":19.0,"turns":5.0},{"damage":9.0,"enemies":"Centurion and Healer","floor":20.0,"turns":8.0},{"damage":6.0,"enemies":"Masked Bandits","floor":22.0,"turns":2.0},{"damage":9.0,"enemies":"Book of Stabbing","floor":23.0,"turns":5.0},{"damage":24.0,"enemies":"Sentry and Sphere","floor":25.0,"turns":6.0},{"damage":7.0,"enemies":"Snake Plant","floor":27.0,"turns":2.0},{"damage":43.0,"enemies":"Slavers","floor":29.0,"turns":9.0},{"damage":23.0,"enemies":"Gremlin Leader","floor":31.0,"turns":4.0},{"damage":47,"enemies":"Collector","floor":33,"turns":7}],"seed_played":"6455586439356481842","potions_obtained":[{"floor":2.0,"key":"Fruit Juice"},{"floor":5.0,"key":"Explosive Potion"},{"floor":13.0,"key":"Weak Potion"},{"floor":20.0,"key":"Swift Potion"},{"floor":22.0,"key":"Swift Potion"},{"floor":27.0,"key":"GamblersBrew"},{"floor":29.0,"key":"EssenceOfSteel"}],"is_trial":false,"path_per_floor":["M","M","?","$","M","E","?","R","T","E","M","R","E","$","R","B",null,"M","M","M","$","?","E","R","M","T","M","R","E","$","E","R","B"],"character_chosen":"IRONCLAD","items_purchased":["Explosive Potion","Shrug It Off","BloodPotion"],"campfire_rested":3,"item_purchase_floors":[4,14,30],"current_hp_per_floor":[76,85,85,85,84,62,62,62,62,19,18,41,33,33,33,33,75,64,48,45,45,45,42,42,26,26,27,55,20,20,14,43,0],"gold":124,"neow_bonus":"RANDOM_COMMON_RELIC","is_prod":false,"is_daily":false,"chose_seed":false,"campfire_upgraded":3,"win_rate":0,"timestamp":1554071770,"path_taken":["M","M","?","$","?","E","?","R","T","E","M","R","E","?","R","BOSS","M","M","M","$","?","E","R","M","T","M","R","E","$","E","R","BOSS"],"build_version":"2019-01-23","purchased_purges":3,"victory":false,"max_hp_per_floor":[80,85,85,85,85,85,79,79,79,79,79,79,79,79,79,79,86,88,90,90,90,90,90,90,92,92,94,94,96,96,98,98,98],"card_choices":[{"not_picked":["Perfected Strike","Sword Boomerang"],"picked":"Twin Strike","floor":1.0},{"not_picked":["Perfected Strike","Headbutt"],"picked":"Clothesline","floor":2.0},{"not_picked":["Rupture","Clash"],"picked":"Shrug It Off","floor":5.0},{"not_picked":["Infernal Blade","Armaments"],"picked":"Inflame","floor":6.0},{"not_picked":["Evolve","Sword Boomerang"],"picked":"Offering","floor":10.0},{"not_picked":["Iron Wave","Flex","Twin Strike"],"picked":"SKIP","floor":11.0},{"not_picked":["Brutality","Perfected Strike"],"picked":"Spot Weakness","floor":13.0},{"not_picked":["Feed","Berserk"],"picked":"Limit Break","floor":16.0},{"not_picked":["Searing Blow","Twin Strike","Entrench"],"picked":"Singing Bowl","floor":18.0},{"not_picked":["Flex","Cleave","Warcry"],"picked":"Singing Bowl","floor":19.0},{"not_picked":["Offering","Inflame"],"picked":"Sword Boomerang+1","floor":20.0},{"not_picked":["Evolve","Clothesline"],"picked":"Flame Barrier","floor":22.0},{"not_picked":["Carnage","Headbutt"],"picked":"Intimidate","floor":23.0},{"not_picked":["Headbutt","Twin Strike","Cleave"],"picked":"Singing Bowl","floor":25.0},{"not_picked":["Power Through","Body Slam","Clash"],"picked":"Singing Bowl","floor":27.0},{"not_picked":["Exhume","Headbutt","Sever Soul"],"picked":"Singing Bowl","floor":29.0},{"not_picked":["Pommel Strike","Perfected Strike","Spot Weakness"],"picked":"Singing Bowl","floor":31.0}],"player_experience":663098,"relics_obtained":[{"floor":6.0,"key":"Oddly Smooth Stone"},{"floor":9.0,"key":"Bottled Lightning"},{"floor":10.0,"key":"Omamori"},{"floor":13.0,"key":"Red Skull"},{"floor":17.0,"key":"Strawberry"},{"floor":17.0,"key":"Singing Bowl"},{"floor":17.0,"key":"Torii"},{"floor":22.0,"key":"Red Mask"},{"floor":23.0,"key":"Unceasing Top"},{"floor":26.0,"key":"Darkstone Periapt"},{"floor":29.0,"key":"Gremlin Horn"},{"floor":31.0,"key":"Bottled Tornado"}],"event_choices":[{"damage_healed":0.0,"max_hp_gain":0.0,"max_hp_loss":0.0,"gold_gain":0.0,"event_name":"The Woman in Blue","player_choice":"Bought 0 Potions","floor":3.0,"gold_loss":0.0,"damage_taken":0.0},{"damage_healed":0.0,"max_hp_gain":0.0,"max_hp_loss":6.0,"gold_gain":0.0,"event_name":"Golden Idol","player_choice":"Lose Max HP","floor":7.0,"gold_loss":0.0,"damage_taken":0.0,"relics_obtained":["Golden Idol"]},{"damage_healed":0.0,"max_hp_gain":0.0,"max_hp_loss":0.0,"gold_gain":0.0,"event_name":"Masked Bandits","player_choice":"Fought Bandits","floor":22.0,"gold_loss":0.0,"damage_taken":0.0}],"is_beta":false,"boss_relics":[{"not_picked":["Tiny House","White Beast Statue"],"picked":"Calling Bell"}],"items_purged_floors":[4,14,21],"is_endless":false,"potions_floor_spawned":[2,5,13,20,22,27,29],"killed_by":"Collector","ascension_level":13}