{"path_per_floor":["M","M","?","?","$","R","M","M","T","M","E","?","R","M","R","B",null,"M","M","$","M","M"],"character_chosen":"DEFECT","items_purchased":["Conserve Battery","Deep Breath"],"gold_per_floor":[117,137,137,137,8,8,21,33,57,73,99,99,99,99,99,229,267,283,302,108,123,139,139],"floor_reached":23,"campfire_rested":0,"playtime":1918,"item_purchase_floors":[5,20],"current_hp_per_floor":[81,81,81,81,81,81,82,82,82,79,70,50,50,52,52,11,87,72,60,60,22,19,0],"items_purged":["Strike_B","Strike_B"],"gold":139,"score":195,"play_id":"78dcf624-33d2-4116-bdef-2e87e4c01581","local_time":"20180530185600","is_prod":false,"is_daily":false,"chose_seed":false,"is_ascension_mode":false,"campfire_upgraded":3,"win_rate":0,"timestamp":1527724560,"campfire_choices":[{"data":"Zap","floor":6,"key":"SMITH"},{"data":"Scrape","floor":13,"key":"SMITH"},{"data":"Go for the Eyes","floor":15,"key":"SMITH"}],"path_taken":["M","M","?","?","?","R","M","M","T","?","E","?","R","M","R","BOSS","M","M","$","M","M","E"],"build_version":"2018-05-30","seed_source_timestamp":10774345694525,"purchased_purges":2,"victory":false,"master_deck":["Strike_B","Strike_B","Defend_B","Defend_B","Defend_B","Defend_B","Zap+1","Dualcast","Barrage","Cold Snap+1","Conserve Battery","Auto Shields","Rebound","Go for the Eyes+1","Scrape+1","Creative AI","Gash","Deep Breath","Turbo"],"max_hp_per_floor":[82,82,82,82,82,82,82,82,82,82,82,82,82,82,82,82,87,87,87,87,87,87,87],"relics":["Cracked Core","Strawberry","Blood Vial","Ancient Tea Set","Dodecahedron","Golden Idol","Tiny House"],"card_choices":[{"not_picked":["Heatsinks","Loop"],"picked":"Barrage","floor":1},{"not_picked":["Gash","Heatsinks"],"picked":"Cold Snap","floor":2},{"not_picked":["Turbo","Go for the Eyes"],"picked":"Auto Shields","floor":7},{"not_picked":["Blizzard","Barrage"],"picked":"Rebound","floor":8},{"not_picked":["Darkness","Recycle"],"picked":"Go for the Eyes","floor":10},{"not_picked":["Chaos","Capacitor"],"picked":"Scrape","floor":11},{"not_picked":["Rainbow","Core Surge"],"picked":"Creative AI","floor":16},{"not_picked":["Steam","Stack"],"picked":"Gash","floor":17},{"not_picked":["Hologram+1","Rebound","Compile Driver"],"picked":"SKIP","floor":18},{"not_picked":["Force Field","Heatsinks","Leap"],"picked":"SKIP","floor":19},{"not_picked":["Chaos","Redo","Core Surge"],"picked":"SKIP","floor":21},{"not_picked":["Streamline","Cold Snap"],"picked":"Turbo","floor":22}],"player_experience":39567,"potions_floor_usage":[8,11,14,18,22,23,23],"damage_taken":[{"damage":1,"enemies":"Jaw Worm","floor":1,"turns":4},{"damage":0,"enemies":"Small Slimes","floor":2,"turns":3},{"damage":0,"enemies":"Cultist","floor":7,"turns":3},{"damage":0,"enemies":"Exordium Wildlife","floor":8,"turns":4},{"damage":3,"enemies":"Red Slaver","floor":10,"turns":3},{"damage":11,"enemies":"Lagavulin","floor":11,"turns":8},{"damage":0,"enemies":"Blue Slaver","floor":14,"turns":1},{"damage":43,"enemies":"Slime Boss","floor":16,"turns":14},{"damage":24,"enemies":"Chosen","floor":18,"turns":6},{"damage":14,"enemies":"3 Byrds","floor":19,"turns":5},{"damage":40,"enemies":"Centurion and Healer","floor":21,"turns":10},{"damage":5,"enemies":"Sentry and Sphere","floor":22,"turns":5},{"damage":26,"enemies":"Slavers","floor":23,"turns":2}],"relics_obtained":[{"floor":9,"key":"Ancient Tea Set"},{"floor":11,"key":"Dodecahedron"}],"event_choices":[{"event_name":"Big Fish","player_choice":"Box","floor":3,"damage_taken":0},{"event_name":"Fountain of Cleansing","player_choice":"Removed Curse","floor":4,"damage_taken":0},{"event_name":"Golden Idol","player_choice":"Take Damage","floor":12,"damage_taken":0}],"boss_relics":[{"not_picked":["Ectoplasm","Inserter"],"picked":"Tiny House"}],"items_purged_floors":[5,20],"potions_floor_spawned":[1,10,11,14,16,18,21],"seed_played":"-8407888972400536072","killed_by":"Slavers","ascension_level":0,"potions_obtained":[{"floor":1,"key":"SpeedPotion"},{"floor":10,"key":"Weak Potion"},{"floor":11,"key":"SmokeBomb"},{"floor":16,"key":"FocusPotion"},{"floor":17,"key":"Regen Potion"},{"floor":18,"key":"Strength Potion"},{"floor":21,"key":"FearPotion"}],"is_trial":false}