{"gold_per_floor":[114,129,61,76,91,91,121,121,121,140,159,9,28,47,47,172,172,191,210,229,229,73,111,111,149,174,299,318,337,375,394,394,519,519,538,557,58,77,77,115,115,153,153,172,172,210,229,248,248,248],"floor_reached":51,"playtime":3854,"items_purged":[],"score":1030,"play_id":"a551dc09-9e74-4cc5-ad2e-7b49e0b785c1","local_time":"20181004004239","daily_mods":["Shiny","Vintage","Elite Swarm"],"is_ascension_mode":false,"campfire_choices":[{"floor":6,"key":"REST"},{"floor":15,"key":"REST"},{"floor":24,"key":"REST"},{"floor":32,"key":"REST"},{"floor":45,"key":"REST"},{"floor":49,"key":"REST"}],"neow_cost":"","seed_source_timestamp":0,"circlet_count":0,"master_deck":["Multi-Cast","Hyperbeam","Thunder Strike+1","Biased Cognition","Machine Learning","Electrodynamics+1","Buffer","Rainbow","Seek","Meteor Strike+1","Echo Form","All For One","Reboot","Amplify","Creative AI","Fission","Core Surge","Hello World","Echo Form","Injury","Electrodynamics","Mind Blast+1","Zap+1","Coolheaded+1","Thunder Strike+1","Buffer","Lockon+1","Amplify+1","Conserve Battery+1","Heatsinks+1","Hologram+1","Creative AI+1","Chill+1"],"special_seed":17807,"relics":["Cracked Core","Shuriken","Ancient Tea Set","Boot","Pocketwatch","Nunchaku","Golden Idol","Toxic Egg 2","Happy Flower","Lantern","Orichalcum","Dead Branch","Bag of Marbles","Molten Egg 2","Fusion Hammer","DataDisk","The Courier","Strawberry","Anchor","Mummified Hand","Bronze Scales","Oddly Smooth Stone","Mango","Symbiotic Virus","Question Card","Singing Bowl","Whetstone","Pantograph","Meat on the Bone","Runic Dome","Cables","Pear","Frozen Egg 2","Pen Nib","Matryoshka","Bottled Flame","Kunai","Letter Opener","PreservedInsect","Omamori","StoneCalendar","Dream Catcher","Smiling Mask"],"potions_floor_usage":[50,50,50],"damage_taken":[{"damage":11,"enemies":"Jaw Worm","floor":1,"turns":3},{"damage":5,"enemies":"Small Slimes","floor":2,"turns":3},{"damage":0,"enemies":"Cultist","floor":4,"turns":3},{"damage":17,"enemies":"Gremlin Gang","floor":5,"turns":2},{"damage":9,"enemies":"3 Sentries","floor":7,"turns":2},{"damage":24,"enemies":"Blue Slaver","floor":10,"turns":4},{"damage":0,"enemies":"Lots of Slimes","floor":11,"turns":1},{"damage":0,"enemies":"Exordium Thugs","floor":13,"turns":2},{"damage":13,"enemies":"Exordium Wildlife","floor":14,"turns":4},{"damage":5,"enemies":"The Guardian","floor":16,"turns":7},{"damage":10,"enemies":"Shell Parasite","floor":18,"turns":4},{"damage":6,"enemies":"3 Byrds","floor":19,"turns":3},{"damage":4,"enemies":"Sentry and Sphere","floor":20,"turns":3},{"damage":25,"enemies":"Gremlin Leader","floor":23,"turns":6},{"damage":0,"enemies":"Slavers","floor":25,"turns":2},{"damage":0,"enemies":"Colosseum Slavers","floor":27,"turns":2},{"damage":0,"enemies":"Colosseum Nobs","floor":27,"turns":2},{"damage":0,"enemies":"Shelled Parasite and Fungi","floor":28,"turns":3},{"damage":0,"enemies":"3 Cultists","floor":29,"turns":2},{"damage":6,"enemies":"Book of Stabbing","floor":30,"turns":3},{"damage":0,"enemies":"Centurion and Healer","floor":31,"turns":2},{"damage":0,"enemies":"Champ","floor":33,"turns":4},{"damage":0,"enemies":"3 Shapes","floor":35,"turns":2},{"damage":0,"enemies":"Orb Walker","floor":36,"turns":1},{"damage":0,"enemies":"Spire Growth","floor":38,"turns":1},{"damage":0,"enemies":"2 Orb Walkers","floor":40,"turns":3},{"damage":8,"enemies":"Nemesis","floor":42,"turns":2},{"damage":0,"enemies":"Sphere and 2 Shapes","floor":44,"turns":2},{"damage":0,"enemies":"2 Orb Walkers","floor":46,"turns":1},{"damage":0,"enemies":"Transient","floor":47,"turns":5},{"damage":0,"enemies":"Maw","floor":48,"turns":3},{"damage":30,"enemies":"Awakened One","floor":50,"turns":7}],"seed_played":"1004265033689775607","potions_obtained":[{"floor":5,"key":"SpeedPotion"},{"floor":10,"key":"EssenceOfSteel"},{"floor":11,"key":"FearPotion"},{"floor":35,"key":"LiquidBronze"}],"is_trial":false,"path_per_floor":["M","M","$","M","M","R","E","?","T","M","M","$","M","M","R","B",null,"M","M","M","?","$","E","R","E","T","?","M","M","E","M","R","B",null,"M","M","$","M","?","E","$","E","T","M","R","E","M","M","R","B"],"character_chosen":"DEFECT","items_purchased":["Hello World","Orichalcum","Coolheaded+1","Anchor","Conserve Battery+1","Frozen Egg 2","Pen Nib","Heatsinks+1","Hologram+1","Poison Potion"],"campfire_rested":6,"item_purchase_floors":[3,12,22,22,37,37,37,37,37,37],"current_hp_per_floor":[64,59,59,59,42,64,55,55,55,31,31,31,31,18,40,35,75,65,59,62,62,62,37,61,61,61,75,75,75,71,71,98,98,98,98,108,108,108,108,108,108,102,102,102,110,112,112,112,112,82],"gold":248,"neow_bonus":"","is_prod":false,"is_daily":true,"chose_seed":false,"campfire_upgraded":0,"win_rate":0,"timestamp":1538606559,"path_taken":["M","M","$","M","M","R","E","?","T","?","?","$","M","M","R","BOSS","M","M","M","?","$","E","R","E","T","?","M","M","E","M","R","BOSS","M","M","$","M","?","E","$","E","T","M","R","E","M","M","R","BOSS"],"build_version":"2018-09-27","purchased_purges":0,"victory":true,"max_hp_per_floor":[75,75,75,75,75,75,75,75,75,75,75,75,75,75,75,75,75,75,75,82,82,82,82,82,82,82,96,96,96,98,98,98,98,98,98,108,108,108,108,108,108,110,110,110,110,112,112,112,112,112],"card_choices":[{"not_picked":["Fission","Electrodynamics"],"picked":"Echo Form","floor":7},{"not_picked":["Meteor Strike","Buffer"],"picked":"Electrodynamics","floor":16},{"not_picked":["Hyperbeam+1","Reboot+1"],"picked":"Thunder Strike+1","floor":23},{"not_picked":["Machine Learning","Reboot+1"],"picked":"Buffer","floor":25},{"not_picked":["Beam Cell+1","Streamline+1"],"picked":"Lockon+1","floor":27},{"not_picked":["Fission+1","Core Surge+1","All For One+1","Creative AI"],"picked":"Singing Bowl","floor":30},{"not_picked":["Core Surge+1","Seek+1","Fission+1"],"picked":"Amplify+1","floor":33},{"not_picked":["Biased Cognition+1","Amplify+1","Multi-Cast+1"],"picked":"Creative AI+1","floor":40},{"not_picked":["Creative AI+1","Reboot+1","Multi-Cast+1","Fission+1"],"picked":"Singing Bowl","floor":42},{"not_picked":["Rainbow+1","Hyperbeam+1","Thunder Strike+1","Core Surge+1"],"picked":"Singing Bowl","floor":46},{"not_picked":["Leap+1","Darkness+1","Sweeping Beam+1"],"picked":"Chill+1","floor":49}],"player_experience":111082,"relics_obtained":[{"floor":1,"key":"Shuriken"},{"floor":2,"key":"Ancient Tea Set"},{"floor":4,"key":"Boot"},{"floor":5,"key":"Pocketwatch"},{"floor":7,"key":"Nunchaku"},{"floor":9,"key":"Toxic Egg 2"},{"floor":10,"key":"Happy Flower"},{"floor":11,"key":"Lantern"},{"floor":13,"key":"Dead Branch"},{"floor":14,"key":"Bag of Marbles"},{"floor":16,"key":"Molten Egg 2"},{"floor":18,"key":"DataDisk"},{"floor":19,"key":"The Courier"},{"floor":20,"key":"Strawberry"},{"floor":23,"key":"Mummified Hand"},{"floor":25,"key":"Bronze Scales"},{"floor":26,"key":"Oddly Smooth Stone"},{"floor":27,"key":"Mango"},{"floor":27,"key":"Symbiotic Virus"},{"floor":28,"key":"Question Card"},{"floor":29,"key":"Singing Bowl"},{"floor":30,"key":"Whetstone"},{"floor":31,"key":"Pantograph"},{"floor":33,"key":"Meat on the Bone"},{"floor":35,"key":"Cables"},{"floor":36,"key":"Pear"},{"floor":38,"key":"Matryoshka"},{"floor":40,"key":"Bottled Flame"},{"floor":42,"key":"Kunai"},{"floor":43,"key":"Letter Opener"},{"floor":43,"key":"PreservedInsect"},{"floor":44,"key":"Omamori"},{"floor":46,"key":"StoneCalendar"},{"floor":47,"key":"Dream Catcher"},{"floor":48,"key":"Smiling Mask"}],"event_choices":[{"event_name":"Golden Idol","player_choice":"Take Wound","floor":8,"damage_taken":0},{"event_name":"Match and Keep!","player_choice":"2 cards matched","floor":21,"damage_taken":0},{"event_name":"Colosseum","player_choice":"Fight","floor":27,"damage_taken":0},{"event_name":"Colosseum","player_choice":"Fought Nobs","floor":27,"damage_taken":0},{"event_name":"Upgrade Shrine","player_choice":"Upgraded","floor":39,"damage_taken":0}],"is_beta":false,"boss_relics":[{"not_picked":["Lizard Tail","Calling Bell"],"picked":"Fusion Hammer"},{"not_picked":["Pandora\u0027s Box","Black Star"],"picked":"Runic Dome"}],"items_purged_floors":[],"is_endless":false,"potions_floor_spawned":[5,10,11,14,18,25,27,29,31,33,35,40,44,47,48],"ascension_level":0}