{"gold_per_floor":[116,169,15,15,26,26,60,12,61,8,36,36,56,84,84,159,159,159],"floor_reached":18,"playtime":1231,"items_purged":["Strike_B"],"score":342,"play_id":"7babc51d-ad51-4a60-be38-5346162d3a10","local_time":"20190219122207","is_ascension_mode":true,"campfire_choices":[{"data":"Zap","floor":6.0,"key":"SMITH"},{"data":"Dualcast","floor":12,"key":"SMITH"},{"data":"Beam Cell","floor":15,"key":"SMITH"}],"neow_cost":"NONE","seed_source_timestamp":50613447006414,"circlet_count":0,"master_deck":["AscendersBane","Strike_B","Strike_B","Strike_B","Defend_B","Defend_B","Defend_B","Defend_B","Zap+1","Dualcast+1","Scrape","Glacier","Sweeping Beam","Gash","Go for the Eyes","Conserve Battery","BootSequence","Beam Cell+1","Compile Driver","Echo Form"],"special_seed":0,"relics":["Sozu","Potion Belt","Juzu Bracelet","Oddly Smooth Stone","The Courier","Omamori","Philosopher\u0027s Stone"],"potions_floor_usage":[],"damage_taken":[{"damage":1.0,"enemies":"Cultist","floor":1.0,"turns":4.0},{"damage":0.0,"enemies":"Small Slimes","floor":5.0,"turns":5.0},{"damage":7,"enemies":"3 Sentries","floor":7,"turns":10},{"damage":3,"enemies":"Gremlin Nob","floor":11,"turns":5},{"damage":0,"enemies":"Jaw Worm","floor":13,"turns":4},{"damage":0,"enemies":"3 Sentries","floor":14,"turns":8},{"damage":39,"enemies":"Hexaghost","floor":16,"turns":14},{"damage":0,"enemies":"3 Byrds","floor":18,"turns":1}],"seed_played":"-1182521294139221172","potions_obtained":[],"is_trial":false,"path_per_floor":["M","T","$","?","M","R","E","$","T","$","E","R","M","E","R","B",null,"M"],"character_chosen":"DEFECT","items_purchased":["Glacier","Go for the Eyes","Conserve Battery"],"campfire_rested":0,"item_purchase_floors":[3,8,10],"current_hp_per_floor":[63,63,63,63,63,63,56,56,56,56,53,53,53,53,53,14,57,57],"gold":159,"neow_bonus":"BOSS_RELIC","is_prod":false,"is_daily":false,"chose_seed":false,"campfire_upgraded":3,"win_rate":0,"timestamp":1550575327,"path_taken":["M","?","$","?","M","R","E","?","T","$","E","R","M","E","R","BOSS","M"],"build_version":"2019-01-23","purchased_purges":1,"victory":false,"max_hp_per_floor":[71,71,71,71,71,71,71,71,71,71,71,71,71,71,71,71,71,71],"card_choices":[{"not_picked":["Chill","Barrage"],"picked":"Scrape","floor":1.0},{"not_picked":["Leap","Storm"],"picked":"Sweeping Beam","floor":5.0},{"not_picked":["Self Repair","Capacitor"],"picked":"Gash","floor":7},{"not_picked":["Redo","Coolheaded"],"picked":"BootSequence","floor":11},{"not_picked":["Defragment","Storm"],"picked":"Beam Cell","floor":13},{"not_picked":["Barrage","Thunder Strike"],"picked":"Compile Driver","floor":14},{"not_picked":["Creative AI","Multi-Cast"],"picked":"Echo Form","floor":16}],"player_experience":386182,"relics_obtained":[{"floor":2.0,"key":"Potion Belt"},{"floor":7,"key":"Juzu Bracelet"},{"floor":9,"key":"Oddly Smooth Stone"},{"floor":11,"key":"The Courier"},{"floor":14,"key":"Omamori"}],"event_choices":[{"damage_healed":0.0,"max_hp_gain":0.0,"max_hp_loss":0.0,"gold_gain":0.0,"event_name":"Liars Game","player_choice":"Ignored","floor":4.0,"gold_loss":0.0,"damage_taken":0.0}],"is_beta":false,"boss_relics":[{"not_picked":["Fusion Hammer","Inserter"],"picked":"Philosopher\u0027s Stone"}],"items_purged_floors":[3],"is_endless":false,"potions_floor_spawned":[1,13,14,16],"killed_by":"3 Byrds","ascension_level":14}