{"path_per_floor":["M","$","?","?","?","E","R","E","T","R","E","M","M","E","R","B",null,"M","M","$","M","$","R","?","E","T","R","?","E","M","M","R"],"character_chosen":"THE_SILENT","items_purchased":["Noxious Fumes"],"gold_per_floor":[110,35,35,35,35,73,73,106,106,106,139,157,171,202,202,328,328,347,361,191,211,86,86,86,119,119,119,64,100,116,134,134,134],"floor_reached":33,"campfire_rested":5,"playtime":2247,"current_hp_per_floor":[70,70,53,53,46,14,35,22,22,43,32,32,32,16,37,49,77,77,42,42,35,35,58,58,39,39,39,39,32,24,26,49,0],"items_purged":["Strike_G","Normality","Strike_G"],"gold":134,"score":327,"play_id":"95b38fbe-fd00-4000-b1cb-aa3321a87bb8","local_time":"20180407031639","is_prod":false,"is_daily":false,"is_ascension_mode":true,"campfire_upgraded":1,"timestamp":1523096199,"path_taken":["M","$","?","?","?","E","R","E","T","R","E","M","M","E","R","BOSS","M","?","$","M","$","R","?","E","T","R","?","E","M","M","R","BOSS"],"build_version":"2018-04-05v2","purchased_purges":4,"victory":false,"master_deck":["Defend_G","Defend_G","Defend_G","Defend_G","Defend_G+1","Strike_G","Strike_G","Survivor","Neutralize","Bouncing Flask+1","Bullet Time","Bouncing Flask","Crippling Poison+1","Deadly Poison","Corpse Explosion+1","Catalyst","Escape Plan+1","Noxious Fumes+1","Bane+1","Poisoned Stab"],"max_hp_per_floor":[70,70,70,70,70,70,70,70,70,70,70,70,70,70,70,70,77,77,77,77,77,77,77,77,77,77,77,77,77,77,77,77,77],"relics":["Ring of the Snake","Omamori","Golden Idol","Toolbox","Sundial","Frozen Egg 2","Thread and Needle","Matryoshka","Question Card","Calling Bell","Strawberry","Letter Opener","Bird Faced Urn","Mummified Hand","Bag of Preparation","Whetstone","Tiny Chest","War Paint"],"card_choices":[{"not_picked":["Slice","Deadly Poison"],"picked":"Bouncing Flask","floor":1},{"not_picked":["Caltrops","Acrobatics"],"picked":"Bouncing Flask","floor":6},{"not_picked":["Deadly Poison","Acrobatics"],"picked":"Crippling Poison","floor":11},{"not_picked":["Slice","Dagger Spray"],"picked":"Deadly Poison","floor":12},{"not_picked":["After Image","Storm of Steel","Doppelganger"],"picked":"Corpse Explosion","floor":16},{"not_picked":["Deflect","Eviscerate","Poisoned Stab"],"picked":"Catalyst","floor":18},{"not_picked":["Caltrops","Distraction","Outmaneuver"],"picked":"Escape Plan","floor":19},{"not_picked":["Calculated Gamble","Cloak And Dagger","Eviscerate"],"picked":"Bane","floor":21},{"not_picked":["Flying Knee","Acrobatics","Underhanded Strike"],"picked":"Poisoned Stab","floor":30}],"player_experience":234439,"potions_floor_usage":[8,14,16,33,33],"damage_taken":[{"damage":0,"enemies":"2 Louse","floor":1,"turns":3},{"damage":32,"enemies":"Gremlin Nob","floor":6,"turns":5},{"damage":13,"enemies":"Lagavulin","floor":8,"turns":4},{"damage":11,"enemies":"3 Sentries","floor":11,"turns":9},{"damage":0,"enemies":"Small Slimes","floor":12,"turns":2},{"damage":0,"enemies":"Jaw Worm","floor":13,"turns":3},{"damage":16,"enemies":"Gremlin Nob","floor":14,"turns":5},{"damage":3,"enemies":"Hexaghost","floor":16,"turns":10},{"damage":0,"enemies":"Shell Parasite","floor":18,"turns":5},{"damage":35,"enemies":"3 Byrds","floor":19,"turns":5},{"damage":9,"enemies":"Centurion and Healer","floor":21,"turns":4},{"damage":21,"enemies":"Slavers","floor":25,"turns":6},{"damage":9,"enemies":"Book of Stabbing","floor":29,"turns":5},{"damage":10,"enemies":"Snecko","floor":30,"turns":3},{"damage":2,"enemies":"Chosen and Byrds","floor":31,"turns":3},{"damage":58,"enemies":"Automaton","floor":33,"turns":6}],"event_choices":[{"event_name":"Golden Idol","player_choice":"Take Damage","floor":3,"damage_taken":0},{"event_name":"Transmorgrifier","player_choice":"Transform","floor":4,"damage_taken":0},{"event_name":"Scrap Ooze","player_choice":"success","floor":5,"damage_taken":7},{"event_name":"Drug Dealer","player_choice":"Ignored","floor":24,"damage_taken":0},{"event_name":"Addict","player_choice":"Obtained Relic","floor":28,"damage_taken":0}],"boss_relics":[{"not_picked":["Orrery","Astrolabe"],"picked":"Calling Bell"}],"potions_floor_spawned":[6,12,13,18,30],"seed_played":"32032459843513407","killed_by":"Automaton","ascension_level":1,"is_trial":false}