{"gold_per_floor":[115,115,125,136,147,147,180,180,180,211,16,32,32,32,32,134,134,144,159,31,31,43,43,70,89,112,37,65,45,57,57,57,154,154,169,169,179,195,445,445,496,508,508,522,537,30,45,45,45,45],"floor_reached":51,"playtime":3697,"items_purged":["Strike_B","Regret"],"score":1002,"play_id":"28076d75-cf19-4a10-a446-a4e9dd15b069","local_time":"20180728212401","is_ascension_mode":true,"campfire_choices":[{"data":"Zap","floor":6.0,"key":"SMITH"},{"floor":8.0,"key":"REST"},{"floor":13.0,"key":"REST"},{"floor":15.0,"key":"REST"},{"floor":23.0,"key":"REST"},{"floor":32.0,"key":"REST"},{"floor":40.0,"key":"REST"},{"floor":49,"key":"REST"}],"neow_cost":"","seed_source_timestamp":0,"circlet_count":0,"master_deck":["Strike_B+1","Strike_B+1","Defend_B+1","Defend_B","Defend_B","Zap+1","Dualcast","Leap","Defragment","Steam+1","Genetic Algorithm","Chill+1","Apotheosis+1","Double Energy+1","Electrodynamics","Coolheaded+1","Coolheaded+1","Cold Snap","Cold Snap","Darkness+1","White Noise+1","Fission+1","Stack+1","Zap+1","Thunder Strike","Coolheaded+1","Coolheaded+1","Defragment+1","Blizzard","Static Discharge","Steam+1","Go for the Eyes+1"],"special_seed":0,"relics":["Cracked Core","War Paint","Toxic Egg 2","Peace Pipe","Busted Crown","Mummified Hand","Anchor","Dodecahedron","Sozu","Emotion Chip","Turnip","Singing Bowl"],"potions_floor_usage":[50,50,50],"damage_taken":[{"damage":0.0,"enemies":"Cultist","floor":1.0,"turns":3.0},{"damage":3.0,"enemies":"Jaw Worm","floor":3.0,"turns":3.0},{"damage":7.0,"enemies":"Small Slimes","floor":4.0,"turns":5.0},{"damage":12.0,"enemies":"Exordium Thugs","floor":5.0,"turns":7.0},{"damage":17.0,"enemies":"Gremlin Nob","floor":7.0,"turns":5.0},{"damage":21.0,"enemies":"3 Sentries","floor":10.0,"turns":8.0},{"damage":2.0,"enemies":"Looter","floor":12.0,"turns":4.0},{"damage":18.0,"enemies":"The Guardian","floor":16.0,"turns":10.0},{"damage":0.0,"enemies":"Chosen","floor":18.0,"turns":4.0},{"damage":1.0,"enemies":"Spheric Guardian","floor":19.0,"turns":4.0},{"damage":0.0,"enemies":"Centurion and Healer","floor":22.0,"turns":7.0},{"damage":10.0,"enemies":"Book of Stabbing","floor":24.0,"turns":8.0},{"damage":19.0,"enemies":"Snake Plant","floor":25.0,"turns":4.0},{"damage":0.0,"enemies":"Gremlin Leader","floor":28.0,"turns":11.0},{"damage":0.0,"enemies":"Cultist and Chosen","floor":30.0,"turns":6.0},{"damage":37.0,"enemies":"Champ","floor":33.0,"turns":16.0},{"damage":0.0,"enemies":"Orb Walker","floor":35.0,"turns":5.0},{"damage":19.0,"enemies":"Flame Bruiser 1 Orb","floor":37.0,"turns":6.0},{"damage":17.0,"enemies":"3 Darklings","floor":38.0,"turns":5.0},{"damage":0.0,"floor":41.0,"turns":5.0},{"damage":22.0,"enemies":"Transient","floor":42.0,"turns":5.0},{"damage":1.0,"enemies":"Sphere and 2 Shapes","floor":44.0,"turns":5.0},{"damage":16,"enemies":"Maw","floor":45,"turns":9},{"damage":1,"enemies":"Spire Growth","floor":47,"turns":5},{"damage":37,"enemies":"Donu and Deca","floor":50,"turns":7}],"seed_played":"6323681712733388298","potions_obtained":[{"floor":3.0,"key":"FocusPotion"},{"floor":4.0,"key":"PowerPotion"},{"floor":10.0,"key":"PowerPotion"},{"floor":24.0,"key":"Strength Potion"},{"floor":25.0,"key":"Block Potion"},{"floor":28.0,"key":"Dexterity Potion"},{"floor":29.0,"key":"Explosive Potion"},{"floor":33.0,"key":"EssenceOfSteel"}],"is_trial":false,"path_per_floor":["M","?","M","M","M","R","E","R","T","E","$","M","R","?","R","B",null,"M","M","$","?","M","R","E","M","T","?","E","?","M","?","R","B",null,"M","?","M","M","?","R","?","M","T","M","M","$","M","?","R","B"],"character_chosen":"DEFECT","items_purchased":["Apotheosis+1","Coolheaded+1","Blizzard","Static Discharge","Singing Bowl","Steam+1"],"campfire_rested":7,"item_purchase_floors":[11,20,46,46,46,46],"current_hp_per_floor":[68,61,58,51,39,39,22,44,44,23,23,21,43,28,50,32,64,64,63,63,49,49,73,63,44,44,44,44,44,44,44,68,31,68,68,68,49,32,32,56,56,34,34,33,24,24,23,23,47,10],"gold":45,"neow_bonus":"","is_prod":false,"is_daily":false,"chose_seed":false,"campfire_upgraded":1,"win_rate":0,"timestamp":1532838241,"path_taken":["M","?","M","M","M","R","E","R","T","E","$","M","R","?","R","BOSS","M","M","$","?","M","R","E","M","T","?","E","?","?","?","R","BOSS","M","?","?","M","?","R","?","M","T","M","M","$","M","?","R","BOSS"],"build_version":"2018-07-26","purchased_purges":2,"victory":true,"max_hp_per_floor":[75,75,75,75,75,75,75,75,75,75,75,75,75,75,75,75,75,75,75,75,80,80,80,80,80,80,80,80,80,80,80,80,80,80,80,80,80,80,80,80,80,80,80,80,80,80,80,80,80,80],"card_choices":[{"not_picked":["Turbo","Skim"],"picked":"Leap","floor":1.0},{"not_picked":["Chaos","Sweeping Beam"],"picked":"Defragment","floor":3.0},{"not_picked":["Fusion","Gash"],"picked":"Steam","floor":4.0},{"not_picked":["Redo","Skim"],"picked":"Genetic Algorithm","floor":5.0},{"not_picked":["Steam","Melter","Compile Driver"],"picked":"SKIP","floor":7.0},{"not_picked":["Thunder Strike","Stack+1"],"picked":"Chill+1","floor":10.0},{"not_picked":["Defragment","Recycle+1"],"picked":"Double Energy+1","floor":12.0},{"not_picked":["Hyperbeam","Creative AI"],"picked":"Electrodynamics","floor":16.0},{"not_picked":["Sweeping Beam"],"picked":"SKIP","floor":18.0},{"not_picked":[],"picked":"Coolheaded+1","floor":19.0},{"not_picked":["Self Repair"],"picked":"SKIP","floor":22.0},{"not_picked":[],"picked":"Cold Snap","floor":24.0},{"not_picked":[],"picked":"Cold Snap","floor":25.0},{"not_picked":[],"picked":"Darkness+1","floor":28.0},{"not_picked":[],"picked":"White Noise+1","floor":30.0},{"not_picked":[],"picked":"Fission+1","floor":33.0},{"not_picked":[],"picked":"Stack+1","floor":35.0},{"not_picked":[],"picked":"Coolheaded+1","floor":37.0},{"not_picked":[],"picked":"Coolheaded+1","floor":38.0},{"not_picked":[],"picked":"Defragment+1","floor":42.0},{"not_picked":["Lockon"],"picked":"SKIP","floor":44.0},{"not_picked":["Hologram+1"],"picked":"SKIP","floor":45},{"not_picked":[],"picked":"Go for the Eyes+1","floor":47}],"player_experience":694423,"relics_obtained":[{"floor":7.0,"key":"War Paint"},{"floor":9.0,"key":"Toxic Egg 2"},{"floor":10.0,"key":"Peace Pipe"},{"floor":24.0,"key":"Mummified Hand"},{"floor":26.0,"key":"Anchor"},{"floor":28.0,"key":"Dodecahedron"},{"floor":41.0,"key":"Emotion Chip"},{"floor":43.0,"key":"Turnip"}],"event_choices":[{"event_name":"Golden Wing","player_choice":"Card Removal","floor":2.0,"damage_taken":0.0},{"event_name":"Shining Light","player_choice":"Entered Light","floor":14.0,"damage_taken":0.0},{"event_name":"Forgotten Altar","player_choice":"Shed Blood","floor":21.0,"damage_taken":0.0},{"event_name":"Beggar","player_choice":"Gave Gold","floor":27.0,"damage_taken":0.0},{"event_name":"The Woman in Blue","player_choice":"Bought 1 Potion","floor":29.0,"damage_taken":0.0},{"event_name":"Vampires","player_choice":"Ignored","floor":31.0,"damage_taken":0.0},{"event_name":"Match and Keep!","player_choice":"2 cards matched","floor":36.0,"damage_taken":0.0},{"event_name":"Golden Shrine","player_choice":"Desecrate","floor":39.0,"damage_taken":0.0},{"event_name":"Mysterious Sphere","player_choice":"Fight","floor":41.0,"damage_taken":0.0},{"event_name":"The Lab","player_choice":"Got Potions","floor":48,"damage_taken":0}],"is_beta":false,"boss_relics":[{"not_picked":["Orrery","Coffee Dripper"],"picked":"Busted Crown"},{"not_picked":["Inserter","Snecko Eye"],"picked":"Sozu"}],"items_purged_floors":[20,46],"is_endless":false,"potions_floor_spawned":[3,4,10,24,25,28,33,35,37,45,47],"ascension_level":9}