{"gold_per_floor":[112,112,37,37,52,52,86,107,154,178,193,193,193,228,228,356,356,376,376,326,342,342,369,369,401,401,100,114,114,133,162,162,267,267,279,154,0,24,43,73,73,100,100,117,117,117,129,144,144,144,144,144,30,55,55],"floor_reached":55,"playtime":3110,"items_purged":["Defend_B","Strike_B","Strike_B"],"score":952,"play_id":"eaf90f61-21d4-48ae-b3da-14ebd8997b8f","local_time":"20190421225129","is_ascension_mode":true,"campfire_choices":[{"data":"Zap","floor":6.0,"key":"SMITH"},{"floor":13.0,"key":"REST"},{"data":"Defragment","floor":15.0,"key":"SMITH"},{"data":"Storm","floor":24,"key":"SMITH"},{"data":"Buffer","floor":29,"key":"SMITH"},{"data":"Machine Learning","floor":32,"key":"SMITH"},{"floor":41,"key":"REST"},{"floor":49,"key":"RECALL"},{"data":"Creative AI","floor":52,"key":"SMITH"}],"neow_cost":"NONE","seed_source_timestamp":0,"circlet_count":0,"master_deck":["Defend_B","Defend_B","Zap+1","Dualcast","Glacier","Machine Learning+1","Defragment+1","Storm+1","Buffer+1","Cold Snap","Chill","Creative AI+1","Conserve Battery+1","Coolheaded+1","Skim","Defragment+1","Storm+1","Echo Form","Defragment","Defragment+1"],"special_seed":0,"relics":["Cracked Core","Bloody Idol","Happy Flower","Regal Pillow","Cables","Nuclear Battery","Mercury Hourglass","Art of War","Symbiotic Virus","Anchor","StoneCalendar","Inserter","Red Mask","Blood Vial","The Courier","Question Card","Gremlin Horn","Bottled Tornado"],"potions_floor_usage":[33,50,50,54],"damage_taken":[{"damage":2.0,"enemies":"Jaw Worm","floor":1.0,"turns":4.0},{"damage":0.0,"enemies":"Small Slimes","floor":5.0,"turns":3.0},{"damage":14.0,"enemies":"3 Sentries","floor":7.0,"turns":11.0},{"damage":1.0,"enemies":"Cultist","floor":8.0,"turns":3.0},{"damage":4.0,"enemies":"2 Fungi Beasts","floor":10.0,"turns":3.0},{"damage":13.0,"enemies":"Large Slime","floor":11.0,"turns":6.0},{"damage":10.0,"enemies":"Gremlin Nob","floor":14.0,"turns":5.0},{"damage":18.0,"enemies":"Hexaghost","floor":16.0,"turns":12.0},{"damage":0.0,"enemies":"Spheric Guardian","floor":18.0,"turns":4.0},{"damage":22,"enemies":"2 Thieves","floor":21,"turns":5},{"damage":11,"enemies":"Book of Stabbing","floor":23,"turns":6},{"damage":28,"enemies":"Slavers","floor":25,"turns":4},{"damage":6,"enemies":"Centurion and Healer","floor":28,"turns":5},{"damage":0,"enemies":"Shelled Parasite and Fungi","floor":30,"turns":4},{"damage":0,"enemies":"Book of Stabbing","floor":31,"turns":5},{"damage":0,"enemies":"Automaton","floor":33,"turns":13},{"damage":22,"enemies":"Orb Walker","floor":35,"turns":3},{"damage":18,"enemies":"3 Darklings","floor":39,"turns":5},{"damage":49,"enemies":"Reptomancer","floor":40,"turns":5},{"damage":0,"enemies":"Nemesis","floor":42,"turns":7},{"damage":25,"enemies":"Jaw Worm Horde","floor":44,"turns":5},{"damage":4,"enemies":"Sphere and 2 Shapes","floor":47,"turns":3},{"damage":13,"enemies":"Spire Growth","floor":48,"turns":4},{"damage":20,"enemies":"Awakened One","floor":50,"turns":12},{"damage":32,"enemies":"Shield and Spear","floor":54,"turns":5},{"damage":62,"enemies":"The Heart","floor":55,"turns":2}],"seed_played":"-5765350018645304749","potions_obtained":[{"floor":7.0,"key":"SkillPotion"},{"floor":8.0,"key":"PowerPotion"},{"floor":10.0,"key":"FearPotion"},{"floor":11.0,"key":"Energy Potion"},{"floor":18,"key":"FearPotion"},{"floor":25,"key":"Fire Potion"},{"floor":33,"key":"SkillPotion"}],"is_trial":false,"path_per_floor":["M","?","$","?","M","R","E","M","T","M","M","?","R","E","R","B",null,"M","?","?","M","T","E","R","E","T","$","M","R","M","E","R","B",null,"M","$","?","T","M","E","R","E","T","M","$","?","M","M","R","B",null,"R","$","E","B"],"character_chosen":"DEFECT","items_purchased":["Cold Snap","Anchor","Echo Form","Defragment"],"campfire_rested":2,"item_purchase_floors":[27,27,53,53],"current_hp_per_floor":[73,55,55,55,55,55,41,40,40,36,23,16,53,43,43,25,75,75,75,75,63,63,57,57,34,34,34,33,33,38,43,43,48,75,58,58,58,63,52,10,47,54,54,36,36,36,39,33,33,15,75,75,75,48,0],"gold":55,"neow_bonus":"REMOVE_CARD","is_prod":false,"is_daily":false,"chose_seed":false,"campfire_upgraded":6,"win_rate":0,"timestamp":1555901489,"path_taken":["M","?","$","?","M","R","E","?","T","M","M","?","R","E","R","BOSS","M","?","?","?","?","E","R","E","T","$","M","R","M","E","R","BOSS","M","$","?","?","M","E","R","E","T","?","$","?","?","M","R","BOSS","R","$","E","BOSS"],"build_version":"2019-01-23","purchased_purges":3,"victory":false,"max_hp_per_floor":[75,75,75,75,75,75,75,75,75,75,75,75,75,75,75,75,75,75,75,75,75,75,75,75,75,75,75,75,75,75,75,75,75,75,75,75,75,75,75,75,75,75,75,75,75,75,75,75,75,75,75,75,75,75,75],"card_choices":[{"not_picked":["Conserve Battery","Ball Lightning","Coolheaded"],"picked":"SKIP","floor":1.0},{"not_picked":["Leap","Steam"],"picked":"Glacier","floor":5.0},{"not_picked":["Force Field","Compile Driver"],"picked":"Machine Learning","floor":7.0},{"not_picked":["Barrage","Redo"],"picked":"Defragment","floor":8.0},{"not_picked":["Sweeping Beam","Undo","Streamline"],"picked":"SKIP","floor":10.0},{"not_picked":["Hologram","Rebound","Aggregate"],"picked":"SKIP","floor":11.0},{"not_picked":["Undo","Leap"],"picked":"Storm","floor":14.0},{"not_picked":["Machine Learning","Reboot"],"picked":"Buffer","floor":16.0},{"not_picked":["Leap","Lockon","Turbo"],"picked":"SKIP","floor":18},{"not_picked":["Streamline+1","Recycle+1","Sweeping Beam+1"],"picked":"SKIP","floor":21},{"not_picked":["Hello World","Gash","Compile Driver+1"],"picked":"SKIP","floor":23},{"not_picked":["Gash","Fusion","Hologram"],"picked":"SKIP","floor":25},{"not_picked":["Steam","Gash"],"picked":"Chill","floor":28},{"not_picked":["White Noise","Rip and Tear+1","Turbo"],"picked":"SKIP","floor":30},{"not_picked":["Steam","Recycle","Rebound"],"picked":"SKIP","floor":31},{"not_picked":["Electrodynamics","Buffer"],"picked":"Creative AI","floor":33},{"not_picked":["Compile Driver+1","Cold Snap+1","Gash"],"picked":"SKIP","floor":35},{"not_picked":["Sunder+1","Reprogram"],"picked":"Conserve Battery+1","floor":39},{"not_picked":["Conserve Battery","Rebound"],"picked":"Coolheaded+1","floor":40},{"not_picked":["Doom and Gloom","Streamline+1"],"picked":"Skim","floor":42},{"not_picked":["Skim","Coolheaded+1","Rainbow","Turbo+1"],"picked":"SKIP","floor":44},{"not_picked":["Aggregate","Cold Snap","Lockon+1"],"picked":"Storm+1","floor":47},{"not_picked":["Sweeping Beam+1","Compile Driver","Sunder","Hologram"],"picked":"SKIP","floor":48},{"not_picked":["Rainbow","Auto Shields","Heatsinks"],"picked":"Defragment+1","floor":54}],"player_experience":80889,"relics_obtained":[{"floor":7.0,"key":"Happy Flower"},{"floor":9.0,"key":"Regal Pillow"},{"floor":14.0,"key":"Cables"},{"floor":22,"key":"Mercury Hourglass"},{"floor":23,"key":"Art of War"},{"floor":25,"key":"Symbiotic Virus"},{"floor":31,"key":"StoneCalendar"},{"floor":38,"key":"Blood Vial"},{"floor":40,"key":"The Courier"},{"floor":42,"key":"Question Card"},{"floor":43,"key":"Gremlin Horn"},{"floor":54,"key":"Bottled Tornado"}],"event_choices":[{"damage_healed":0.0,"max_hp_gain":0.0,"max_hp_loss":0.0,"gold_gain":0.0,"event_name":"Golden Idol","player_choice":"Take Damage","floor":2.0,"gold_loss":0.0,"damage_taken":18.0,"relics_obtained":["Golden Idol"]},{"cards_removed":["Defend_B"],"damage_healed":0.0,"max_hp_gain":0.0,"max_hp_loss":0.0,"gold_gain":0.0,"event_name":"Bonfire Elementals","player_choice":"Offered Basic","floor":4.0,"gold_loss":0.0,"damage_taken":0.0},{"cards_removed":["Strike_B"],"damage_healed":0.0,"max_hp_gain":0.0,"max_hp_loss":0.0,"gold_gain":0.0,"event_name":"Golden Wing","player_choice":"Card Removal","floor":12.0,"gold_loss":0.0,"damage_taken":7.0},{"damage_healed":0,"gold_gain":0,"player_choice":"Gave Idol","damage_taken":0,"relics_obtained":["Bloody Idol"],"max_hp_gain":0,"max_hp_loss":0,"event_name":"Forgotten Altar","floor":19,"relics_lost":["Golden Idol"],"gold_loss":0},{"damage_healed":0,"gold_gain":0,"player_choice":"Bet on Murderer","damage_taken":0,"max_hp_gain":0,"max_hp_loss":0,"event_name":"The Joust","floor":20,"gold_loss":50},{"damage_healed":0,"gold_gain":0,"player_choice":"Paid","damage_taken":0,"relics_obtained":["Red Mask"],"max_hp_gain":0,"max_hp_loss":0,"event_name":"Tomb of Lord Red Mask","floor":37,"gold_loss":154},{"damage_healed":0,"gold_gain":0,"player_choice":"Copied","damage_taken":0,"max_hp_gain":0,"max_hp_loss":0,"event_name":"Duplicator","floor":46,"gold_loss":0,"cards_obtained":["Defragment"]}],"is_beta":false,"boss_relics":[{"not_picked":["Busted Crown","Tiny House"],"picked":"Nuclear Battery"},{"not_picked":["White Beast Statue","Empty Cage"],"picked":"Inserter"}],"items_purged_floors":[3,27,36],"is_endless":false,"potions_floor_spawned":[7,8,10,11,18,25,31,33,39,47,48],"killed_by":"The Heart","ascension_level":2}